3308 5534
459 418 572 495 Kepleri
588 418 838 519 bleramnstndia
855 426 884 479 et
901 418 1034 481 docmina.
1364 422 1429 495 997

67 600 213 678 rnorlbns,
236 600 276 664 ob
298 616 373 679 qnos
395 604 426 662 in
448 602 549 678 aliquo
571 618 661 662 censu
684 608 738 675 est,
762 602 928 678 cujusmodi
951 609 1020 663 sunt
1042 604 1187 683 probitas,
1211 605 1324 683 religio,
1346 604 1430 683 tides,

71 690 225 767 bonseias,
249 690 405 767 elegantia.
453 689 605 749 Laudatus
628 696 674 749 est
696 690 735 749 ob
757 689 885 750 indolem
914 692 1022 751 bonum
1046 695 1075 751 in
1099 694 1224 771 pueritia
1247 711 1265 753 a
1287 711 1431 774 praecep-

67 779 203 852 toribus,
234 779 370 855 quamvis
392 786 454 837 tum
477 781 670 854 pessimorum
693 784 772 837 essct
793 794 907 837 morum
935 781 1011 838 inter
1038 781 1189 856 aequales.
1234 781 1347 841 Adulta
1366 782 1429 858 Jam
1452 774 1456 783 '

67 866 230 943 Jnrentnte
254 866 421 945 opinionem
445 865 535 924 babet
557 866 685 942 pletatis,
707 864 925 938 moderationis,
949 866 1120 940 industriae,
1144 866 1181 926 ob
1198 885 1286 944 qnam
1309 870 1379 929 boni
1402 871 1432 929 ei

67 954 183 1015 tarent.
228 954 281 1013 Est
311 953 361 1012 ilie
391 951 510 1030 quidem
539 968 590 1029 per
620 968 652 1011 se
682 952 837 1029 religiosus
868 952 907 1012 ud
937 956 1173 1032 superstitionem
1204 972 1306 1032 usque.
1351 956 1431 1016 Puer

70 1038 176 1101 decem
189 1057 340 1115 annorum,
364 1056 429 1100 cnm
445 1042 570 1119 primum
585 1038 780 1115 logere'sacru
797 1041 903 1117 potnit,
927 1042 1093 1120 exemplum
1109 1040 1217 1101 Jacobi
1233 1052 1263 1103 ct
1276 1042 1431 1104 Rebeccae

68 1128 133 1189 sibl
154 1130 184 1186 ln
206 1127 334 1188 ineundo
357 1128 495 1203 conjugio
518 1129 680 1205 proposuit,
703 1126 777 1203 legis
799 1136 956 1205 praecepta
978 1146 1096 1188 serrare
1120 1129 1223 1202 voluit,
1247 1129 1349 1205 doluit,
1372 1131 1432 1191 sibi

69 1215 114 1277 ob
132 1215 196 1292 jnm
218 1214 378 1275 admissam
400 1217 480 1274 ritae
501 1216 698 1293 impuritatem
719 1224 859 1291 negatum
882 1232 945 1275 esse
968 1215 1139 1295 prophetiae
1161 1216 1311 1277 honorem.
1357 1217 1432 1278 Cnrn

69 1301 147 1381 quid
169 1302 286 1363 sceleris
308 1303 445 1380 patrarit,
469 1304 636 1379 expiatione
659 1308 738 1361 certa
759 1317 832 1361 usus
855 1311 909 1375 est,
932 1320 992 1378 qua
1012 1306 1067 1363 rite
1082 1303 1286 1364 administrata
1309 1303 1432 1364 credidit

70 1406 108 1451 se
129 1392 233 1469 poeuis
256 1392 357 1464 eximi3
383 1398 445 1449 erat
466 1398 565 1449 autem
588 1387 771 1465 quarundam
797 1392 969 1449 concionum
993 1393 1151 1452 recitatio·
1174 1391 1281 1452 Preces
1309 1409 1432 1471 resper-

74 1480 158 1539 tlnss
179 1480 205 1537 si
227 1486 316 1538 noctu
340 1494 443 1537 somno
466 1486 642 1555 praeventus
665 1477 827 1549 omisisset,
851 1493 937 1536 mane
960 1495 1025 1536 cum
1048 1480 1200 1537 matutinis
1223 1480 1432 1556 conjungebat.

72 1566 105 1625 A
127 1564 194 1625 Deo
215 1568 343 1625 maxima
366 1574 395 1625 et
417 1567 529 1643 optima
556 1580 692 1640 quaeque
722 1571 821 1642 petere
844 1565 983 1635 instituit,
1015 1568 1057 1624 uti
1088 1566 1242 1644 temporali
1264 1584 1297 1626 sc
1319 1568 1432 1626 anxilio

71 1652 270 1731 patefaceret,
301 1669 360 1728 qno
391 1659 541 1711 aeternum
568 1650 710 1710 auxilium
739 1650 856 1711 credere
885 1654 987 1728 possit.
1033 1652 1079 1711 De
1106 1653 1248 1729 religione
1275 1654 1379 1732 cupide
1402 1656 1433 1715 in

69 1738 185 1816 vulgus
207 1740 332 1800 disserit.
362 1738 438 1799 Tum
461 1746 560 1798 autem
583 1740 699 1797 virtutis
721 1737 954 1798 studiosissimus
977 1746 1035 1809 cst,
1058 1741 1159 1816 itaque
1182 1742 1244 1800 vita
1266 1742 1330 1817 ejus
1353 1748 1435 1802 caret

71 1828 243 1903 insignibus
266 1825 398 1900 maculis,
422 1827 478 1885 nisi
493 1842 571 1903 qnae
587 1842 623 1885 cx
646 1826 689 1884 ira
703 1831 733 1885 et
754 1824 884 1899 lascivis,
909 1828 1009 1902 itaque
1024 1826 1247 1887 inconsideratis
1267 1829 1343 1905 jocis
1361 1846 1433 1905 pro-

70 1916 214 1988 veniunt,
238 1918 309 1991 qula
330 1913 383 1972 illa
405 1912 503 1973 adbuc
524 1920 648 1986 regnant
669 1911 749 1992 apud
772 1914 877 1991 ipsum.
923 1912 1015 1972 Senes
1039 1922 1118 1973 amat
1140 1922 1170 1974 et
1192 1914 1275 1988 colit,
1306 1919 1433 1993 gratitu-

71 2000 176 2063 dinem
198 2003 298 2061 serbis
320 2010 350 2061 et
373 2018 460 2079 opere
483 2008 598 2061 exercet
626 2007 716 2077 atquc
745 2002 834 2059 etlam
862 2008 999 2063 ostentat.
1044 2000 1257 2062 Moderationis
1280 2002 1432 2063 studiosus

68 2098 136 2163 est,
167 2092 237 2165 qnia
260 2106 365 2148 causas
395 2105 491 2148 rorum
514 2087 671 2163 diligenter
699 2086 847 2164 expendit.
892 2087 967 2147 Nam
990 2088 1070 2164 quod
1092 2106 1151 2147 non
1179 2090 1300 2167 probat,
1330 2091 1373 2149 ibi
1402 2097 1432 2150 et

68 2180 140 2257 ipse
163 2193 244 2236 arma
267 2183 375 2254 crepat.
420 2176 465 2234 Ex
489 2192 524 2234 eo
547 2174 589 2247 fit,
614 2182 646 2233 ut
668 2191 705 2235 ne
721 2175 817 2234 Deum
841 2174 962 2251 quidem
984 2178 1131 2236 existimet
1152 2177 1325 2254 simpliciter
1346 2177 1433 2237 dam-

65 2271 211 2324 naturum
234 2272 337 2340 gentes
360 2262 477 2322 Christo
500 2278 558 2321 non
581 2261 741 2335 credontes,
764 2280 799 2322 cx
823 2279 858 2322 eo
882 2280 985 2340 pacem
1009 2265 1084 2324 inter
1108 2263 1291 2325 Lutheranos
1315 2272 1344 2324 et
1360 2263 1432 2324 cat-

67 2353 202 2412 vinistas
224 2350 345 2423 suadet,
375 2367 444 2426 erga
467 2350 603 2426 l’apistas
633 2366 745 2425 aequus
776 2358 821 2409 eet
843 2359 874 2410 et
896 2354 1077 2426 nequitatem
1102 2367 1167 2411 earn
1191 2352 1328 2411 omnibus
1351 2368 1434 2412 com·

64 2438 204 2501 tendat.
220 2472 262 2483 -
278 2436 363 2498 Unde
386 2436 465 2497 ieta?
488 2434 573 2497 Unde
587 2438 644 2495 uisi
659 2454 695 2497 err
710 2436 790 2497 dore
813 2445 842 2497 et
858 2438 973 2498 Venere
997 2456 1062 2499 cum
1078 2437 1147 2498 Sole
1167 2441 1306 2499 connexis
1315 2438 1350 2499 11ι
1375 2446 1433 2501 etc.
1551 2486 1554 2491 -

180 2526 258 2586 Huic
280 2524 401 2603 Kepleri
428 2523 541 2600 judicio
574 2524 611 2585 do
635 2526 753 2601 ingenio
775 2541 831 2585 sno
855 2534 884 2585 et
906 2527 1037 2586 moribus
1067 2525 1257 2603 adjungenda
1286 2535 1331 2587 est
1360 2543 1434 2591 con·

64 2614 165 2675 fessio
194 2616 286 2690 ipsius
308 2630 366 2671 non
391 2611 584 2688 astrologica,
612 2611 664 2671 sed
696 2610 784 2688 plane
813 2613 954 2672 naturalis
986 2621 1015 2673 et
1044 2615 1173 2688 sincera,
1207 2630 1297 2690 quam
1328 2621 1434 2691 postea

63 2706 168 2780 (anno
194 2704 293 2775 1619)
325 2698 361 2759 ad
392 2700 579 2759 vincentium
604 2698 745 2758 blancum
777 2702 908 2777 scripsit:
942 2700 1028 2775 ,Non
1060 2703 1158 2760 omnia
1185 2717 1342 2779 possumus
1366 2718 1433 2761 orn-

62 2804 135 2851 nes.
179 2788 283 2864 Neque
306 2804 362 2862 ego
386 2785 516 2847 ordinem
540 2794 638 2845 tencre
660 2802 798 2862 possum:
828 2794 1072 2865 extemporaneas
1095 2806 1160 2847 sum
1183 2806 1269 2869 ego,
1283 2788 1431 2865 consuens,

61 2880 95 2939 sl
121 2875 195 2953 qnid
218 2874 383 2935 ordinatum
408 2893 426 2933 a
448 2893 496 2935 me
518 2873 721 2950 proficiscitur,
745 2873 843 2934 decies
866 2874 896 2933 id
919 2878 1074 2952 repetitum
1098 2884 1153 2936 cst.
1184 2875 1334 2935 interdurn
1351 2892 1433 2936 error

61 2960 181 3027 enlcnli
204 2981 240 3023 ex
262 2965 468 3039 properatione
492 2962 665 3020 commissus
687 2959 860 3037 longissimo
883 2970 1014 3039 tempore
1029 2980 1076 3022 me
1099 2972 1269 3023 remoratur.
1307 2964 1432 3024 Possem

60 3068 146 3113 sane
161 3050 274 3109 intinita
289 3049 446 3121 effundere,
470 3064 539 3107 narn
553 3050 608 3107 etsi
624 3048 707 3107 deest
721 3047 819 3122 lectio,
842 3060 975 3126 superest
991 3052 1182 3126 imaginatio,
1205 3059 1237 3110 at
1252 3068 1310 3109 uon
1325 3049 1431 3127 placeo

60 3138 145 3201 mibi
169 3140 199 3195 in
222 3137 408 3197 conlusaneis
431 3137 555 3206 talibus,
587 3134 686 3196 taedet
708 3138 865 3211 pigetque,
896 3154 991 3212 eoque
1019 3137 1067 3196 vel
1090 3139 1199 3214 abjicio
1227 3138 1276 3197 vel
1299 3155 1431 3217 reservo,

62 3228 173 3289 donec
196 3220 365 3297 revideam,
379 3222 409 3282 id
433 3231 477 3282 est
500 3223 593 3282 donec
615 3238 694 3282 nova
717 3223 852 3295 scribam,
876 3223 955 3299 quod
977 3225 1150 3302 plerumque
1175 3226 1216 3284 iit.
1249 3226 1324 3286 Peto
1341 3228 1431 3286 ctiam

58 3332 84 3377 a
109 3313 200 3374 vobis
224 3314 335 3386 amicis,
359 3328 395 3371 no
418 3328 464 3370 mc
487 3317 581 3370 totum
604 3309 748 3370 damnetis
770 3313 799 3368 in
823 3313 978 3388 pistrinum
995 3313 1222 3372 calculationum
1237 3313 1428 3375 mathemati-

58 3418 182 3474 esrnm,
206 3408 321 3476 tempus
345 3398 415 3457 inihi
439 3398 476 3456 sd
499 3397 716 3474 speculationes
739 3397 960 3476 philosophicas
982 3399 1175 3476 indulgeatis,
1200 3400 1322 3461 delicias
1345 3420 1428 3463 meas

59 3492 187 3551 unicas.
231 3488 323 3548 Suum
347 3488 454 3562 cuique
478 3484 644 3561 pulchram:
668 3484 718 3545 alii
741 3484 859 3545 tabulae
881 3493 911 3545 et
933 3489 1056 3547 materis
1077 3490 1245 3565 genesium,
1276 3489 1349 3549 mibi
1371 3490 1427 3549 ilos

59 3578 281 3650 astronomiae,
304 3575 410 3651 politia
432 3582 564 3631 motuum
587 3580 617 3632 et
638 3578 760 3633 ornatus
782 3573 929 3649 placent.“
955 3607 997 3618 —

179 3662 281 3734 Liber,
305 3678 364 3738 quo
389 3661 468 3720 edito
490 3658 637 3735 Keplerns
660 3662 689 3718 in
713 3663 975 3720 astronomicorum
1004 3663 1177 3739 scripturum
1200 3662 1331 3723 ordinem
1353 3662 1429 3737 iniit,

60 3750 304 3815 Prodromus
338 3756 382 3808 est
415 3748 724 3807 dissertationum
759 3749 1177 3824 cosnrographicarum,
1213 3752 1429 3810 continens

61 3840 309 3919 Hysterinm
333 3834 695 3910 cosmographicum.
741 3834 835 3911 Cujus
864 3834 931 3894 libri
955 3836 1145 3895 Maestlinum
1172 3838 1345 3912 magistrum
1365 3837 1429 3913 J'am

58 3942 164 4005 snpra
185 3925 295 3985 dictum
318 3931 364 3983 est
378 3923 509 3999 aliquam
526 3921 666 3982 babuisse
681 3929 803 3997 partem,
827 3921 1011 4000 eundemque
1027 3922 1149 3983 editioni
1167 3923 1276 3983 codicis
1291 3942 1310 3983 a
1325 3923 1429 3984 Gratio

62 4016 110 4080 ad
135 4029 204 4073 enm
226 4012 307 4071 missi
332 4012 511 4087 praetutese,
534 4011 650 4068 serratui
673 4007 856 4085 'lubiugensi
879 4010 986 4069 librum
1010 4010 1231 4071 commendasse
1254 4019 1283 4071 et
1306 4014 1432 4073 tironem

60 4100 255 4185 praelatione
271 4116 325 4158 sna
341 4096 584 4156 commendaticia
600 4095 637 4156 ad
653 4095 755 4155 doctos
772 4095 976 4157 introduxisse.
1007 4098 1105 4174 Hujus
1121 4107 1219 4158 autern
1235 4097 1301 4157 libri
1317 4098 1433 4159 Maest-

61 4194 152 4253 llnns
175 4190 218 4248 lta
240 4182 338 4247 socias
363 4193 425 4245 erat
448 4191 476 4243 et
499 4185 654 4261 particeps,
678 4189 710 4242 nt
733 4200 871 4244 numeros
894 4204 928 4244 cr
952 4185 1114 4263 Copemico
1138 4192 1168 4246 ct
1183 4185 1308 4246 Tabulis
1323 4187 1433 4247 Prote·

60 4278 149 4341 niele
171 4284 200 4335 et
232 4274 374 4334 conterret
396 4280 426 4332 ct
449 4273 633 4345 restitueret,
663 4272 821 4331 nonnullas
853 4288 972 4348 quoque
999 4274 1109 4349 figuras
1133 4292 1150 4332 a
1172 4272 1302 4349 Kepicro
1333 4276 1430 4334 minus

60 4370 149 4429 bene
172 4362 335 4439 descriptas
358 4362 527 4436 corrigeret,
552 4366 649 4417 cetera
670 4360 764 4435 ipsius
786 4358 908 4435 Kepleri
931 4367 1008 4418 sunt.
1039 4359 1109 4420 Jam
1132 4360 1289 4437 'l'ubingae
1311 4362 1431 4422 adoles·

60 4468 141 4517 aens
164 4452 335 4526 ingeniosus
351 4448 403 4507 illa
419 4446 691 4524 Pythagoraeorum
706 4448 886 4521 cogitatione
903 4445 989 4505 valde
1007 4445 1170 4508 delectatus
1186 4456 1239 4521 est,
1263 4466 1323 4524 qua
1340 4448 1430 4524 hujus

62 4536 176 4603 mnndi
198 4546 228 4597 et
251 4536 321 4596 ordo
347 4544 376 4595 et
399 4535 513 4612 species
535 4535 664 4593 numeris
688 4541 718 4593 et
739 4536 840 4593 iormis
864 4533 1086 4594 describeretur.
1124 4535 1166 4593 Iis
1189 4542 1297 4607 antem,
1322 4552 1398 4609 qnae
1413 4554 1434 4595 a

62 4626 232 4691 Maestlino
256 4623 391 4683 audierat
414 4622 449 4681 de
472 4620 653 4697 Cuperuico,
685 4623 786 4680 statim
809 4624 837 4679 ln
861 4620 1048 4682 adolescente
1079 4625 1208 4682 excitata
1236 4623 1377 4699 cogitatio
1400 4628 1431 4683 et

63 4712 222 4793 cupiditas
245 4720 305 4784 est,
330 4709 492 4770 doctrinam
515 4708 765 4786 Copcmicanam,
794 4726 871 4785 qnae
896 4710 922 4767 ei
946 4711 1044 4768 statim
1070 4713 1156 4770 unice
1180 4727 1249 4771 vcra
1273 4708 1430 4785 videretur,

63 4820 140 4869 mm
164 4800 223 4859 tilis
246 4798 518 4877 Pythagoracomm
543 4796 771 4871 cogitationibus
795 4796 995 4856 connectendi.
1043 4797 1147 4877 „Adeo
1178 4797 1340 4857 delectatus
1362 4814 1429 4857 snm

65 4889 248 4971 copemico,
271 4892 306 4948 nt
327 4902 386 4946 uon
407 4891 523 4946 tantum
536 4883 639 4947 crebro
661 4883 728 4963 ejus
748 4882 859 4963 piacita
881 4886 912 4945 in
934 4884 1065 4965 pbysieis
1087 4884 1336 4967 disputationibus
1357 4902 1431 4949 can·
