3322 5534
152 402 220 474 722
665 403 997 474 ururmmnepua.

152 591 193 647 25
208 582 354 644 Tbaleros
377 583 443 644 luco
462 590 502 644 30
519 585 702 658 florenorum,
727 602 803 662 quos
824 583 893 646 inde
908 586 1088 663 asuperiore
1112 600 1189 645 auno
1212 583 1394 647 Rebeucceio
1411 585 1483 646 debui

151 682 181 735 et
203 674 242 734 D.
266 673 370 751 'l'ycbo
393 673 552 732 eolrcudos
574 680 760 750 susceperat,
788 672 860 732 mibi
890 677 1023 734 remittet.
1068 671 1100 732 Si
1121 675 1249 750 pecunia
1268 673 1351 750 justo
1374 682 1484 752 tempore

149 769 327 835 numeretur,
350 761 509 821 obstrictus
531 779 582 821 ero
604 759 644 820 ad
665 763 813 821 biennium
836 769 978 824 exactum.

256 856 307 911 12.
338 849 512 909 Procurabit
541 851 631 909 etiam
658 848 730 908 mibi
759 851 795 909 D.
819 849 923 927 Tycbo
952 849 1089 910 salarium
1118 848 1198 927 apud
1225 836 1386 910 Gieaarem
1413 867 1483 927 quau

149 938 275 1016 primum
297 938 361 996 lieri
383 940 507 1014 poterit,
531 937 569 998 ds
591 954 650 1015 quo
673 941 827 1014 inpetrato
849 945 878 997 et
899 937 1027 1015 legitime
1048 955 1139 1017 peuao
1161 940 1319 1014 pecuniam
1340 940 1397 1015 ipsi
1415 941 1484 998 resti-

148 1035 239 1101 tuam,
261 1043 353 1103 quam
377 1028 485 1103 quoris
507 1035 638 1103 tempore
661 1024 775 1086 dederit
795 1033 907 1085 mutuo.

252 1125 397 1182 Jessenius
411 1125 465 1194 trel
477 1125 688 1183 Hoffmannusil
701 1125 833 1194 quosdam
845 1125 1074 1196 paragrapbomm
1086 1127 1269 1196 posteriorum
1280 1124 1405 1196 Treboni
1414 1124 1482 1194 legen·

149 1214 200 1270 dos
219 1217 397 1285 proposuisse
420 1215 540 1271 ridetur:
565 1215 615 1269 sub
640 1215 720 1270 finem
744 1214 803 1269 folii
826 1215 894 1271 recti
916 1215 987 1270 enim
1010 1214 1119 1270 ultimae
1143 1215 1260 1284 paginae
1284 1214 1420 1284 adscripta
1435 1222 1482 1267 sunt

149 1302 219 1358 baec
236 1301 329 1357 rerba
347 1303 427 1371 quasi
446 1318 480 1357 ex
499 1318 548 1357 ore
565 1303 719 1373 Turbonis:
738 1301 786 1357 Ad
803 1318 889 1359 unm.
905 1303 933 1359 8.
953 1302 1030 1370 „Non
1043 1311 1085 1359 est
1101 1304 1140 1357 ita
1152 1302 1291 1371 suspicax.
1311 1318 1362 1357 nec
1381 1302 1481 1357 lrlreralia

150 1390 261 1460 ingenia
277 1398 335 1444 tam
354 1391 463 1445 scurilia
479 1392 583 1457 reddit,
607 1408 668 1451 cnm
686 1400 715 1447 et
732 1392 766 1446 ub
784 1390 964 1447 illiberalibus
981 1391 1048 1446 talia
1064 1404 1146 1460 saepe
1168 1389 1292 1460 patiatur
1309 1390 1398 1460 iisque
1414 1388 1480 1445 indul·

153 1485 218 1549 gent
237 1492 269 1533 ac
287 1479 425 1548 patienter
442 1480 541 1534 ierat·

256 1566 308 1620 Ad
327 1583 409 1621 num.
429 1568 454 1622 9.
492 1568 550 1629 ,ile
563 1582 595 1621 eo
608 1567 782 1637 dispiciemus
799 1575 882 1639 prout
895 1583 1010 1639 aequum
1028 1567 1118 1624 luerit.
1148 1568 1277 1638 Aequom
1296 1576 1388 1625 numm
1406 1572 1481 1636 estu

154 1653 284 1724 quicquid
304 1653 354 1708 sub
373 1652 460 1723 ipsius
478 1655 589 1710 nomine
605 1654 705 1724 prodit,
724 1656 785 1725 ipso
803 1657 912 1712 conscio
929 1654 978 1711 fiat
996 1661 1024 1709 et
1046 1655 1223 1725 approbante.
1262 1656 1341 1711 Alias
1358 1668 1481 1727 agnoscere

156 1756 210 1795 non
229 1748 324 1811 potest
343 1750 392 1797 aut
411 1741 573 1809 defendere,
593 1752 622 1799 et
638 1742 717 1798 berc-t
733 1743 774 1798 ulii
790 1744 866 1801 fraus
884 1749 966 1814 atque
983 1743 1094 1814 injuria,
1113 1758 1129 1798 a
1146 1743 1246 1813 quibos
1265 1760 1377 1815 semper
1392 1742 1480 1800 alienis·

151 1828 237 1883 simus
255 1828 319 1882 ini.⁸

252 1915 301 1971 Ad
319 1933 405 1972 num.
426 1920 466 1973 iil.
507 1919 643 1988 .lpsemet
661 1935 723 1975 eum
738 1920 858 1976 Domino
876 1918 1025 1976 Coraducio
1044 1918 1228 1976 commendavi
1246 1926 1275 1976 et
1292 1919 1433 1991 aliquoties
1447 1917 1479 1973 ad·

147 2004 251 2076 monui,
269 2013 301 2060 ut
319 2006 395 2059 illum
413 2005 576 2075 accederet3
594 2024 736 2076 uunquam
753 2008 864 2063 minimo
875 2009 958 2063 uerbo
971 2007 1086 2077 ostendi,
1105 2007 1170 2062 mibi
1182 2008 1321 2079 ingratum
1333 2008 1401 2065 iore.
1427 2005 1478 2061 litu

147 2109 200 2163 ego
220 2093 255 2148 D.
274 2093 455 2149 Garaducium
475 2096 596 2165 suspicio
614 2104 643 2150 et
660 2098 777 2167 ipsemet
792 2098 821 2151 in
839 2097 949 2167 propria
967 2113 1084 2167 persona
1101 2094 1168 2151 talia
1185 2097 1213 2149 iu
1233 2095 1295 2165 ejus
1307 2093 1479 2165 gratianfaoe

147 2196 213 2237 rem.
248 2181 370 2237 Accedat
387 2183 485 2252 igitur,
511 2185 620 2252 quoties
645 2185 756 2253 potierit
774 2186 809 2242 D.
829 2184 995 2240 Coraduoius
1018 2182 1060 2238 uel
1077 2183 1128 2253 ipsi
1146 2183 1258 2239 libuerit
1275 2182 1406 2253 Keplero.
1437 2180 1480 2248 Qu

147 2270 211 2341 plus
229 2268 299 2324 lucri
320 2276 350 2325 ct
371 2271 506 2326 commodi
523 2270 588 2327 inde
605 2271 707 2327 babere
724 2272 857 2343 potuerit,
876 2288 909 2328 eo
927 2272 978 2328 sibi
996 2271 1053 2327 iore
1070 2270 1180 2341 matius.
1209 2271 1247 2326 Et
1266 2284 1318 2340 ego
1336 2286 1387 2341 pro
1403 2266 1481 2324 rinbus

149 2358 344 2427 promovebo.t

254 2445 302 2500 nd
325 2460 408 2500 num.
432 2448 475 2501 ll.
512 2446 592 2500 .Dixi
610 2462 654 2502 me
671 2455 876 2504 numeraturum
893 2446 934 2503 illi
952 2446 1005 2503 200
1026 2443 1143 2500 domnos
1167 2444 1311 2499 aunuatim
1337 2449 1366 2499 et
1389 2438 1479 2510 singulis

149 2536 213 2590 anui
233 2534 433 2604 quadrantibus
452 2534 613 2590 soluturum.
643 2535 704 2591 Hoc
721 2535 879 2606 praestabo.
903 2534 941 2588 Et
958 2532 1128 2588 inchoabitur
1145 2536 1257 2600 tempus
1276 2547 1294 2584 a
1312 2526 1480 2597 discessurjur

149 2638 165 2677 e
184 2622 282 2692 Styria,
302 2623 384 2677 sicuti
403 2624 484 2676 etiam
504 2624 607 2679 addixi.
642 2624 700 2679 Xer
718 2625 847 2694 pecunia,
871 2637 952 2692 quam
971 2620 1009 2674 illi
1028 2621 1130 2674 interea
1147 2633 1181 2673 ex
1200 2634 1262 2673 mea
1281 2618 1416 2688 concessi,
1431 2612 1478 2671 urii

148 2710 247 2767 demum
272 2726 334 2765 esse
359 2710 453 2769 debet.
480 2728 542 2765 cum
566 2726 599 2765 ea
623 2711 684 2780 ipsa
708 2711 743 2766 de
765 2726 849 2766 mosa
870 2711 898 2764 id
921 2707 1029 2763 fecerim
1054 2706 1157 2776 absque
1181 2720 1285 2774 magno
1312 2704 1477 2762 emolumento.

147 2798 330 2854 Particularia
354 2806 446 2852 tamen
465 2814 519 2853 nou
539 2814 665 2857 numero:
690 2812 761 2867 quae
779 2815 797 2855 a
814 2800 931 2854 Caesare
947 2795 987 2850 illi
1011 2796 1155 2864 impetrare
1172 2801 1309 2862 potuero,
1335 2792 1359 2848 si
1377 2802 1480 2872 suunt!

148 2886 221 2941 banc
239 2884 380 2940 aunuatim
399 2894 580 2955 exsuperant,
606 2886 633 2940 iu
652 2886 712 2956 ejus
730 2888 759 2942 id
777 2886 858 2942 cedat
874 2886 992 2954 luorum,
1018 2883 1059 2939 siu
1076 2881 1179 2950 miuus,
1203 2896 1297 2935 meum
1315 2880 1348 2936 tlt
1366 2880 1480 2936 dmum:

151 2974 248 3028 saltem
267 2973 405 3027 biennium
425 2973 560 3029 addicat.h
1522 2956 1524 2973 ¹

254 3060 333 3114 Folio
352 3076 432 3115 rerso
450 3060 572 3128 ejusdem
591 3062 709 3131 papinus
727 3061 864 3131 lieplerus
882 3060 995 3116 ulterius
1014 3059 1081 3113 baec
1099 3055 1235 3126 prioribus
1260 3053 1434 3125 paragraphis
1447 3048 1480 3103 ad·
1522 3068 1524 3105 ι

153 3142 233 3197 didit:
269 3142 544 3213 conditiones,
575 3147 711 3220 quibus
741 3147 953 3225 Maguiiico
984 3143 1138 3201 Domino
1177 3140 1356 3218 Tychoni
1384 3133 1479 3197 Brabr

149 3228 187 3284 in
212 3225 489 3289 astronomicis
513 3248 662 3308 operam
685 3252 796 3292 meam
820 3232 1013 3293 collocare
1035 3244 1191 3306 possum.

261 3325 289 3377 1.
314 3316 461 3393 Quicquid
479 3318 551 3377 mihi
568 3319 603 3376 ll.
620 3320 724 3397 Tyebo
746 3338 843 3382 rerum
865 3320 1121 3380 astronomicarum
1145 3313 1342 3387 mandauerit,
1365 3312 1392 3371 id
1405 3306 1479 3388 quoad

147 3418 201 3477 per
223 3403 423 3464 valetudinem
447 3405 562 3465 licuerit
585 3408 674 3483 (quae
697 3408 769 3468 mibi
792 3409 847 3467 sub
871 3407 970 3483 aliquo
993 3405 1122 3484 principe
1145 3402 1253 3460 domno
1277 3418 1337 3462 non
1361 3400 1412 3475 est)
1430 3396 1480 3455 diii·
1519 3416 1524 3435 ·

149 3499 252 3566 genter
281 3492 446 3568 expediam.
501 3493 625 3570 insuper
654 3513 720 3555 urea
749 3504 855 3573 sponte
881 3497 912 3553 iu
941 3493 1134 3553 astronomiae
1163 3489 1357 3567 'l'ycbonicae
1384 3499 1479 3562 scopu!

148 3594 264 3654 semper
292 3583 422 3638 intentus
454 3598 503 3638 ero
537 3598 631 3657 eoque
662 3583 860 3643 studiosorum
887 3583 979 3659 ipsius
1009 3596 1125 3656 operas,
1153 3594 1206 3635 seu
1234 3578 1359 3637 absente
1388 3591 1419 3635 eo
1442 3586 1479 3629 stt

147 3676 312 3742 praesente,
337 3671 362 3725 si
386 3684 460 3744 opus
484 3678 528 3727 cst
552 3672 594 3727 ita
617 3669 741 3745 dirigam
763 3669 954 3748 proponendo
978 3675 1006 3728 ct
1029 3663 1225 3737 instituendo,
1248 3674 1285 3725 ut
1306 3673 1415 3742 tempus
1433 3660 1479 3719 siut

148 3754 370 3830 impedimento,
397 3758 421 3813 si
446 3755 533 3814 modo
558 3756 658 3829 velint,
684 3758 759 3818 bene
783 3757 927 3818 collocare
949 3772 1063 3832 sempor
1084 3754 1208 3830 possint.

253 3849 281 3901 2.
307 3842 354 3900 Ad
378 3842 600 3902 obseruationes
625 3860 694 3903 vero
718 3863 782 3904 sum
805 3845 905 3905 hebeti
927 3847 1002 3918 risu,
1026 3841 1064 3901 ad
1085 3839 1258 3900 mechanica
1281 3840 1382 3918 inepta
1402 3848 1479 3899 mart,

147 3926 185 3988 ad
208 3932 327 4005 negotia
350 3928 511 3989 domestica
534 3939 563 3989 et
585 3929 707 4007 politica
729 3936 845 3992 curiosa
867 3940 897 3993 et
918 3930 1062 3991 cholerica
1084 3934 1203 4000 natura,
1232 3926 1272 3987 ad
1296 3920 1427 3987 continue
1444 3937 1479 3979 se·

147 4014 274 4075 deudum
296 4018 480 4093 (praesertim
504 4017 579 4077 ultra
598 4019 712 4094 justum
736 4030 764 4079 et
786 4030 896 4079 statum
911 4028 1025 4096 tenipus
1048 4014 1213 4092 epularum)
1231 4014 1350 4074 infirmo
1372 4022 1479 4089 corpori·

147 4106 235 4162 etiam
259 4122 324 4162 cunr
349 4105 488 4164 valetudo
512 4116 637 4165 constat.
668 4108 778 4169 Crebro
802 4109 872 4167 mibi
888 4106 1064 4183 surgendum
1087 4111 1116 4163 ct
1132 4101 1358 4179 ambulandum,
1379 4093 1480 4160 tamir

148 4201 287 4250 constans
309 4194 385 4250 ratio
408 4197 547 4268 temporis
571 4194 608 4252 ad
632 4192 770 4254 diaetam.

254 4286 283 4339 d.
309 4280 407 4356 Aturus
431 4296 497 4339 cum
519 4282 612 4340 multa
635 4281 750 4340 soleant
773 4281 900 4343 incidere
922 4282 1040 4340 fortuita
1056 4278 1255 4338 astronomica
1277 4279 1401 4356 negotia,
1420 4284 1478 4350 unat

150 4379 246 4423 morus
271 4368 413 4444 objiciunt
437 4367 475 4425 ad
498 4384 619 4445 scopum
643 4370 840 4442 tendentibus,
865 4370 901 4431 Ι).
916 4368 1019 4447 Tycbo
1035 4366 1107 4425 milri
1127 4365 1206 4427 liano
1227 4365 1392 4426 libertatem
1403 4357 1478 4439 philt-

152 4451 303 4528 sopbioam
336 4453 499 4530 indulgebit
529 4464 557 4514 et
579 4473 692 4516 mecum
724 4460 866 4534 partietur
887 4455 981 4516 diem:
1015 4462 1046 4514 ut
1068 4455 1093 4513 sl
1115 4453 1216 4532 placet
1245 4450 1479 4515 antemeridiana

152 4544 276 4617 tempus.
300 4558 352 4617 per
375 4541 405 4598 ld
429 4558 516 4618 agam
533 4544 671 4620 quicquid
689 4545 752 4621 ipae
767 4546 996 4623 praescripserit,
1020 4543 1149 4601 viclssiru
1164 4547 1234 4620 post
1247 4542 1478 4602 meridianum

153 4640 261 4700 sequar
276 4630 393 4705 genium
411 4639 448 4702 et,
473 4640 507 4687 ut
528 4630 620 4703 solco,
645 4630 734 4690 libero
759 4635 787 4690 iu
804 4635 934 4692 materiis
948 4630 1125 4709 Tyebonicis
1140 4630 1296 4689 versabor.
1333 4628 1478 4688 lauru

150 4718 209 4770 stet
230 4713 384 4791 Tycboui,
410 4734 456 4776 me
480 4722 593 4793 operari
617 4727 678 4777 turn
702 4721 758 4795 ipsi
785 4736 844 4779 uon
866 4720 953 4795 milri,
981 4726 1099 4796 paratus
1122 4732 1191 4795 ero,
1223 4717 1263 4777 ad
1285 4730 1414 4797 resperas
1431 4708 1477 4769 Μ’

147 4797 232 4875 gulas
254 4804 396 4865 rationem
421 4812 586 4869 transactae
610 4806 667 4866 diei
691 4805 819 4869 reddere.
