3308 5534
707 404 730 461 r.
749 401 949 459 masmana.
1445 386 1510 463 tob

147 578 214 643 bib.
238 580 280 641 V.
302 580 377 646 rtet
400 599 426 645 c.
453 587 504 647 ιιι.
535 584 564 643 ln
587 600 642 647 suu
665 584 831 662 signiticata
860 584 1055 661 distinguitur.
1100 581 1138 642 bt
1160 586 1306 657 qnatenus
1331 572 1449 652 quidem
1471 592 1510 639 ex

151 676 278 747 quanto,
301 679 334 731 nt
355 670 426 746 dlxi,
448 671 580 747 resultat,
603 672 701 751 perid
717 671 966 745 etiamdeiinitur,
988 688 1030 733 so.
1047 669 1090 744 id,
1114 671 1144 729 in
1159 667 1239 746 quod
1254 671 1396 742 quantum
1412 662 1510 738 quod·

150 774 269 833 ennqne
290 755 450 833 dividitur;
471 777 586 838 semper
614 763 692 821 enim
715 760 795 838 qnod
817 778 837 821 a
859 766 986 837 quanto,
1017 766 1163 835 quatenus
1186 764 1344 832 quantum,
1367 751 1506 827 aniertnr,

150 862 218 921 nare
241 843 360 905 dicitur.
406 846 459 906 liat
481 857 580 909 autem
602 847 684 909 aliud
707 850 855 921 terminus,
878 847 959 907 aliud
974 864 1050 923 pure,
1074 852 1105 905 et
1125 861 1183 904 non
1205 850 1275 902 sunt
1295 839 1509 899 baecconinn·

150 930 265 992 dendar
294 932 391 993 lineae
419 942 519 1010 partes
548 946 618 996 ennt
646 934 758 1010 lineae,
790 935 905 997 tormini
935 951 1004 995 vero
1034 940 1152 1011 puncta.
1198 930 1236 990 Et
1257 929 1381 989 termino
1404 926 1510 988 dicitur

152 1017 268 1096 aliquid
291 1018 463 1095 delinitum,
486 1024 688 1095 terminatum,
711 1018 870 1100 insons-ves,
893 1029 1012 1099 propter
1033 1030 1132 1098 partos
1155 1035 1224 1078 varo
1247 1033 1320 1087 non,
1343 1012 1392 1074 vcl
1414 1021 1509 1074 toturn

151 1106 197 1165 vel
226 1124 327 1167 omne.
379 1106 458 1182 Quid
485 1118 583 1169 autern
611 1118 719 1182 totum,
759 1110 831 1187 quid
859 1127 957 1183 omna,
988 1109 1064 1168 libro
1087 1108 1125 1171 V.
1148 1106 1220 1165 liet
1243 1122 1270 1164 c.
1294 1108 1345 1163 ιθ.
1373 1100 1507 1165 babetur.

152 1193 224 1253 ΙΙιιιιι
248 1193 397 1255 interdurn
419 1195 450 1254 id
474 1211 560 1256 ornna
583 1196 697 1271 dicitur,
720 1199 766 1257 cui
790 1197 871 1258 nulla
893 1214 1012 1256 suarum
1035 1198 1162 1277 partium
1186 1193 1277 1264 deest,
1300 1198 1418 1267 propter
1434 1206 1509 1263 quae

151 1282 257 1341 natura
287 1281 400 1357 aliquid
422 1292 515 1343 toturn
538 1284 657 1359 dicitur3
686 1301 763 1361 queo
793 1285 911 1362 quidem
938 1283 1114 1361 significatio
1145 1280 1235 1358 paulo
1261 1280 1399 1338 remotior
1422 1285 1509 1339 esta

153 1370 300 1445 querenti
332 1369 565 1431 consideratione
587 1381 616 1433 et
639 1372 790 1433 referenda
814 1374 842 1431 in
866 1372 1018 1448 qualitatis
1049 1374 1181 1447 quartum
1212 1368 1350 1444 speciem.
1396 1362 1455 1425 Sed
1478 1364 1508 1423 in

153 1464 329 1532 quantorum
351 1473 459 1533 genere
482 1464 575 1518 totum
599 1468 642 1521 est
666 1470 696 1519 et
709 1459 814 1520 dicitur
829 1477 913 1519 omnia
929 1462 1099 1519 continuum
1122 1467 1151 1518 et
1172 1456 1294 1523 linitum,
1317 1455 1508 1512 alestanum

155 1544 222 1619 qnid
245 1560 284 1603 ex
306 1543 409 1604 multis
431 1555 586 1619 constans,
619 1564 695 1623 quae
725 1547 818 1608 multa
847 1548 980 1624 potentia
1009 1550 1108 1606 insunt
1130 1547 1159 1603 in
1183 1560 1218 1603 eo
1242 1540 1290 1603 vel
1317 1542 1406 1601 etiam
1429 1546 1508 1601 actu.

153 1630 225 1690 liam
249 1631 384 1691 totalitas
406 1640 452 1693 est
474 1634 618 1709 quaedam
634 1636 743 1695 unitas.
771 1635 841 1696 Jam
856 1638 945 1711 igitur
960 1644 1110 1710 quantum,
1134 1630 1214 1709 quod
1236 1630 1388 1707 principio,
1411 1625 1508 1686 medio

153 1726 179 1777 et
199 1717 260 1779 fine
282 1718 525 1795 comprehensum
540 1732 594 1796 eet,
617 1722 644 1783 Ιι.
662 1740 687 1781 c.
711 1723 791 1798 quod
812 1722 927 1783 linitum
950 1732 1002 1795 eat,
1025 1726 1051 1782 si
1073 1724 1147 1781 situs
1169 1736 1270 1780 eorum
1292 1716 1403 1776 nuliam
1418 1714 1509 1775 iaciat

152 1804 359 1879 differentiam,
390 1824 477 1868 omna
500 1808 620 1881 dicitur,
650 1811 696 1867 sin
719 1810 805 1881 iacit,
828 1818 923 1870 totum
945 1810 1119 1886 appellatur.
1165 1805 1309 1881 Quamvis
1333 1821 1390 1863 vox
1411 1802 1506 1861 latina

154 1894 288 1965 ,totvrm“
322 1895 411 1953 etlam
441 1912 477 1955 er
505 1904 588 1971 parte
615 1896 793 1972 respondeat
823 1915 946 1973 graecae
977 1901 1041 1957 voci
1065 1919 1137 1965 nae,
1166 1905 1198 1955 et
1221 1887 1347 1965 ,omne“
1370 1913 1412 1966 τῳ
1434 1883 1505 1967 ὅλῳ.

152 1978 223 2039 liam
247 1980 330 2055 quod
346 1978 451 2043 Graeci
470 1981 570 2043 dicunt
584 2004 642 2052 nce
656 1982 792 2061 ἀριθμος,
815 1980 887 2047 ilos
900 1990 1031 2062 μιγιθος,
1054 1983 1084 2042 id
1100 1983 1190 2044 latina
1206 1983 1296 2043 etiam
1316 1980 1361 2039 sic
1373 1978 1507 2040 elicitur:

152 2074 228 2127 totns
251 2067 303 2129 hic
325 2085 472 2145 numerus,
496 2072 633 2131 universa
656 2071 704 2131 val
726 2073 821 2132 omnis
843 2072 917 2133 baec
939 2070 1122 2149 magnitudo.

740 2252 855 2341 caput
882 2248 918 2324 8.

610 2390 662 2447 De
683 2388 825 2447 Unliute
847 2390 883 2445 et
903 2389 1048 2447 Puncta

252 2500 327 2564 Janr
347 2502 436 2565 modo
465 2503 590 2582 dictum,
620 2505 700 2582 quod
733 2523 819 2567 omne
845 2513 940 2566 totum
969 2523 1005 2566 eo
1034 2507 1100 2583 ipso
1123 2502 1203 2583 quod
1225 2509 1320 2563 totum
1347 2502 1387 2561 rit
1415 2515 1506 2561 tinum

153 2588 313 2667 quoddam.
351 2590 388 2651 Et
409 2609 499 2669 snpra
520 2591 596 2674 (cap.
621 2591 664 2672 6.)
687 2593 796 2654 dictum
820 2602 876 2672 cet,
899 2596 1039 2654 unitatem
1063 2610 1128 2655 aare
1150 2593 1301 2651 minimum
1324 2590 1353 2647 in
1376 2603 1507 2647 numero.

152 2676 281 2755 Tempus
303 2681 404 2756 itaque
427 2687 481 2752 eet,
505 2689 538 2740 ut
559 2680 597 2742 de
618 2699 683 2740 uno
706 2683 795 2741 etiarn
817 2680 931 2756 aliquid
953 2680 1095 2739 dicamus.
1139 2680 1194 2739 Est
1215 2686 1313 2739 autem
1333 2676 1407 2737 baec
1430 2691 1507 2750 qno·

153 2782 205 2841 qne
236 2781 298 2825 vor
322 2781 381 2825 una
403 2784 440 2827 aa
467 2768 757 2829 transscendentibus
778 2780 808 2828 et
830 2771 1008 2827 convertitur
1032 2786 1097 2827 cum
1119 2776 1201 2842 ente,
1231 2768 1332 2841 itaque
1360 2779 1455 2838 oeque
1477 2765 1508 2821 lu

156 2852 289 2911 omnibus
313 2853 557 2928 praedicamentis
581 2862 625 2915 est
649 2865 679 2915 et
700 2872 758 2914 non
781 2857 810 2914 in
834 2873 893 2915 uno
916 2856 1016 2932 aliquo
1040 2855 1107 2933 (lV.
1129 2854 1202 2915 liet.
1226 2871 1251 2913 c.
1276 2850 1316 2932 2).
1362 2851 1456 2927 Igitur
1478 2850 1508 2909 iu

153 2956 257 3016 genere
279 2956 371 2999 unum
394 2940 532 3002 delinitur
553 2941 604 3002 lib.
628 2943 666 3002 V.
689 2942 760 3003 Met.
785 2960 809 3003 a
827 2950 866 3015 6.,
890 2942 970 3018 quod
992 2960 1050 3003 non
1074 2951 1171 3020 potest
1193 2940 1284 3001 dividi
1308 2956 1343 2999 co
1368 2938 1433 3014 ipso
1457 2954 1506 2995 re-

153 3036 271 3103 specto,
304 3044 364 3104 quo
386 3046 486 3088 unum
510 3030 622 3090 dicitnr.
668 3030 705 3089 Et
727 3031 801 3090 baec
822 3030 998 3105 significatio
1022 3032 1104 3090 vocis
1125 3046 1208 3089 unus
1230 3036 1275 3088 est
1303 3028 1331 3085 in
1353 3024 1507 3102 praedica-

153 3122 248 3175 mento
272 3117 457 3191 quantitatis.
498 3114 586 3179 Utin
610 3120 748 3177 continua
764 3121 928 3193 quantitate
949 3118 1029 3179 linea
1049 3118 1229 3194 simpliciter,
1252 3123 1397 3192 qnatenus
1419 3112 1506 3183 linea,

153 3219 205 3261 non
229 3201 339 3263 dicitnr
361 3220 429 3275 una,
453 3204 505 3263 sed
529 3214 573 3263 est
591 3208 639 3279 (ιιι
654 3208 748 3265 omnia
763 3200 949 3287 magnitudo)
972 3206 1189 3281 quodammodo
1211 3205 1303 3263 multa
1320 3204 1348 3260 in
1365 3202 1505 3277 potentia,

151 3289 200 3349 sed
222 3298 375 3365 qnatenue
396 3292 513 3366 pedulis
535 3301 587 3351 aut
609 3301 755 3368 quatenus
779 3301 887 3352 certum
909 3292 1000 3353 babet
1023 3296 1163 3353 rationum
1187 3292 1225 3351 ad
1247 3291 1352 3361 aliam,
1376 3306 1435 3347 una
1458 3287 1506 3346 di-

153 3379 239 3448 citnr,
271 3379 344 3452 qnia
374 3377 466 3438 dividi
495 3395 553 3437 non
581 3389 688 3455 potest.
733 3380 765 3439 st
788 3382 865 3440 enim
893 3379 1086 3448 divideretur.
1116 3398 1173 3440 non
1193 3380 1256 3455 jam
1279 3377 1405 3454 amplius
1428 3385 1508 3435 esset

152 3464 272 3540 pedalis,
297 3482 394 3539 neque
415 3466 478 3540 jum
501 3467 603 3525 eadem
628 3476 761 3527 maneret
782 3468 846 3543 ejus
869 3471 943 3527 ratio
967 3468 1005 3527 ad
1028 3467 1115 3528 aliam
1139 3475 1258 3527 certam.
1296 3463 1383 3540 Quod
1406 3472 1507 3523 antem

152 3570 249 3610 unum
271 3554 337 3610 aive
360 3556 465 3611 unitae
488 3552 676 3613 indivisibilis
698 3556 746 3627 sit,
768 3556 869 3613 multis
892 3556 963 3614 locis
988 3556 1161 3615 Aristoteles
1184 3556 1289 3631 repetit
1311 3551 1377 3630 (ΙΙΙ.
1392 3550 1446 3608 Pb.
1466 3557 1506 3623 7.,

152 3638 189 3699 X.
213 3638 287 3698 Met
309 3646 352 3710 1.,
377 3639 414 3701 V.
431 3639 504 3698 Met.
527 3639 577 3717 6.),
602 3642 736 3717 adeoque
760 3644 880 3701 unitatis
903 3645 1061 3702 essentiam
1085 3661 1149 3702 esse
1173 3640 1315 3700 individui
1339 3641 1505 3711 essentiam,

152 3735 176 3785 et
195 3743 288 3784 onum
312 3730 425 3803 quanti,
450 3736 595 3803 quatenns
611 3739 761 3804 quantum,
786 3729 955 3805 simpliciter
970 3730 1149 3790 indivisibile
1172 3736 1202 3788 et
1223 3730 1286 3788 sine
1308 3728 1417 3803 positu,
1441 3743 1505 3786 esse

152 3818 312 3887 unitatem,
336 3821 457 3873 etcum
481 3820 588 3891 positu,
612 3832 677 3875 esse
698 3823 859 3891 punctum.

250 3901 294 3959 Ex
319 3918 379 3977 qua
408 3904 529 3962 unitatis
559 3903 726 3963 definitione
755 3904 912 3963 solvuntur
939 3903 1052 3982 aliquot
1083 3904 1281 3979 quaestiones.
1326 3900 1443 3974 Prima,
1467 3918 1504 3959 an

150 3990 242 4047 unitae
265 3990 306 4048 eit
328 3989 490 4048 numerus?
528 3989 603 4050 Nam
627 3992 664 4049 V.
690 3989 743 4049 Ph.
768 3998 797 4051 3.
822 4000 851 4051 et
875 3994 904 4050 in
928 3990 1030 4068 Cuteg.
1055 3989 1169 4051 videtur
1193 3988 1367 4049 Aristoteles
1395 3990 1425 4045 in
1449 4005 1506 4047 nu·

149 4092 239 4134 meros
261 4074 371 4134 reierre
401 4080 553 4137 unitatem.
602 4077 642 4135 To
666 4076 772 4155 aquave
803 4081 880 4138 enim
903 4082 966 4139 sive
991 4080 1099 4138 ordinis
1123 4078 1361 4153 consequentiam
1384 4084 1414 4135 et
1436 4093 1505 4136 suc-

148 4162 310 4223 radantiam
333 4171 424 4239 atqua
447 4167 551 4224 seriem
575 4168 702 4225 numeris
725 4167 902 4239 attribuens,
933 4184 985 4242 pro
1009 4165 1144 4242 exemplo
1166 4167 1248 4225 alleri
1270 4182 1359 4223 unum
1384 4171 1413 4222 et
1435 4164 1504 4238 duo,

148 4259 173 4309 et
195 4250 248 4309 lv.
273 4249 330 4312 Ph.
358 4258 407 4310 1⁶2.
430 4268 615 4311 numerorum
638 4262 751 4324 autem,
782 4256 892 4329 inquit,
924 4256 1059 4313 minimus
1087 4263 1133 4315 est
1159 4255 1257 4313 unitas
1284 4262 1337 4312 aut
1366 4249 1504 4312 dualitas.

148 4337 230 4398 Erret
252 4339 344 4412 igitur
367 4341 465 4397 unitas
487 4355 633 4398 numerus.
679 4340 901 4415 Respondetur,
925 4345 1084 4414 unitatem,
1107 4344 1132 4399 si
1155 4343 1254 4401 stricte
1277 4356 1417 4417 agamus,
1445 4357 1504 4399 non

147 4442 208 4483 esee
230 4440 399 4497 numerum,
431 4425 677 4504 quemadmodum
706 4429 768 4502 ipsc
791 4427 985 4504 philosophus
1009 4429 1077 4503 (ΙΙΙ.
1100 4428 1171 4487 Met.
1196 4446 1219 4488 c.
1245 4430 1290 4501 t.)
1321 4429 1462 4486 unitatem
1486 4446 1504 4487 a

147 4528 264 4572 numero
295 4514 451 4573 manifeste
486 4513 639 4590 distinguit
661 4522 690 4574 et
713 4515 785 4573 alibi
809 4517 937 4574 omnium
961 4518 1199 4576 contrarietatum
1221 4518 1345 4590 primam
1373 4515 1504 4575 citasse

150 4616 236 4658 nnnm
259 4608 289 4659 et
311 4600 437 4659 mullum
462 4600 513 4677 (V.
537 4600 610 4661 Met.
629 4600 680 4679 9.).
727 4601 799 4660 Cum
823 4605 923 4678 itaque
954 4621 1091 4662 numerus
1118 4605 1158 4662 sit
1180 4605 1294 4678 nlqlloa
1315 4603 1378 4660 sive
1401 4602 1504 4662 multi·

148 4687 216 4744 tudo
239 4688 385 4748 unitatum
409 4687 467 4763 (Χ.
483 4686 554 4749 Mat.
575 4690 617 4761 1.)
640 4690 703 4749 siva
728 4690 820 4749 multa
843 4689 1060 4765 quodammodo
1083 4707 1142 4751 una
1164 4689 1235 4765 (ΙΙΙ.
1252 4688 1306 4747 Pb.
1322 4684 1377 4765 7.),
1407 4691 1504 4749 unitas

150 4790 214 4834 vero
237 4784 404 4853 opponetur
426 4774 618 4851 multitudini,
640 4786 672 4837 ut
696 4775 844 4837 divisibile
867 4785 898 4837 at
918 4777 1097 4838 indivisibile
1113 4777 1169 4853 (X.
1186 4775 1258 4835 Met.
1283 4780 1345 4850 3.),
1368 4793 1427 4834 non
1450 4779 1504 4837 erit

150 4862 244 4941 itaque
266 4864 364 4927 unitae
382 4866 461 4925 inter
475 4880 622 4927 numeros.
650 4864 725 4927 Item
747 4866 841 4926 omnis
864 4882 1002 4928 numerus
1024 4865 1116 4928 dividi
1138 4872 1245 4947 potest,
1269 4865 1367 4927 unitas
1388 4871 1434 4927 est
1456 4865 1503 4923 in·
