3308 5534
764 374 841 436 trec.
1409 374 1475 447 ’107

128 558 297 639 dgmldcari
329 558 418 619 volsis
451 557 642 618 certissimam
669 555 817 633 iacturam
845 556 989 617 lrouorum
1016 557 1118 629 moris
1146 573 1245 631 mese,
1275 557 1302 616 si
1329 555 1415 617 locus
1441 559 1481 617 sit

128 646 300 709 anundus.
338 646 418 722 Quia
441 647 530 722 igitur
545 653 655 705 certum
670 660 760 721 penes
774 661 831 705 vos
852 646 970 705 minime
994 652 1065 718 erat,
1087 647 1324 705 inveteratumnc
1345 646 1385 704 sit
1407 643 1480 706 llaec

128 738 253 797 strutio
275 752 331 796 uec
352 751 400 807 ue,
423 732 496 792 nihil
519 733 568 793 liic
590 741 708 806 temere,
731 731 806 793 nihil
827 750 907 793 rana
920 733 1049 810 quadam
1064 731 1269 810 desperatione
1289 748 1480 810 corrumpen-

128 824 196 885 tum
220 840 289 885 ease
311 821 473 900 putabatis,
498 819 578 896 quod
599 822 735 897 nequiret
757 822 786 878 in
808 829 958 897 posterum
980 821 1102 881 restitui.
1145 819 1282 896 Denique
1303 821 1479 895 monebatis,

128 918 267 973 mentum
288 910 481 988 protectionis
502 925 586 968 meae
609 910 640 969 in
662 910 773 967 incerto
795 924 860 968 esse
880 907 1002 986 derique
1025 925 1127 985 posse,
1150 915 1184 967 ut
1198 906 1368 986 Charybdin
1383 910 1480 968 vitans

128 998 311 1079 nSeyllsm
335 996 474 1059 incidam.
517 996 557 1054 Et
579 994 654 1056 haec
676 994 795 1071 quidem
822 1005 995 1073 argumenta
1024 1006 1086 1057 tum
1108 996 1279 1056 valuerunt:
1306 996 1370 1072 jam
1395 1002 1481 1073 port·

128 1104 212 1165 quam
238 1104 275 1147 ex
298 1085 356 1146 hac
378 1101 478 1144 anona
498 1083 592 1143 veluti
616 1085 683 1144 crisi
705 1080 742 1143 de
765 1083 914 1143 turbarum
931 1085 1034 1144 larum
1050 1086 1130 1144 exitu
1146 1083 1243 1160 deque
1259 1085 1391 1143 venturis
1405 1090 1482 1143 tem·

128 1175 251 1252 poribus
269 1173 416 1250 judicium
439 1172 536 1231 iecere
558 1169 664 1245 didici,
694 1171 930 1247 respondendum
953 1181 999 1233 est
1019 1171 1132 1249 aliquid
1155 1171 1193 1230 ad
1216 1174 1367 1248 oppositas
1388 1171 1483 1230 retio-

128 1280 187 1323 res.
236 1260 326 1337 Quod
349 1259 468 1336 quidem
491 1260 607 1330 lucium,
631 1272 751 1318 exorsus
773 1260 813 1319 ub
835 1259 948 1321 ultima.
987 1258 1187 1336 Quaecunque
1208 1277 1256 1318 me
1278 1275 1406 1336 namque
1420 1259 1482 1318 ior-

128 1366 198 1410 :aua
219 1355 363 1425 sequatur
385 1346 445 1407 alio
468 1345 649 1425 proiectum,
672 1354 783 1406 certum
804 1345 916 1421 liabeo,
944 1349 1119 1407 atrociorem
1140 1363 1200 1405 non
1222 1347 1364 1421 futuram,
1393 1362 1481 1422 quam

128 1452 205 1514 quae
227 1437 315 1496 noblr
339 1433 483 1511 impendit
504 1431 628 1495 durante
656 1432 714 1494 hac
734 1432 819 1511 Reip.
845 1442 964 1496 nostrae
990 1434 1092 1495 forma.
1137 1434 1266 1495 Ventum
1295 1434 1421 1510 estjam
1443 1430 1482 1493 ad

128 1524 217 1587 exilia
239 1525 364 1584 civium:
395 1539 472 1599 quae
496 1520 712 1594 indictarum,
735 1524 948 1598 repraesentari
971 1521 1101 1584 noudum
1124 1529 1297 1599 coeperunt,
1324 1530 1482 1598 postquam

128 1612 249 1691 principi
271 1612 352 1671 cives
376 1609 586 1687 supplicarunt,
609 1625 844 1686 responsumque
865 1609 1003 1671 dillertur.
1042 1609 1100 1684 Qui
1124 1627 1160 1669 ex
1175 1609 1245 1669 aula
1260 1612 1290 1667 in
1304 1608 1383 1669 hauc
1396 1626 1482 1669 men·

128 1702 236 1761 lionam
259 1697 405 1770 incidunt,
429 1698 568 1773 gradosa
589 1699 751 1770 minantur,
782 1713 906 1773 quorum
929 1715 1017 1759 uoces
1040 1700 1066 1756 si
1089 1696 1209 1757 orecnla
1229 1698 1304 1771 sint,
1331 1713 1482 1773 uunquam

128 1789 334 1849 summissurus
356 1792 403 1844 est
424 1785 569 1861 princeps,
592 1791 626 1844 ut
649 1783 697 1843 vel
717 1783 888 1845 Lutlserauo
910 1784 995 1847 locus
1016 1786 1047 1843 iu
1068 1784 1140 1844 urbe
1162 1787 1215 1859 sit,
1239 1784 1288 1844 vel
1309 1783 1403 1845 libera
1424 1786 1483 1843 mi·

128 1876 222 1953 panti
244 1880 380 1951 potestus
403 1870 557 1943 evehendi,
582 1871 790 1947 commutandi,
815 1872 962 1933 vendendi
984 1873 1063 1933 bona
1084 1889 1149 1932 sua.
1180 1871 1390 1949 contingentur
1412 1870 1484 1945 doli,

128 1962 236 2041 quibus
258 1963 290 2020 in
312 1960 434 2021 crimina
456 1958 620 2034 maiestatis
643 1959 827 2035 implicentur
850 1963 940 2034 cives,
964 1970 997 2019 ut
1019 1962 1139 2036 rapinae
1154 1968 1338 2036 praetextum
1353 1959 1484 2020 habeant

128 2050 269 2125 kantiae.
307 2048 446 2118 Carceres
474 2049 568 2123 primo
595 2049 691 2123 parati
723 2057 823 2121 erunt,
855 2056 917 2109 inm
944 2046 1055 2108 multae
1076 2050 1280 2124 pecuniariae,
1311 2047 1419 2124 quilius
1440 2045 1485 2105 illi

128 2136 325 2208 rdimantnrq
349 2134 475 2210 denique
499 2134 585 2194 bouis
608 2134 758 2210 dissipatis
780 2133 880 2198 exilia.
918 2134 1038 2212 Etiam
1053 2134 1171 2211 quidem
1194 2135 1338 2212 incipiunt
1356 2137 1486 2211 irrogare

128 2223 240 2285 multu
261 2224 458 2300 pecuniarias.
505 2219 562 2295 Qui
585 2222 725 2281 infantem
748 2221 786 2281 ad
810 2224 893 2284 verbi
922 2224 1085 2281 ministrum
1109 2226 1138 2281 in
1160 2239 1228 2283 arce
1257 2224 1359 2299 aliqua
1387 2224 1487 2282 vicina

128 2312 284 2391 degentem
307 2309 400 2370 deiert
422 2309 561 2385 baptismi
585 2326 684 2383 causa,
709 2312 760 2386 qui
783 2309 814 2370 S.
831 2310 960 2371 Coenam
982 2312 1091 2386 accipit
1110 2328 1148 2370 er
1169 2311 1357 2370 institutione
1369 2308 1486 2382 Christi,

128 2402 184 2479 qul
207 2400 365 2459 conciones
386 2395 587 2472 Evangelicas
609 2396 692 2470 edit,-
709 2397 894 2472 majestatem
909 2397 1005 2458 laesit.
1045 2396 1102 2472 Qui
1117 2397 1268 2457 Psalmum
1290 2399 1365 2456 intra
1386 2397 1486 2457 urbem

130 2493 243 2559 nutet
267 2488 318 2562 qui
340 2483 485 2561 postillae,
509 2486 561 2559 qui
575 2483 675 2543 Biblia
689 2483 861 2545 Lutherana
876 2485 957 2561 legit,
981 2485 1061 2544 urbis
1084 2486 1229 2545 territorio
1245 2494 1371 2545 meretur
1385 2486 1487 2545 arceri.

131 2572 191 2650 Qui
213 2575 245 2633 in
261 2574 437 2633 coemeterio
452 2588 592 2648 pompam
606 2571 740 2631 hortatur
755 2572 794 2632 ad
808 2589 919 2649 preces,
943 2574 995 2649 qui
1009 2573 1145 2632 morienti
1159 2572 1391 2632 consolationem
1414 2589 1487 2647 sug·

130 2663 220 2739 gerit,
243 2662 417 2738 gravissime
440 2668 545 2735 peccat
566 2665 596 2718 et
618 2662 835 2740 nolunpcppom
856 2667 911 2723 est.
956 2660 1041 2721 Haec
1063 2663 1140 2720 eninr
1170 2662 1269 2720 omnia
1290 2669 1359 2719 suut
1380 2661 1409 2717 in
1433 2657 1488 2719 de·

130 2752 232 2811 eretis.
277 2747 398 2809 Nullum
421 2746 471 2805 hic
492 2745 647 2807 discrimen
670 2750 745 2807 inter
768 2749 862 2809 civem
885 2757 915 2808 et
937 2744 1100 2807 ministrum
1129 2746 1353 2824 provincialium
1381 2749 1412 2805 iu
1434 2764 1488 2807 ex·

129 2836 286 2899 secutione
301 2842 445 2896 seruatur.
477 2832 553 2892 Mihi
568 2836 599 2891 iu
615 2833 776 2895 vindictam
790 2837 930 2895 contemti
951 2837 1104 2897 ministerii
1118 2836 1211 2895 urbici
1226 2834 1319 2895 multa
1335 2839 1375 2895 10
1391 2834 1489 2895 thule·

128 2942 233 2987 rnrum
255 2923 366 2983 indicte
389 2930 449 2981 est:
480 2919 632 2980 dimidium
655 2925 790 2998 precibus
817 2922 945 2996 redemi,
975 2922 1119 2999 reliquum
1146 2924 1226 3000 prior
1249 2930 1312 2982 erat
1333 2931 1489 3000 praestan·

131 3010 215 3085 darn,
240 3028 330 3087 quam
353 3025 472 3088 possem
494 3008 613 3068 filiolum
638 3012 742 3070 inferre
763 3009 929 3088 sepulchro.
965 3009 1060 3079 Alius.
1084 3008 1165 3085 quod
1187 3009 1329 3088 populum
1351 3016 1414 3071 erat
1435 3026 1489 3071 ex·

131 3098 272 3161 bonatus
295 3102 324 3156 in
348 3099 538 3170 coemeterio,
568 3096 650 3157 nulla
676 3100 824 3158 mentione
847 3097 1020 3157 *invidiosae
1050 3114 1171 3172 unusne,
1204 3099 1350 3158 teterrimo
1375 3113 1490 3157 carcerc

135 3186 295 3249 detinetur.
341 3184 463 3245 Summe
486 3184 560 3243 haec
583 3193 645 3243 est:
669 3203 704 3245 ee
723 3186 786 3261 jum
810 3185 897 3258 dicta,
921 3187 1047 3262 incepta,
1070 3186 1149 3243 lacta
1171 3193 1240 3244 eunt
1262 3187 1435 3263 aprineipe‚
1458 3191 1491 3242 ut

128 3290 189 3337 m
211 3276 308 3353 possit
329 3276 393 3333 sino
415 3273 544 3331 menime
569 3274 615 3330 sui
638 3272 777 3350 despectu
800 3272 848 3332 vel
871 3289 962 3331 unum
989 3289 1096 3332 aunum
1119 3271 1173 3331 ulli
1194 3274 1277 3332 uerbi
1305 3275 1438 3332 ministro
1461 3274 1490 3329 iu

128 3362 226 3423 mous
248 3360 330 3421 hisce
346 3361 505 3438 provinciis
527 3361 557 3416 in
580 3358 641 3419 ulla
663 3376 739 3433 erce,
763 3376 955 3437 quaecuuque
973 3360 1050 3436 jura,
1074 3359 1201 3437 publica,
1224 3363 1340 3438 privetu
1354 3365 1492 3439 praeten-

129 3448 240 3521 muta,
273 3448 371 3509 locum
401 3447 576 3522 relinquere.
620 3448 665 3507 Ac
693 3450 750 3506 nisi
779 3448 995 3509 maleseuorum
1024 3446 1175 3509 hominurn
1199 3448 1353 3508 conatibus
1374 3449 1492 3507 resistet

128 3537 295 3599 Austriecs
318 3537 485 3607 clementia,
507 3534 568 3610 jem
590 3534 620 3592 in
645 3534 826 3611 quorundam
850 3537 956 3594 enimin
974 3534 1122 3595 delineata
1138 3544 1207 3593 surrt
1222 3543 1251 3595 et
1264 3537 1414 3614 martyria,
1436 3551 1492 3595 nec

132 3629 315 3703 temperatur
339 3624 377 3682 ab
394 3624 503 3699 apertis
518 3624 805 3682 comminationibus.
844 3622 906 3683 Nec
921 3625 1075 3699 qnisquam
1092 3622 1215 3696 dubitet,
1239 3625 1309 3698 quin
1324 3625 1350 3681 si
1364 3625 1395 3680 iu
1411 3624 1491 3682 cives

128 3722 162 3775 at
185 3714 217 3771 iu
241 3709 419 3787 metropolin
441 3708 542 3769 veleet
563 3709 638 3769 lraec
659 3712 833 3787 persecutio,
857 3709 989 3786 singulas
1005 3727 1124 3786 quoque
1140 3711 1282 3769 rrobilium
1298 3728 1379 3770 arces
1395 3712 1491 3788 ipsos·

128 3816 191 3879 qua
212 3797 290 3859 adeo
314 3815 457 3876 proceres,
482 3795 590 3856 nedum
605 3799 764 3871 ministros,
788 3808 957 3879 perceptura
979 3800 1026 3857 sit.
1064 3797 1167 3858 lIabes
1184 3796 1408 3858 delineationem
1432 3796 1491 3857 ali·

128 3880 220 3967 quam
245 3888 419 3946 nostratium
448 3901 558 3959 rerum,
590 3901 649 3961 quo
680 3902 738 3945 non
766 3886 869 3945 ultimo
897 3893 1010 3945 tanturn
1037 3893 1225 3961 argumento,
1256 3885 1309 3945 sed
1338 3894 1368 3945 et
1393 3883 1490 3944 medio

128 3974 314 4037 rumetum
336 3982 418 4051 puto.
463 3972 539 4031 Naro
563 3982 597 4030 ut
619 3990 697 4031 nunc
719 3972 837 4049 quidem
859 3972 971 4033 hebent
1000 3972 1129 4032 humane
1158 3972 1321 4051 praesidia,
1349 3972 1431 4032 nulla
1453 3990 1490 4032 nc
1616 4002 1619 4006 *

128 4062 254 4125 nhima
274 4061 394 4136 quidem
418 4078 485 4137 spes
508 4068 552 4119 est
576 4062 606 4117 in
629 4078 794 4136 quoquam,
825 4063 882 4119 nisi
910 4062 939 4117 in
968 4062 1066 4120 armis.
1112 4060 1159 4118 Ad
1183 4078 1264 4120 arma
1293 4068 1392 4120 autem
1423 4062 1490 4136 quie

128 4156 220 4231 pules
246 4149 367 4209 veniet?
404 4147 482 4207 Num
504 4146 645 4208 nobilitas
668 4155 770 4207 contra
792 4147 976 4226 principem?
1011 4148 1181 4226 Disputatio
1205 4148 1319 4207 infinita
1342 4156 1396 4208 est.
1428 4147 1492 4207 Nec

128 4236 237 4311 ribo,
266 4254 344 4313 quae
373 4235 446 4295 mihi
475 4235 592 4312 privata
613 4253 681 4313 spes
705 4238 733 4292 in
757 4234 876 4312 publica
902 4235 1074 4295 vcelamitutc
1096 4237 1190 4313 possit
1213 4253 1287 4296 esse.
1332 4235 1490 4313 Nunquam

128 4324 218 4389 ulra
241 4322 429 4401 potestesse
452 4338 497 4381 res
522 4321 685 4383 domesticu
707 4325 736 4381 in
761 4322 887 4400 publicis
902 4323 1146 4399 grassationibus.
1176 4322 1284 4383 Filiam
1300 4341 1395 4383 meam
1412 4321 1491 4399 quod

128 4414 242 4475 amnes
262 4414 376 4489 opinor,
400 4410 477 4469 hanc
499 4426 564 4469 esse
586 4427 682 4470 rerum
705 4411 820 4483 faciem,
843 4417 876 4469 ut
898 4410 978 4469 haud
1001 4419 1124 4486 gravate
1153 4413 1322 4471 consensuri
1344 4413 1405 4470 sint
1427 4411 1492 4487 ejus

128 4508 244 4563 tutores
266 4515 333 4559 cum
357 4515 448 4557 uxore
464 4514 539 4568 mea,
563 4515 640 4573 quae
663 4496 742 4557 illam
758 4516 857 4558 secum
872 4497 1041 4559 abduceret.
1076 4499 1116 4557 At
1131 4497 1258 4557 officium
1282 4516 1379 4559 rueum
1403 4496 1491 4575 quale

128 4588 218 4657 inerit
239 4584 384 4647 hactenus
403 4586 466 4662 jam
482 4601 559 4644 anno
576 4593 717 4659 vertente,
741 4595 811 4663 puto
834 4593 864 4646 to
886 4588 1061 4665 perspicere.
1098 4584 1214 4644 Nemini
1231 4589 1297 4646 usui
1313 4594 1382 4647 sunt
1403 4603 1493 4663 opera

128 4692 215 4753 rum
250 4672 390 4751 quodque
417 4672 556 4733 salarium
583 4690 680 4733 meum
708 4674 839 4734 obtinere
862 4690 908 4733 me
930 4674 1094 4752 patiuntur,
1126 4673 1239 4734 iaciunt
1266 4691 1326 4734 uon
1357 4683 1417 4734 tem
1439 4690 1491 4751 spe

128 4768 314 4843 mquuturae
337 4779 372 4821 ex
396 4779 443 4820 me
466 4758 611 4838 utilitatis,
635 4779 724 4839 quam
746 4760 945 4822 misericordie
961 4768 991 4822 et
1005 4768 1084 4821 metu
1107 4762 1242 4822 sinistrae
1267 4762 1491 4823 existimationis

128 4868 220 4933 penos
245 4866 302 4921 uos
324 4851 355 4909 iu
376 4851 510 4929 imperio.
547 4846 596 4909 Ad
616 4848 692 4912 haec
713 4850 739 4911 si
760 4851 791 4911 iu
806 4847 909 4911 schola
930 4849 1002 4911 mihi
1024 4846 1219 4911 laborandum
1242 4850 1298 4927 erit
1321 4867 1386 4913 cum
1409 4848 1494 4911 utili-

1226 4948 1283 5008 46*
