3308 5534
155 448 242 518 sosa
640 464 644 471 ·
671 439 737 500 vn·
752 438 870 527 ream
883 437 1005 512 nasa

151 627 305 709 proposito
332 626 550 696 aberraremus,
580 626 606 684 si
634 624 778 684 rationem
808 621 874 699 ejus
903 616 1048 681 hocloco
1071 616 1309 694 illustraremus,
1340 634 1511 698 puma-

154 720 244 779 etiam
266 715 316 774 bic
337 717 368 772 in
391 710 565 790 explicando
588 718 618 772 et
639 708 846 788 amplificando
868 706 1001 769 Euclidis
1031 705 1145 766 decimo
1175 705 1257 767 libro
1289 710 1397 768 miram
1425 724 1511 769 res·

154 803 427 864 matbematicorum
450 800 689 876 perspicientiam
717 796 929 874 praesefert.
975 793 1023 854 Ad
1045 794 1279 855 construendum
1310 795 1511 874 beptagoa'n

153 891 288 967 regulare
319 887 441 964 aigebra
469 888 574 959 utitur,
606 885 637 944 id
668 884 747 962 quod
782 882 863 961 apud
889 880 1049 960 Keplerum
1077 883 1227 942 rarissime
1266 886 1413 957 occurrit,
1440 880 1511 943 Jmti

155 979 258 1056 Byrgii
287 983 406 1035 secutus
435 975 580 1032 rationem
611 968 794 1049 „mechanici
815 970 952 1031 caesaris
980 977 1010 1031 et
1032 967 1215 1046 Landgravii
1237 968 1388 1040 flesaiaa,
1418 972 1511 1047 quib

153 1064 211 1125 boc
240 1080 347 1139 genere
365 1062 610 1136 'ingeniosissima
638 1067 668 1120 et
695 1056 889 1136 inopinabilia
917 1056 1009 1118 muita
1039 1063 1084 1116 est
1105 1060 1328 1120 commentua“.
1373 1057 1437 1118 Noa
1455 1074 1511 1117 eaa

154 1150 215 1212 vol.
238 1151 283 1210 V..
299 1167 327 1226 p.
345 1154 407 1208 472
430 1146 518 1206 modo
541 1163 620 1206 nunc
640 1148 750 1206 usitato
773 1147 987 1223 proposuimus.
1004 1177 1047 1190 —
1063 1144 1096 1202 lu
1119 1145 1276 1220 prooemio
1299 1144 1371 1205 libri
1392 1143 1512 1215 madi,

154 1241 207 1316 qul
228 1237 267 1297 ad
290 1235 422 1295 Euclidis
443 1235 550 1294 librum
573 1233 778 1294 duodecimum
802 1240 832 1294 et
851 1234 971 1294 tortium
993 1232 1138 1305 decimum
1153 1248 1188 1291 se
1202 1231 1354 1308 applicat,
1374 1231 1511 1309 Kepian

154 1325 265 1385 baecos
288 1323 454 1400 praefatur:
484 1321 577 1396 „Cum
602 1323 743 1397 originem
765 1320 950 1381 harmonicas
972 1319 1096 1395 ejusque
1119 1319 1243 1379 allectus
1267 1321 1301 1377 in
1326 1326 1392 1379 toto
1414 1318 1512 1379 ma

153 1412 423 1491 praestantissimos
446 1407 636 1486 explicandos
652 1410 852 1482 sumserimus,
876 1404 1024 1485 quomodo
1040 1405 1077 1466 de
1092 1408 1294 1483 congruentia
1310 1405 1511 1484 figurarum,

154 1516 232 1576 qnae
253 1504 323 1557 snut
344 1497 565 1573 proportionum
590 1495 824 1556 harmonicorum
845 1496 1053 1571 scaturigines,
1078 1493 1170 1554 rerba
1192 1492 1280 1552 nulla
1302 1494 1511 1554 laetarum..

156 1603 223 1647 cnm
245 1584 295 1645 bic
317 1583 477 1660 figurarum
499 1583 619 1643 effectus
642 1585 719 1643 iutra
741 1584 933 1659 geometriam
960 1584 1096 1657 iubaque
1125 1580 1382 1642 architectonicas
1409 1588 1511 1658 pariam

155 1672 248 1745 illam,
273 1687 350 1748 qnae
373 1672 450 1730 circa
473 1670 651 1748 archetypos
672 1678 817 1745 versatur,
839 1669 879 1729 sit
900 1668 1045 1746 quaedam
1068 1666 1152 1728 saltn
1166 1670 1272 1742 imago
1288 1665 1511 1745 etpraeluffi·

158 1761 315 1821 effectuum
340 1764 423 1817 extra
443 1760 636 1835 geometriam
659 1765 801 1835 extraque
824 1758 930 1818 mentis
951 1762 1111 1833 conceptue
1132 1757 1162 1813 iu
1186 1756 1262 1831 ipsis
1285 1756 1378 1816 rebus
1399 1764 1511 1815 natu*

157 1846 238 1907 libus
262 1853 291 1905 et
314 1844 501 1918 coelestibus,
525 1862 591 1904 cum
613 1846 776 1922 proprietas
798 1843 872 1905 haec
894 1844 1111 1920 congruentiae,
1135 1844 1269 1919 quaein
1294 1850 1470 1904 struem
1487 1850 1512 1902 et

159 1934 396 2013 corporationem
420 1932 551 2007 aliquam
573 1936 642 2006 exit,
666 1931 734 1991 talis
756 1933 804 2005 sit,
826 1939 859 1991 ut
880 1930 929 1992 vel
945 1933 1010 2009 ipsa
1023 1936 1152 1990 mentem
1166 1928 1403 2007 speculatricem
1416 1932 1512 1990 insin

28 2008 33 2021 '
157 2019 198 2081 ad
220 2018 336 2097 aliquid
360 2021 449 2079 ctiam
471 2019 543 2078 loris
563 2017 739 2091 iaciendum,
763 2017 936 2092 creandum,
959 2016 1190 2094 corporandum,
1214 2025 1314 2093 utque
1335 2016 1433 2078 lateus
1452 2014 1512 2079 istb

154 2107 194 2169 ab
223 2114 343 2167 aeterno
374 2107 405 2164 iu
436 2106 683 2182 superbenedicta
711 2112 809 2166 mente
844 2105 945 2165 diriua
972 2121 1026 2181 per
1054 2103 1187 2165 idearum
1226 2105 1353 2166 ordines
1381 2114 1511 2182 mnan

154 2195 266 2255 bonum
289 2210 446 2267 summum,
470 2196 517 2253 sui
541 2195 829 2267 communicativum,
852 2195 994 2254 contineri
1024 2193 1052 2250 iu
1075 2208 1131 2253 sna
1152 2192 1364 2255 abstractione
1384 2208 1444 2252 noa
1462 2206 1512 2271 po·

154 2284 253 2356 tuerit,
276 2283 349 2359 quin
372 2282 402 2339 in
425 2284 585 2341 creationis
609 2298 684 2358 opus
707 2287 908 2357 prorumperet
930 2280 1086 2356 Deumque
1112 2287 1280 2341 mentorem
1303 2278 1435 2341 afficeret
1453 2294 1512 2341 our·

153 2384 259 2448 porum
280 2367 337 2427 sub
360 2366 465 2429 iisdem
488 2367 591 2446 liguris
614 2364 849 2428 conclusorum.“

260 2454 385 2516 Delectu
415 2456 518 2516 habito
548 2472 701 2532 corporum
729 2455 932 2516 discemuutur
957 2456 1088 2531 quinque
1117 2453 1269 2531 regularia
1294 2453 1430 2516 Euclidla
1454 2470 1512 2515 ers·

154 2557 238 2620 pora,
265 2542 393 2618 ,quibus
415 2542 485 2603 addi
507 2550 633 2620 possunt
655 2545 865 2620 congruentiae
887 2541 1037 2603 stellarum
1060 2540 1218 2602 duodecim
1232 2540 1396 2620 planorum
1418 2550 1512 2620 pcata·

154 2631 359 2705 gonicorum“.
390 2631 715 2700 (mansiunculam
739 2632 856 2702 paginas
877 2633 926 2688 119
950 2631 1122 2699 subjunctam
1145 2631 1230 2700 inque
1256 2646 1295 2686 ea
1315 2632 1422 2703 ligurus
1437 2632 1512 2689 neae

154 2722 188 2776 ds
206 2725 235 2774 st
252 2721 288 2776 Ti
305 2720 447 2790 signatas),
473 2723 502 2776 ei
524 2715 663 2775 tredecim
693 2731 816 2791 corpora
840 2713 1048 2788 Archimeden,
1078 2714 1247 2790 ,perlectae
1273 2717 1306 2774 iu
1330 2716 1430 2777 aolldo
1450 2733 1512 2777 cou-

156 2805 312 2878 grnentiao
342 2802 452 2880 graden
484 2802 661 2866 inlerioris“.
704 2800 872 2862 Notandum
897 2809 956 2875 est,
989 2801 1149 2879 Keplernm
1178 2803 1262 2860 viam
1287 2802 1340 2863 bic
1361 2806 1511 2882 praeivisse

156 2888 252 2952 Gallis
264 2889 386 2969 Caucby
402 2898 431 2949 et
444 2891 568 2950 Poinsot
583 2892 613 2947 in
628 2888 831 2949 construendis
846 2887 885 2949 ad
899 2897 1009 2950 certam
1025 2888 1121 2965 legem
1135 2890 1317 2966 corporibus
1333 2891 1511 2970 multiplxn'a

264 2977 354 3038 Libro
370 2980 457 3038 tertio
472 2977 618 3056 Keplerus
633 2993 669 3037 ea
684 2977 780 3050 rciert,
804 2993 881 3053 quae
904 2979 960 3055 ipsi
982 2976 1107 3037 lectione
1121 2978 1304 3053 scriptorum
1329 2977 1368 3039 de
1381 2982 1510 3039 musica

155 3063 336 3126 Graecorum
359 3073 388 3125 et
411 3067 486 3125 iuter
509 3067 686 3125 recentiores
707 3065 868 3140 praecipue
889 3063 1037 3124 Vincentii
1058 3062 1189 3123 Galilaei
1213 3065 1423 3129 innotuerunt.
1454 3066 1512 3145 „li

157 3154 244 3213 aunis
267 3154 373 3228 viginti
396 3155 426 3209 in
449 3152 505 3211 hoc
529 3148 740 3211 elaborandum
753 3149 825 3210 milri
848 3153 958 3225 censui,
980 3159 1014 3211 ut
1027 3150 1104 3210 banc
1118 3151 1354 3214 mathematicas
1370 3154 1512 3232 pbpaiers·

159 3257 217 3317 que
240 3247 352 3317 partem
376 3240 565 3299 illustriorem
588 3237 747 3313 redderem,
771 3240 899 3299 inuentis
921 3241 1020 3298 causis
1041 3238 1165 3311 talibus,
1191 3254 1274 3313 quae
1297 3257 1336 3300 ex
1361 3259 1422 3302 ana
1441 3250 1512 3321 parte

158 3334 188 3386 ei
207 3326 323 3402 jndicio
345 3329 460 3385 aurium
490 3328 694 3386 satislaccrent
715 3328 745 3384 iu
768 3327 976 3386 constitutione
1005 3327 1267 3386 consonantiarum
1301 3336 1512 3405 astaron-ou

161 3416 371 3474 concinnornm
393 3431 525 3488 numero,
548 3430 603 3473 nec
625 3413 703 3473 nitra
724 3411 764 3485 id,
788 3412 868 3490 quod
890 3431 977 3474 aures
998 3413 1102 3484 ierunt,
1125 3425 1340 3489 excurrerent,
1372 3435 1411 3477 ex
1432 3416 1513 3477 alin

158 3515 232 3561 vero
254 3508 337 3579 parte
360 3500 470 3561 clarum
493 3508 522 3561 et
544 3508 677 3577 apertum
701 3499 855 3560 discrimen
877 3508 1039 3561 statuerent
1054 3502 1129 3560 luter
1143 3517 1300 3576 uumeroa,
1324 3506 1378 3580 qui
1399 3505 1512 3564 loru

155 3586 314 3650 intervalla
336 3591 458 3662 musica,
483 3591 616 3665 interque
639 3587 753 3648 alienos
775 3589 813 3648 ab
836 3588 893 3648 boc
908 3590 1046 3665 negotl03
1069 3604 1145 3664 quae
1162 3586 1298 3665 denique
1312 3600 1512 3670 respectatan

154 3675 317 3754 archetypi,
341 3693 431 3752 qaam
453 3679 569 3749 mentis,
594 3693 671 3751 quaa
693 3675 853 3754 archetypo
876 3678 966 3735 utitur
988 3674 1027 3734 ad
1049 3674 1283 3735 conformandae
1307 3678 1352 3736 illi
1375 3696 1431 3751 rea,
1451 3694 1512 3753 eug·

98 3813 101 3822 .
154 3764 304 3823 nationem
328 3781 394 3824 cum
417 3762 582 3824 intervallis
605 3762 747 3823 haberent
762 3779 858 3839 eoque
872 3761 1126 3823 verisimilitudine
1142 3760 1315 3824 clarissima
1330 3769 1508 3828 niterentur-⁸

152 3848 325 3927 Proponens
352 3853 522 3911 universum
550 3856 680 3928 systema
702 3852 846 3910 musicum
869 3849 1091 3910 concordantias
1119 3865 1266 3909 sonorum
1296 3870 1418 3933 semper
1436 3854 1510 3913 reim

153 3936 192 3996 ad
215 3939 361 3997 sectiones
386 3938 484 3998 circuli
509 3955 561 4016 per
582 3937 676 3996 latera
690 3937 847 4013 figurarum
863 3937 1054 4014 regularium,
1078 3938 1288 4000 intermiscens
1312 3942 1511 4020 explicatione

151 4040 247 4084 rernm
271 4027 367 4082 miuus
389 4028 618 4104 perspicuamm.
657 4025 794 4103 Explicat
815 4043 843 4085 v.
868 4042 893 4088 c.
915 4027 966 4102 qni
989 4025 1049 4093 ilat,
1073 4032 1105 4083 ut
1130 4024 1267 4097 „cborda
1291 4028 1416 4105 pulsata
1437 4028 1511 4088 eber·

152 4109 221 4170 dam
243 4111 334 4171 aliam
358 4129 415 4170 non
438 4113 586 4190 pulsatam
608 4127 709 4171 secum
731 4113 759 4170 in
783 4112 911 4171 sonitum
934 4109 1069 4186 trahat“3
1098 4127 1152 4188 pro
1180 4116 1252 4172 stira
1286 4124 1373 4177 muto
1401 4117 1510 4176 aad

154 4200 302 4276 „speciem
327 4196 584 4272 immateriatam“,
616 4199 691 4259 haec
711 4206 812 4259 autem
842 4200 994 4276 subjungit
1017 4197 1208 4276 explicationi
1238 4216 1322 4262 auae
1354 4221 1415 4264 uon
1435 4204 1510 4280 pta·

151 4284 346 4359 rejiciendae:
380 4286 484 4367 „Haec
506 4286 579 4346 mibi
601 4284 718 4346 videtur
739 4302 830 4346 causa
858 4287 1002 4346 mirabilis
1030 4286 1120 4361 liujus
1147 4289 1371 4364 experimenti;
1403 4294 1452 4367 qai
1470 4306 1509 4347 me

151 4370 263 4431 ielicior
286 4381 332 4432 est
353 4372 493 4450 indagine
516 4375 632 4448 mentis,
656 4377 683 4434 ei
704 4372 833 4452 palmam
856 4371 964 4434 dabo.“
1009 4372 1150 4433 Pluribus
1172 4375 1238 4451 agit
1263 4374 1307 4437 de
1331 4378 1508 4459 „cismatis

150 4458 405 4533 intervallorum“,
430 4461 465 4520 de
488 4459 697 4534 monochordo,
721 4459 757 4521 de
783 4460 1023 4541 „diagrammata
1047 4460 1077 4521 b.
1093 4477 1120 4520 e.
1142 4459 1332 4524 chordarum
1348 4484 1402 4527 seu
1416 4478 1507 4525 rou!

150 4543 341 4606 denotatione
364 4547 505 4608 moderna
528 4565 579 4626 per
600 4547 695 4608 lineas
718 4556 748 4609 et
769 4549 871 4609 literas
886 4548 1068 4629 alphabetii,
1092 4548 1144 4606 ubi
1166 4547 1206 4608 de
1223 4558 1295 4610 ortu
1310 4555 1391 4631 signi
1407 4554 1505 4613 litera·

152 4630 366 4693 Odeuotauiis
387 4637 460 4696 acite
484 4635 609 4699 disserit.
654 4634 710 4695 His
739 4636 828 4697 duem
857 4637 928 4699 iacit
956 4635 1166 4713 disputationis
1190 4653 1286 4699 auae:
1327 4642 1505 4702 sarme-

147 4767 352 4781 ——-

251 4837 363 4906 ‘ivoce
536 4842 542 4853 '
593 4841 718 4909 Keplerus
742 4858 797 4895 eam
820 4842 943 4907 intellkit
964 4842 1101 4907 &ararum
1125 4845 1288 4907 regularium
1308 4852 1503 4913 mnjunetian

147 4912 177 4963 iti
193 4912 219 4959 et
236 4910 357 4975 sumum
374 4908 424 4963 soli
502 4910 683 4967 eoussdautet
699 4912 757 4967 abir
774 4912 1501 4987 flammulaslbmadisoilsitunludeadlpd
