3308 5534
153 390 220 461 286
510 386 684 446 collectanea
702 401 737 444 ex
754 386 895 445 codicibus
912 384 1152 449 Pullrorieusrbus

154 570 344 647 descripsisse
365 566 524 645 parallelos
546 584 636 644 quam
657 566 764 643 hodie3
794 573 825 626 at
847 565 884 627 de
906 567 1001 627 stellis
1023 570 1058 639 E,
1081 570 1106 629 F
1128 572 1273 633 incertum
1300 571 1360 633 boc
1382 590 1438 651 per
1458 576 1518 635 tata

154 658 272 736 quidem
295 656 451 730 bectcnas,
482 658 553 732 qnia
575 655 709 733 Scaliger
736 654 880 714 arbitrata
909 671 964 714 sao
988 654 1014 729 Q
1038 656 1170 733 depinxit
1193 659 1269 717 inter
1294 660 1419 735 stellas,
1450 678 1516 723 cun

153 764 213 807 une
236 744 377 803 distantia
400 743 438 802 ab
461 758 520 801 uno
544 749 654 820 puncto
671 740 698 802 G
718 759 777 801 nou
802 740 924 801 deliniat
945 741 1043 801 locum
1066 746 1160 819 ipsias
1175 741 1212 819 Q,
1235 756 1352 823 oportet
1373 766 1413 807 ex
1434 750 1517 827 ejus·

153 834 219 893 dem
241 831 405 908 Hipparchi
427 839 525 890 monte
549 830 623 889 daos
639 829 809 906 depromere
833 828 907 889 tales
923 828 1079 891 distantias
1094 849 1114 891 a
1129 830 1245 891 duabus
1262 832 1366 895 stellis.
1403 833 1516 911 Quodsi

152 919 340 981 consulamus
362 926 477 995 praeter
505 921 563 977 lsta
583 917 747 994 Ilipparchi
778 917 870 977 verba
892 934 928 977 ex
956 918 1138 995 geographia
1160 918 1326 982 Ptolemaei
1356 924 1515 1001 verbisque

152 1007 261 1068 blarini
285 1005 413 1066 adducta
427 1009 517 1066 etiam
534 1004 657 1064 alteram
674 1004 780 1078 locum,
804 1021 892 1085 quem
907 1022 944 1063 ex
961 1008 1025 1081 ipso
1042 1005 1212 1084 Hipparcho
1228 1007 1362 1085 Scaliger
1380 1008 1515 1087 adduxit,

151 1094 238 1173 polus
261 1102 338 1155 certe
361 1093 440 1153 illins
464 1095 604 1169 temporis
626 1109 816 1169 nequaquam
839 1091 893 1151 luit
908 1093 938 1149 in
954 1094 1065 1153 vicinia
1079 1096 1173 1171 ipsias
1188 1094 1223 1169 E,
1246 1095 1298 1155 sed
1314 1099 1345 1155 ia
1367 1098 1423 1157 tali
1439 1096 1514 1173 loco,

152 1186 202 1260 qai
226 1199 292 1243 cam
315 1183 351 1253 A,
375 1182 409 1255 E,
434 1178 462 1239 G
492 1183 624 1258 proxime
652 1180 780 1241 iaciebat
809 1186 1003 1255 tetragonum.
1049 1181 1152 1259 Longo
1179 1184 1329 1259 igiturex
1350 1182 1514 1265 Hipparchi

151 1272 299 1332 sententia
321 1268 518 1329 removendas
541 1277 586 1327 est
608 1268 695 1344 polus
718 1266 744 1343 Q
768 1286 787 1327 a
809 1266 897 1327 stella
919 1268 953 1327 li.

260 1356 398 1417 Absurde
413 1356 486 1433 W)
518 1354 646 1415 Rursum
662 1356 717 1415 hoc
732 1354 806 1413 nihil
821 1354 912 1415 habet
927 1352 1057 1428 absurdi,
1080 1357 1105 1415 si
1128 1355 1216 1433 polus
1238 1360 1379 1421 transivit
1393 1358 1431 1422 dc
1450 1360 1515 1423 loco

153 1447 183 1504 ia
206 1444 304 1505 locam
326 1446 382 1505 sub
406 1444 472 1503 liris
495 1454 524 1503 ct
548 1442 667 1521 quidem
691 1446 721 1501 in
744 1444 853 1503 vicinia
876 1440 970 1503 Ursae
992 1444 1126 1517 minoris,
1156 1444 1258 1505 stellas
1282 1446 1362 1507 illius
1385 1450 1515 1511 constel-

151 1534 270 1594 lationis
293 1533 520 1593 australisshnas
543 1531 631 1591 hodie
653 1532 747 1592 lactas
770 1529 997 1591 borealissimas.
1036 1530 1137 1607 Atqui,
1161 1534 1203 1591 ait
1225 1533 1366 1613 Scaliger,
1392 1536 1449 1598 boc
1471 1548 1515 1599 est

154 1630 255 1681 contra
278 1620 463 1699 hypothesin.
503 1620 579 1679 Nam
603 1637 680 1696 quae
703 1628 747 1679 est
770 1619 983 1691 borealissima,
1008 1634 1097 1695 quarn
1118 1618 1308 1697 Hipparchus
1330 1624 1515 1685 australissi·

152 1728 240 1783 mam,
264 1708 317 1767 illa
338 1717 383 1767 est
405 1726 474 1769 vere
496 1708 709 1768 borealissima.
748 1706 839 1780 Illud,
864 1710 997 1783 inquam,
1023 1714 1085 1767 crat
1108 1716 1239 1785 tempore
1261 1709 1437 1789 Hipparchi,
1460 1714 1515 1775 hoc

153 1804 199 1859 est
221 1798 320 1857 hodie.
368 1796 446 1871 Ergo
469 1795 647 1873 hypothesin
675 1794 816 1872 Scaligeri
840 1812 923 1855 suam
947 1794 996 1855 sol.
1023 1801 1075 1855 25.
1098 1812 1156 1854 uon
1180 1802 1360 1860 concesserit
1382 1800 1516 1881 llippar·

153 1884 226 1946 chus
249 1886 286 1945 de
309 1902 365 1943 sua
387 1892 493 1944 aetate.

256 1972 334 2048 Ergo
357 1973 471 2031 inverte
495 1971 645 2030 scholion:
671 1968 840 2049 „quomodo
857 1971 1082 2029 excusabimas“
1100 1968 1294 2045 Scaligcrum,
1318 1974 1372 2047 qui
1395 1976 1512 2037 stallum

151 2060 323 2137 Hipparcho
346 2058 444 2119 indice
458 2058 713 2131 australissimam,
737 2066 893 2133 propterca
916 2057 997 2132 quod
1019 2057 1107 2117 hodie
1123 2064 1167 2117 est
1185 2058 1401 2133 borealissima,
1425 2064 1515 2121 etiarn

150 2156 220 2207 tunc
243 2148 347 2207 statuit
369 2147 603 2206 borealissimam
626 2146 732 2219 luisse,
763 2147 858 2221 arogis
880 2162 1006 2221 sequens
1031 2144 1187 2204 Eudoxum
1210 2162 1308 2205 crasse
1331 2145 1513 2223 loquentem,

150 2253 238 2313 quarn
255 2234 473 2311 llipparchum,
497 2235 612 2294 lladori
627 2250 794 2307 censorem,
818 2240 917 2291 actato
940 2232 1110 2294 doctiorcrn.
1144 2231 1263 2307 „Quare
1277 2251 1438 2310 puerorum
1464 2245 1514 2296 aut

151 2323 309 2383 idiotarum
333 2323 479 2382 erroribus
494 2321 629 2382 leviculis
645 2338 879 2395 succenseamus,
904 2322 954 2396 qai
971 2330 1031 2379 tarn
1048 2321 1194 2379 famosam
1210 2322 1404 2399 scriptorem‘
1429 2340 1513 2385 cum·

151 2428 208 2489 quc
232 2412 296 2488 jam
324 2428 423 2471 senem
449 2413 497 2485 „in
523 2418 582 2469 tam
609 2410 764 2469 manifesta
794 2409 882 2485 eulpa
905 2416 1017 2468 ettam
1044 2407 1171 2484 joculari
1199 2408 1434 2471 hallucinatione
1459 2412 1512 2473 de·

150 2499 367 2577 prehendimus.
413 2498 563 2559 Prodeant
595 2500 697 2575 igitar,
730 2498 780 2573 qai
810 2496 879 2555 huic
907 2499 1019 2573 stupori
1048 2498 1269 2573 patrocinentur
1290 2508 1321 2557 et
1343 2500 1462 2577 nigram
1484 2502 1512 2559 iu

150 2587 275 2649 candida
298 2584 443 2646 vortant.·‘

254 2674 373 2733 Scholio
397 2691 466 2734 vcro
483 2674 521 2733 ll.
545 2674 673 2749 speciem
697 2672 781 2731 atlcrt
802 2672 873 2731 novi
897 2674 1071 2747 argumenti.
1109 2672 1168 2732 Cur
1190 2674 1268 2733 enim
1290 2672 1397 2733 stellae
1415 2674 1511 2749 „EF

150 2761 220 2821 dicti
243 2760 411 2841 perena&
436 2764 506 2837 quia
529 2764 606 2819 circa
629 2760 656 2818 G
679 2760 770 2833 ibant,
794 2768 827 2818 ιιι
849 2758 961 2818 hodic?
998 2758 1119 2835 Species
1147 2764 1267 2836 inquam
1296 2770 1342 2821 cst
1365 2766 1438 2821 novi
1463 2780 1511 2821 ar·

149 2852 290 2927 garrienti,
313 2866 371 2907 non
396 2858 609 2925 argumentans.
653 2848 728 2905 Nam
759 2849 809 2923 qai
840 2846 914 2905 dixit
936 2846 963 2905 G
986 2847 1102 2924 polunr,
1136 2849 1214 2909 idean
1238 2850 1272 2921 E,
1295 2850 1320 2907 t*
1344 2848 1421 2909 dixit
1444 2850 1511 2911 ideo

149 2960 304 3017 paganae,
334 2954 369 2996 eo
393 2937 473 3012 qaod
497 2938 625 2995 varietas
649 2935 813 2993 altitudinis
844 2937 937 3011 ipsias
960 2933 988 2993 G
1011 2936 1104 2996 oculis
1127 2954 1186 2996 non
1210 2936 1450 3013 discernebatur,
1480 2948 1511 2999 ιιι

150 3041 220 3085 vero
243 3026 278 3095 li,
301 3026 326 3083 F
347 3024 409 3101 jam
432 3042 522 3101 supra
545 3023 582 3095 G,
603 3024 665 3099 janr
689 3023 764 3081 inira
787 3025 958 3082 viserentur.

256 3112 319 3173 Fol.
346 3120 396 3171 ld.
422 3112 494 3189 Cap.
510 3111 567 3172 lll.
607 3110 676 3169 ιΙιιιιι
699 3128 843 3169 summanr
867 3110 1076 3185 disputationis
1099 3111 1169 3169 lacit
1191 3110 1339 3187 Scaliger3
1363 3116 1510 3189 agnoscit,

149 3198 273 3259 duorum
296 3199 420 3259 alterurn
444 3218 509 3259 esse
532 3200 747 3272 necessariam,
780 3207 812 3257 ut
834 3207 886 3257 aut
908 3197 1013 3257 stellae
1035 3215 1168 3275 prorsurn
1196 3207 1283 3269 cant,
1315 3208 1368 3257 aut
1399 3212 1511 3277 puncta

149 3290 261 3363 tropica
288 3298 461 3361 retrorsarn;
493 3286 566 3345 illud
595 3304 664 3346 vero
688 3304 720 3345 sc
743 3296 828 3362 putat
859 3286 1053 3359 destruxisse,
1086 3286 1235 3346 concludit
1264 3286 1353 3361 igitar
1382 3288 1419 3349 de
1443 3288 1511 3349 hoc.

150 3374 257 3435 Falsus
282 3391 352 3435 vero
375 3386 429 3435 est.
475 3376 550 3435 h'anr
573 3392 668 3450 neque
692 3376 839 3450 probavit,
863 3372 964 3433 stellas
987 3374 1150 3448 acqualiter
1172 3376 1277 3435 abesse
1300 3376 1406 3451 apolo
1422 3376 1511 3437 hodie

151 3470 180 3523 et
205 3463 285 3535 olirn,
309 3480 367 3521 rran
390 3465 496 3522 absunt
521 3465 598 3522 eninr
622 3461 792 3537 acqualiter,
816 3471 844 3519 et
868 3464 892 3518 si
907 3462 1070 3537 probasset,
1094 3462 1151 3521 hoc
1173 3461 1270 3521 solum
1285 3460 1418 3537 haberet,
1444 3462 1512 3523 illas

150 3552 179 3607 in
204 3552 327 3611 zodiaco
351 3568 408 3610 nou
434 3556 483 3623 irc,
508 3552 560 3609 scd
584 3550 744 3609 secundnm
760 3558 950 3625 aequaturum
973 3550 1042 3607 illae
1066 3550 1157 3609 nihilo
1173 3553 1269 3607 minas
1285 3560 1409 3625 possent
1425 3570 1511 3629 pror·

150 3654 224 3711 sura,
248 3656 343 3714 acqrre
366 3652 455 3715 atquo
481 3650 549 3697 tunc
573 3640 685 3714 tropica
707 3646 828 3713 possent
851 3639 891 3696 ire
914 3649 1069 3695 retrorsum
1093 3640 1319 3714 transpositione
1343 3638 1510 3716 eclipticas,

149 3733 183 3784 ιιι
205 3744 281 3785 ιιιιιιι
304 3726 335 3785 lit
352 3730 578 3804 transpositione
594 3728 772 3801 aeqrratoris.
811 3723 1002 3783 Gridiculanr
1018 3726 1163 3799 quaquam!
1187 3726 1219 3785 Si
1243 3742 1346 3785 verunt
1369 3734 1425 3799 cst,
1450 3744 1510 3787 nou

150 3816 257 3873 variari
282 3814 450 3874 distantiam
474 3832 492 3874 a
514 3814 601 3892 polo,
631 3815 694 3889 jam
718 3822 852 3871 neutrum
875 3830 951 3888 opus
973 3814 1027 3871 erit
1050 3812 1161 3886 dicero,
1192 3830 1288 3891 neque
1310 3812 1416 3873 stellas
1439 3834 1510 3891 pro·

148 3902 245 3977 gredi,
278 3919 374 3977 neque
404 3913 514 3978 purrcta
544 3900 734 3961 retrocedere.
782 3901 856 3959 Nam
879 3898 957 3959 aride
981 3899 1163 3975 deprehensa
1185 3912 1229 3959 est
1257 3900 1409 3977 elongatio
1433 3904 1511 3963 lira·

147 4006 210 4047 runt
234 4009 253 4047 a
275 3992 395 4065 tropicis
420 3992 537 4067 punctis
547 3994 563 4048 ἰ
603 3987 686 4049 [fade
710 3991 797 4059 enirn,
820 3990 876 4045 nisi
900 4008 918 4047 a
941 3988 1077 4046 variabili
1102 3988 1321 4048 declinatione?
1359 3990 1418 4049 llio
1433 3990 1511 4051 Ses-

147 4074 239 4147 liper,
263 4078 412 4153 qrrornotlo
437 4078 542 4149 discis,
571 4076 689 4153 Spicum
713 4077 783 4135 olim
806 4076 896 4134 luisse
919 4078 948 4131 in
973 4076 1031 4133 ‘toll
1046 4072 1105 4157 llll,
1123 4076 1186 4152 jam
1210 4094 1275 4136 esse
1298 4078 1328 4133 in
1355 4076 1411 4137 18⁰
1431 4078 1510 4149 ἐι

148 4162 249 4223 liabes
274 4168 506 4237 iastrurncntarn,
530 4182 589 4243 qno
613 4164 783 4223 distantiam
806 4166 844 4223 ab
867 4166 1054 4239 aequinoctio
1077 4166 1228 4223 rrretiaris't
1265 4163 1350 4223 Tune
1365 4177 1510 4241 qrrrnctuur

147 4254 324 4327 aequinoctii
348 4250 441 4313 curnis
465 4252 581 4312 oculis?
612 4252 716 4311 l‘osset
740 4250 857 4329 quidem
880 4251 1023 4310 beneficio
1046 4250 1148 4311 laruae
1170 4253 1237 4311 seiri
1260 4250 1413 4327 elongatio
1429 4252 1509 4315 Solis

146 4358 165 4401 ιι
188 4338 246 4399 lira
268 4347 297 4399 ct
319 4338 465 4400 irradiante
490 4340 593 4399 diurno
609 4340 685 4400 Solis
709 4342 796 4401 etiarn
820 4338 969 4417 elongatio
992 4336 1049 4398 loci
1065 4358 1083 4397 a
1099 4338 1165 4413 lira,
1189 4342 1218 4397 in
1241 4356 1301 4417 quo
1324 4338 1378 4400 Sol
1400 4344 1509 4421 aequi·

145 4540 229 4579 ruente
254 4534 319 4579 circa
337 4534 358 4589 Q
378 4532 517 4579 describent
543 4534 651 4581 rnlnores
677 4530 784 4581 circulos
807 4546 885 4595 quam
903 4534 938 4595 G,
964 4546 1030 4595 qnae
1055 4536 1190 4581 rnaxirnum
1214 4532 1334 4581 describit
1353 4552 1417 4585 uara
1443 4536 1508 4585 sil*

146 4600 220 4665 long·-
240 4604 368 4653 raiaorvnr.
388 4602 455 4665 quud
476 4612 514 4649 ναι
534 4606 700 4667 rrupatnrinnr.

250 4674 273 4719 ‘t
292 4674 319 4717 ln
339 4674 500 4719 «aruer-inne
524 4674 625 4723 nsandi.
649 4678 669 4719 si
690 4676 744 4735 ipss
762 4676 789 4719 tlt
809 4676 834 4721 ln
855 4674 913 4737 pulc
933 4676 970 4733 Q.
997 4680 1023 4721 ιιι
1044 4674 1095 4720 ralt
1116 4674 1288 4737 {lippus-has.
1314 4674 1390 4723 stella
1408 4680 1431 4723 li
1452 4692 1507 4741 pur·

148 4745 262 4790 veniente
283 4744 312 4787 ιιι
332 4752 417 4805 partes
437 4744 480 4789 uhi
499 4754 536 4791 cst
558 4746 584 4793 ll.
605 4746 659 4807 ipo-a
674 4744 692 4791 l:
711 4754 735 4789 et
756 4744 866 4807 reliquae
882 4746 911 4807 A,
927 4742 956 4793 ll.
971 4744 998 4793 Γ.
1014 4744 1038 4791 lt
1050 4754 1122 4793 crunt
1141 4760 1216 4807 snpra
1229 4748 1260 4809 ti,
1280 4746 1340 4809 pulo
1359 4748 1507 4801 virtatem.

147 4812 234 4875 ltaque
253 4816 273 4857 ti
294 4815 340 4859 orit
359 4814 470 4859 orantium
489 4812 678 4881 australissiara,
696 4816 765 4879 qued
784 4828 814 4863 cu
835 4816 917 4865 verbis
936 4814 1028 4863 blariai
1044 4814 1213 4877 confirmatur,
1232 4820 1258 4865 ia
1278 4818 1372 4879 quibus
1390 4818 1508 4885 llippss-

145 4882 206 4931 chus
225 4896 280 4931 cam
299 4880 508 4933 australiselrusur
526 4890 606 4935 voest.
