3308 5534
406 392 586 455 summarium
603 396 740 471 Historiae
757 396 948 457 Astronorniaa
965 398 1058 458 seenlo
1075 399 1149 459 ΧΠ
1399 401 1462 473 631

114 580 226 661 lycho,
256 579 329 656 hae,
360 597 438 656 qnae
462 598 497 640 ex
520 581 697 656 aequatione
719 578 825 639 solaris
847 585 944 639 motus
967 579 1046 650 duit,
1070 583 1099 638 in
1124 579 1209 640 Luna
1231 596 1290 641 nou
1314 587 1359 640 est
1381 596 1461 640 usus.

114 671 171 731 len
193 671 271 733 bcue
293 671 400 745 accipit
422 684 488 727 mea
510 668 618 737 verba,
650 669 736 741 quasi
759 665 911 739 dixissem,
942 684 989 726 me
1012 668 1085 726 nibil
1109 667 1145 726 de
1167 668 1252 728 Luna
1277 683 1365 745 posse
1388 684 1461 727 con-

114 755 224 817 tudere
254 756 312 815 uisi
334 756 495 833 perspectis
517 763 546 814 et
568 754 689 830 reliquis
719 753 855 830 planetis.
901 754 966 829 ligo
990 771 1059 814 vero
1082 754 1138 814 hoc
1167 754 1315 828 dicebam,
1346 763 1461 815 tautum

114 845 175 904 nihi
199 845 405 920 occupationis
428 859 493 902 essa
515 843 544 899 in
568 840 695 918 planctis
718 844 830 916 ceteris,
854 850 967 903 utnon
993 850 1079 902 vacet
1101 847 1269 904 examinare
1292 842 1358 917 illa,
1383 860 1461 920 quae

114 932 240 994 habeus
258 931 322 1007 iam
346 930 522 992 elaboraret.

206 1021 252 1078 Ad
268 1038 301 1094 p:
322 1019 393 1089 Quid
411 1020 494 1088 igitur
511 1017 659 1087 litigemus,
678 1018 702 1073 ai
714 1018 835 1086 Tychoni
848 1036 957 1090 quoque
974 1037 1030 1077 nou
1048 1020 1151 1091 placuit
1162 1021 1344 1091 hypothesis?
1362 1016 1461 1094 Kep-

118 1122 233 1165 ernsr
254 1106 320 1165 Non
344 1104 461 1181 quidem
486 1103 522 1163 de
545 1103 602 1163 hoc
625 1102 784 1178 litigamus,
808 1102 942 1181 Tychoni
964 1122 1022 1164 non
1046 1104 1203 1181 placuisse,
1225 1103 1277 1163 sed
1292 1104 1461 1165 Praetorius

114 1201 196 1254 otum
210 1192 408 1269 abjiciendam
424 1192 531 1268 litiget,
556 1207 612 1267 ego
635 1199 687 1249 aut
708 1190 889 1250 retinendam
912 1202 964 1251 aut
987 1194 1163 1252 ometlorem
1187 1191 1359 1264 cudendum,
1385 1210 1461 1268 quae

114 1298 204 1343 amen
227 1280 334 1341 effectu
358 1287 388 1339 et
410 1295 554 1339 consensu
578 1294 644 1337 cum
668 1278 832 1337 observatis
855 1286 908 1338 aut
929 1288 1036 1355 aequet
1050 1289 1103 1339 eut
1118 1288 1237 1357 superet
1250 1279 1460 1356 Tychonicam.

204 1378 249 1435 Ad
265 1378 299 1437 lt:
317 1378 350 1432 In
370 1376 540 1445 autographo
562 1376 674 1445 Kepleri
693 1383 846 1445 sequuntur
861 1378 945 1434 verba
962 1379 1095 1434 Praetorii
1112 1378 1195 1449 plane
1211 1378 1373 1447 interrupte,
1392 1395 1462 1447 quae

114 1474 174 1523 orte
185 1466 326 1537 Ksplcrus
344 1479 379 1519 ex
396 1463 580 1532 manuscripto
600 1462 634 1517 ed
650 1463 797 1531 juvandam
814 1465 969 1519 memoriam
988 1465 1040 1519 sibi
1054 1472 1206 1523 notaverat.
1237 1465 1289 1520 Hic
1301 1465 1385 1534 igitur
1396 1465 1460 1536 iegi-

114 1562 173 1602 ms:
199 1544 268 1611 ,aad
286 1545 368 1599 etiam
387 1543 422 1597 ad
440 1542 630 1599 antecedentia
643 1584 650 1599 .
664 1583 670 1594 .
684 1582 711 1597 ..
744 1538 773 1596 K
784 1540 845 1616 epl
856 1558 952 1600 erus:
976 1541 1070 1600 Nemo
1088 1541 1211 1615 dubitat,
1228 1543 1253 1600 si
1268 1540 1330 1599 fleri
1346 1544 1458 1618 possit3

114 1640 133 1690 tt
152 1630 250 1689 lorme
272 1627 474 1705 hypotheseos
496 1629 590 1702 primo
614 1628 743 1684 omnium
760 1626 848 1687 debet
869 1644 934 1687 esse
957 1629 1036 1687 utilis
1052 1627 1184 1704 epochae
1199 1629 1289 1687 nostrl
1308 1630 1458 1704 temporis,

114 1714 183 1795 qnod
213 1716 473 1775 observationibus
496 1732 514 1773 e
537 1712 652 1772 Braheo
684 1714 792 1773 lectum
820 1721 866 1774 est
892 1717 1161 1775 instructissimum.
1215 1716 1459 1775 Demonstreutur

114 1805 188 1881 taius
210 1802 282 1862 mali
297 1802 414 1862 tolerati
431 1800 617 1861 incommoda
631 1810 691 1860 tam
709 1818 816 1877 magua
830 1804 858 1858 in
876 1802 981 1862 effectu
1003 1810 1034 1863 et
1055 1803 1168 1878 maiore
1183 1820 1271 1879 quam
1293 1802 1458 1863 aberrantis

114 1892 294 1970 lopemicaei
304 1889 419 1949 calculi.
436 1889 529 1949 Nemo
542 1896 638 1964 neget,
647 1891 672 1947 si
685 1892 788 1965 possit,
795 1888 849 1949 sed
859 1889 915 1949 hoc
926 1889 998 1948 nihil
1009 1889 1046 1949 ed
1058 1907 1124 1950 mea
1138 1891 1322 1965 verbe,quac
1334 1891 1458 1950 notavit.

205 1981 250 2036 Ad
267 1982 292 2035 i:
316 1982 375 2036 Hoc
393 1997 449 2036 non
467 1979 598 2048 intelligo.
635 1981 698 2034 Non
717 1979 790 2034 bone
808 1981 982 2049 computatio.
1018 1977 1224 2054 Keplerus:
1242 1977 1395 2036 Contraria
1412 1976 1459 2036 dl-

114 2069 158 2143 ritq
182 2082 260 2143 quae
283 2082 342 2125 noo
364 2063 512 2141 intelligit,
536 2066 587 2140 qni
610 2062 776 2139 dijudicet?
812 2064 875 2140 Ego
898 2065 945 2123 hie
967 2066 1064 2125 verbis
1086 2065 1211 2140 ostendi,
1235 2065 1305 2141 quid
1320 2073 1460 2141 sequatur

114 2172 143 2215 ex
163 2155 321 2214 omissione
343 2154 434 2229 partis
457 2154 650 2227 aequationis,
675 2150 705 2209 id
727 2157 831 2227 postca
853 2151 977 2212 defendo
1000 2154 1028 2209 in
1052 2151 1196 2229 qualitate
1212 2151 1353 2228 exemplis
1375 2153 1460 2211 simi·

114 2242 191 2316 ibus,
213 2240 311 2301 refuto
334 2243 364 2299 iu
387 2241 559 2314 quantitate,
583 2241 608 2297 si
631 2237 744 2298 seilicet
766 2236 916 2299 Praetorio
939 2255 1111 2316 pereamus,
1136 2240 1272 2300 adhibita
1294 2241 1383 2317 etiem
1406 2239 1458 2299 illa

114 2331 243 2406 temporis
264 2326 411 2403 aequandi
434 2335 525 2403 parte,
550 2342 638 2401 quem
662 2324 795 2387 Braheus
818 2328 925 2386 omisit.
964 2327 1110 2386 irascatur
1132 2330 1220 2404 igitur
1244 2327 1327 2387 coelo
1350 2333 1380 2386 et
1402 2328 1459 2386 ob·

114 2419 227 2477 matis
250 2424 280 2476 et
302 2432 356 2474 suo
379 2413 538 2491 postulato,
562 2420 595 2472 ut
616 2421 732 2490 tempus
754 2419 904 2490 aequetur.
945 2413 1020 2474 Nem
1036 2414 1093 2474 hec
1108 2432 1216 2475 causae
1232 2422 1302 2474 suut
1323 2414 1458 2474 obscuri·

114 2508 172 2567 atta
193 2512 223 2566 et
240 2502 456 2579 perplexitatis.

206 2589 295 2667 Quod
316 2592 419 2662 nescit,
437 2589 501 2665 jam
524 2588 610 2648 decui
633 2591 662 2647 in
685 2589 779 2651 fronte
795 2589 883 2665 hujus
900 2591 1036 2665 paginae.
1076 2588 1160 2649 Errat
1175 2589 1272 2666 igitur,
1296 2587 1456 2649 secundem

114 2686 215 2749 >artem
239 2677 386 2754 aequandi
408 2686 524 2752 tempus
546 2685 653 2752 potans
676 2693 741 2736 esse
762 2677 836 2736 nihil
851 2676 941 2751 aliud,
966 2694 1054 2752 quam
1070 2676 1202 2736 tabulam
1218 2676 1364 2752 aequandi
1379 2683 1456 2736 tom-

114 2780 166 2827 rus
210 2765 318 2825 Dicam
340 2764 457 2824 clarius.
502 2763 619 2822 Tabula
640 2761 789 2841 Tyehouis
812 2767 891 2841 prior
919 2780 972 2840 pro
995 2763 1065 2823 Sole
1096 2763 1293 2840 computando
1324 2765 1455 2824 continet
1498 2812 1501 2817 .

114 2860 392 2931 utramquepartem
412 2852 598 2928 aequationis
620 2853 768 2926 temporis,
791 2852 893 2912 tabula
915 2855 1068 2928 posterior,
1091 2868 1144 2928 pro
1167 2851 1253 2910 Luna
1272 2851 1360 2925 lacta,
1384 2868 1456 2911 con-

114 2939 287 3003 loctunam
309 2939 412 3001 saltem
435 2951 548 3015 partem
571 2940 756 3014 aequationis
778 2940 931 3016 temporis,
955 2956 1032 3016 quea
1054 2939 1119 2997 fluit
1141 2956 1175 2998 ex
1199 2939 1403 3015 inaequalibus
1426 2946 1455 2999 et

114 3026 232 3107 >hiiquis
262 3028 414 3105 eclipticas
445 3026 666 3086 ascensionibus
697 3028 726 3082 in
755 3025 880 3101 sphaere
908 3034 996 3086 recte.
1041 3025 1148 3084 Mirum
1175 3043 1234 3085 non
1260 3042 1325 3086 essa
1347 3027 1454 3089 bonam

114 3119 364 3196 temporationem,
388 3133 453 3175 cum
477 3113 513 3173 de
536 3112 638 3172 cedem
662 3131 692 3172 re
714 3115 849 3190 utrinque
871 3121 987 3189 agatur.

205 3208 250 3262 Ad
269 3208 301 3262 t:
320 3205 493 3262 Ptolemaeus
512 3204 590 3258 vult.
606 3244 611 3257 .
627 3243 633 3258 .
650 3244 656 3255 .
675 3208 720 3267 (nil
739 3208 869 3272 sequitur).
905 3200 1103 3277 Keplerus:
1127 3199 1174 3258 Ita
1197 3207 1251 3260 est.
1289 3199 1330 3258 At
1345 3200 1397 3260 ubl
1413 3199 1454 3261 ad

114 3301 175 3367 lpus
199 3293 296 3364 venit,
320 3288 427 3349 docens
450 3294 619 3363 computare
643 3287 781 3365 eclipses,
812 3289 935 3365 negligit
958 3288 1111 3348 discrimen
1135 3295 1229 3347 ortum
1253 3304 1289 3347 er
1311 3288 1408 3347 media
1423 3296 1453 3349 ct

114 3392 171 3441 tera
194 3380 384 3456 oppositione
408 3376 532 3452 ejusque
554 3374 704 3448 ellectum,
727 3377 870 3436 rationem
893 3376 1042 3451 neglectus
1063 3373 1145 3435 addit
1166 3375 1326 3435 exilitatem
1350 3374 1455 3435 discri-

114 3470 195 3542 unis,
220 3465 299 3525 unde
321 3481 380 3524 uon
403 3464 480 3522 ultra
504 3465 534 3522 8‘
556 3471 608 3521 aut
632 3462 662 3522 9¹
686 3465 715 3520 in
739 3464 844 3523 edeetu
868 3461 973 3523 calculi
997 3464 1155 3522 varientur.

206 3556 253 3611 Ad
270 3557 294 3611 l:
319 3555 347 3610 si
365 3555 400 3610 de
417 3553 514 3609 mediis
533 3556 569 3609 c(
593 3559 621 3608 et
641 3565 678 3615 σο
695 3595 722 3611 ..
739 3596 746 3610 .
765 3555 810 3616 (ull
828 3560 890 3620 seq.)
932 3534 1137 3626 Replerus:
1156 3548 1196 3608 At
1210 3547 1282 3625 quid
1299 3566 1355 3625 ego
1370 3548 1452 3608 eliud

114 3642 146 3704 ie
168 3640 242 3701 dieo
265 3656 354 3714 quem
377 3635 449 3709 hoq,
473 3639 568 3713 ipsum
591 3637 639 3696 vel
662 3639 691 3694 in
714 3639 853 3712 ambiguo
875 3637 984 3697 Brebei
1012 3636 1128 3697 circello
1150 3654 1203 3713 per
1224 3637 1344 3695 Terram
1367 3635 1454 3695 ducto

114 3730 145 3792 'el
175 3726 273 3806 paulo
303 3726 408 3785 leniori
436 3733 488 3782 eut
516 3726 678 3801 angustiori
707 3724 920 3786 circumducere
949 3732 1079 3785 centrum
1110 3726 1181 3782 novi
1214 3722 1337 3791 circeiii,
1369 3724 1453 3798 cujus

114 3826 200 3880 sotus
222 3833 257 3874 se
279 3811 480 3874 accommodet
508 3812 610 3871 mediis
634 3826 670 3879 ο(
699 3822 729 3872 ct
753 3824 790 3874 00
816 3811 956 3888 inhujus
984 3814 1056 3871 novi
1084 3810 1193 3871 circelli
1215 3810 1453 3884 circumferentia,

114 3902 306 3969 beumlatum
328 3908 458 3961 centrum
480 3902 656 3959 concentrtct
671 3900 773 3959 Lunae
795 3916 907 3959 rursum
931 3899 1080 3976 aequabili
1103 3906 1184 3958 motu
1207 3900 1374 3958 restituetur
1397 3898 1453 3956 sub

114 4011 185 4058 ω
208 4000 249 4054 0‘
278 3995 308 4049 et
332 4002 368 4051 00
393 3996 475 4046 motu
498 4004 534 4046 ex
556 3989 687 4062 utrisque
711 3985 835 4046 circellis
857 3989 1028 4063 composito.

205 4079 311 4137 Ades:
329 4077 548 4135 astronomicum
566 4080 618 4133 hoc
636 4095 701 4134 non.
738 4073 950 4151 Keplerue:
981 4074 1088 4133 Mirum
1110 4075 1144 4147 sl,
1169 4090 1245 4149 quae
1268 4077 1452 4131 astronomus

114 4188 130 4231 ι
151 4166 326 4247 geometria
347 4170 506 4229 mutuatur,
530 4179 567 4221 ea
588 4170 657 4221 sunt
680 4164 884 4236 astronomica,
908 4179 985 4238 quaa
1007 4179 1078 4222 vero
1101 4178 1137 4220 er
1151 4159 1283 4239 physica,
1307 4176 1343 4219 ea
1357 4167 1454 4219 estro·

114 4258 220 4319 omiea
242 4252 345 4312 heberi
367 4266 425 4308 non
448 4248 564 4309 debent.
605 4247 682 4323 Quid
705 4252 731 4307 si
754 4266 790 4308 ne
813 4247 869 4310 hoc
892 4249 1009 4325 quidem
1031 4251 1069 4308 sit
1092 4251 1327 4321 astronomicum,
1351 4246 1454 4325 dispu-

114 4362 179 4418 ιη,
212 4338 296 4418 quod
318 4346 415 4397 motus
438 4336 583 4396 coelorum
615 4336 741 4396 debeant
771 4352 835 4395 esse
858 4336 1113 4411 aequabilissimi?
1147 4338 1255 4413 quippe
1278 4337 1394 4394 axioma
1417 4352 1453 4395 ex

114 4430 229 4511 ὶγιὶω
252 4435 299 4487 est
320 4424 494 4485 medactum.
540 4424 638 4499 Atque
662 4442 718 4484 vae
740 4423 794 4482 tibi
815 4422 955 4500 Keplcre,
979 4425 1030 4500 qui
1051 4426 1077 4483 si
1099 4422 1276 4500 longissimis
1299 4421 1454 4482 sudoribus

114 4516 222 4578 andem
246 4531 353 4575 causas
374 4520 507 4571 motuum
529 4512 668 4589 physicas
691 4513 837 4570 inveneris
860 4518 890 4571 et
911 4529 947 4570 ex
971 4512 1006 4571 iis
1029 4519 1088 4570 tam
1112 4510 1185 4571 bene
1214 4511 1348 4570 docueris
1370 4524 1453 4568 com-

114 4613 224 4678 amre,
257 4618 346 4679 quam
377 4602 451 4660 bene
482 4609 685 4676 computamus
708 4616 744 4658 cx
766 4601 968 4675 suppositione
991 4598 1178 4673 circulorum,
1210 4596 1357 4675 gratitudo
1380 4596 1453 4654 haec

114 4695 159 4752 alt
179 4699 214 4752 nt
234 4695 352 4765 negent,
375 4697 404 4748 te
428 4703 493 4747 esse
515 4687 731 4747 astronomum!
769 4687 878 4746 Dicent
899 4688 988 4763 igitur
1008 4686 1170 4765 physicum.

209 4780 255 4837 Ad
272 4796 303 4836 ss:
329 4778 493 4836 Probatione
511 4793 581 4848 opus
600 4785 651 4835 est.
687 4778 750 4833 Non
768 4778 905 4849 intelligo,
923 4778 1085 4848 explicanda
1101 4776 1171 4830 haec
1188 4774 1317 4844 apertius.
1353 4769 1454 4845 Kep-

114 4859 230 4929 lerasr
257 4862 403 4931 &narde
429 4863 500 4927 tacit
522 4861 558 4924 de
581 4863 662 4930 omni
683 4860 840 4948 magaba,
870 4859 951 4946 qaod
979 4876 1034 4939 ego
1064 4858 1101 4932 de
1123 4857 1262 4925 dbtemb
1284 4852 1350 4925 45⁰.
1393 4856 1455 4937 lieo
