3322 5534
617 383 638 439 1.
658 381 860 441 clausarum.
910 450 914 457 ,
1344 379 1415 449 ,189

53 564 186 643 generati
208 560 302 623 solidi
323 561 361 623 ad
385 564 483 624 omnia
504 578 615 639 puncta
636 563 762 625 laterum
784 565 814 621 in
836 563 902 625 basi
918 560 1062 623 ducuntur
1077 561 1184 639 linoae,
1207 560 1323 639 rejectis
1339 577 1415 636 quaa

55 652 100 711 bis
121 650 214 710 lineis
238 649 441 710 excluduntur.
486 650 698 728 (Pyramides.)
1199 724 1201 729 Ι

162 736 245 813 Quot
267 747 337 797 sunt
358 737 451 798 latera
473 740 562 812 basis,
587 748 631 799 tot
653 755 732 798 nova
754 745 924 797 accrescunt
945 737 1053 815 plana..
1079 734 1160 797 Unus
1183 742 1297 796 tantum
1319 751 1416 811 angu·
1439 796 1443 803 ,

56 825 101 885 lus
125 826 250 901 insuper
272 824 391 884 additus
419 843 507 903 super
537 844 688 886 numerum
711 825 884 901 angulorum
907 828 938 883 in
961 827 1035 885 basi.
1073 824 1118 884 Ex
1145 824 1221 884 cubo
1244 823 1318 883 fiunt
1340 840 1416 882 arro·

56 916 148 991 nymi,
174 910 230 972 sed
252 929 289 971 ex
311 912 471 990 pentaddro
493 912 526 971 tit
549 914 671 974 celebris
691 915 821 990 pyramis
840 912 1048 990 trigono'e'dra:
1072 911 1258 971 tetralidrum.
1295 911 1340 971 Ex
1363 928 1417 989 cy·

57 1000 152 1062 lindro
177 1016 284 1073 corius,
308 1018 346 1061 ex
368 999 548 1079 cylindroide
564 1034 607 1046 -
622 1001 770 1061 conoides.
817 1000 891 1061 Coui
914 1000 1083 1079 superficies
1113 999 1258 1075 explicata
1281 1008 1416 1077 estpars

59 1087 172 1160 circuli,
196 1104 348 1163 nunquam
372 1087 495 1147 circulus
519 1095 608 1149 totus.

165 1175 427 1252 Conrpositae.
473 1176 517 1234 Ex
539 1175 693 1253 pyramide
717 1177 811 1234 omnis
835 1177 1019 1251 compositio.
1058 1174 1220 1251 Corporum
1243 1174 1347 1233 trorum
1368 1176 1417 1232 iu·

59 1263 139 1321 linita
163 1272 244 1321 suut.
290 1261 404 1321 Causae
429 1265 578 1322 varietatis
601 1264 728 1322 multoe:
755 1266 787 1337 1)
810 1263 974 1339 planorum,
999 1262 1075 1321 uude
1092 1262 1258 1340 pyramides
1283 1262 1418 1321 denomi-

60 1362 182 1421 nantur,
213 1349 431 1425 irregularitas,
463 1351 658 1426 inaequalitas
682 1351 804 1409 laterum
828 1360 857 1409 et
879 1351 1068 1427 angulorum,
1098 1349 1257 1409 eorundem
1278 1352 1416 1422 varietas,

63 1440 196 1513 ipsorum
221 1439 311 1495 ctiam
334 1447 435 1497 mutua
458 1437 665 1496 dissimilitudo
689 1448 718 1497 et
740 1440 909 1497 inconstans
924 1454 1070 1509 numerus,
1096 1432 1130 1519 2)
1145 1435 1328 1514 pyramidum
1343 1440 1417 1496 irra-

59 1528 203 1601 gularitas
225 1534 256 1582 ct
278 1523 436 1584 declinatio
459 1527 577 1601 apicum
593 1544 611 1585 a
626 1533 734 1585 centro.
772 1524 982 1601 Regularitatis
1006 1534 1103 1584 autem
1128 1526 1201 1584 lraec
1222 1533 1291 1583 suut
1313 1523 1417 1585 discri-

62 1616 140 1673 mina
164 1614 231 1670 sive
253 1612 354 1687 signa:
381 1606 413 1693 1)
435 1613 619 1689 pyramidum
642 1613 829 1689 regularitas,
855 1612 890 1688 2)
914 1612 1067 1689 planorum
1090 1615 1154 1673 siva
1178 1614 1292 1672 basium
1315 1629 1416 1673 earum

61 1699 239 1776 regularitas
262 1698 365 1774 major,
388 1702 491 1773 minor,
516 1696 546 1779 3)
569 1699 730 1760 similitudo
754 1705 783 1759 et
805 1699 969 1775 aequalitas
986 1701 1110 1772 basium,
1133 1702 1198 1761 sive
1221 1698 1324 1761 eadem
1346 1699 1417 1760 alti·

60 1788 129 1847 tudo
154 1784 351 1863 pyramidum.
389 1785 547 1845 Testantur
569 1790 762 1864 experientia,
787 1804 873 1846 ornus
895 1787 1027 1862 regulare
1044 1786 1145 1864 aliquo
1160 1792 1277 1848 nomine
1300 1805 1365 1847 esse
1380 1806 1417 1847 ex

60 1878 193 1951 quinque
219 1875 399 1949 eorporlbus.
436 1874 472 1933 Id
486 1874 634 1950 quomodo
657 1877 774 1951 probari
796 1880 906 1950 posset,
930 1882 963 1933 ut
985 1874 1041 1933 boe
1062 1882 1150 1952 paeto
1170 1874 1414 1952 supersedeamus

60 1962 108 2021 illo
133 1962 249 2031 labore,
274 1960 431 2036 quaerendi
455 1961 581 2037 angulos
605 1961 769 2022 coeuntes?
807 1962 865 2020 Vix
888 1964 1059 2038 poterimus.

166 2048 367 2107 Instrumenta
388 2048 476 2124 hujus
498 2051 695 2125 inquisitionis
717 2050 790 2108 haee
813 2057 889 2108 sunt.
928 2047 969 2109 Ut
990 2052 1117 2108 sciamus
1133 2049 1317 2125 pyramidum
1333 2067 1416 2110 com-

61 2138 234 2214 ponentium
258 2134 383 2211 angulos
404 2137 532 2209 solidos,
563 2146 703 2212 quotnam
731 2140 807 2197 coire
830 2139 944 2213 possint
966 2136 1004 2194 ad
1035 2135 1267 2212 componendum
1289 2136 1415 2197 solidum

62 2242 163 2285 ouum.
213 2222 247 2280 ld
271 2233 368 2281 autem
391 2224 551 2283 rectissime
573 2225 673 2284 baberi
698 2235 854 2301 potestas
878 2223 1213 2303 basibuspyramidum.
1249 2224 1324 2286 Nam
1340 2243 1416 2302 qua·
1474 2295 1477 2299 g

60 2330 120 2371 mm
145 2306 336 2389 pyramidum
354 2310 438 2370 bases
455 2319 677 2388 coagmentatae
693 2313 790 2389 planis
812 2310 929 2387 angulis
951 2311 1073 2388 implent
1089 2328 1204 2372 omnem
1227 2310 1324 2372 locum
1340 2316 1416 2375 cirea

58 2412 203 2477 punctum
228 2396 337 2473 auguli,
361 2397 475 2456 illarum
498 2399 682 2477 pyramidum
705 2398 806 2476 anguli
822 2399 908 2458 solidi
932 2416 991 2458 non
1008 2407 1076 2459 suut
1099 2401 1161 2477 apti
1183 2398 1221 2458 ad
1237 2418 1416 2478 componen-

60 2486 126 2547 dum
150 2485 295 2561 angulum
319 2484 455 2545 solidum.
500 2487 605 2563 Itaque
627 2487 747 2563 perinde
770 2494 824 2557 est,
847 2487 911 2547 sive
934 2486 970 2546 de
992 2488 1194 2564 pyramidibus
1216 2489 1282 2547 sira
1304 2489 1340 2548 de
1363 2507 1417 2549 ca·

59 2593 119 2635 rum
144 2574 271 2632 basibus
295 2571 435 2633 dicamus.
481 2573 589 2647 Plana,
621 2592 697 2651 quac
719 2573 848 2635 alliciunt
870 2574 993 2650 siugulis
1016 2574 1132 2651 angulis
1154 2573 1250 2651 pluris
1268 2581 1416 2636 ‘summam

60 2672 190 2739 quatuor
212 2662 300 2719 rectis
325 2659 372 2721 sel
394 2662 551 2737 aequalem
566 2660 616 2723 vel
637 2663 788 2738 maiorem,
812 2680 900 2721 unum
916 2661 1041 2721 solidum
1064 2664 1187 2723 formare
1210 2679 1268 2722 nou
1284 2672 1415 2740 possunt.

58 2747 167 2826 Itaque
192 2751 268 2806 inter
290 2746 380 2824 plana
403 2748 536 2822 ejusdem
558 2750 681 2827 speciei:
709 2749 740 2826 1)
755 2757 774 2809 3
790 2749 952 2825 triangula,
977 2750 1008 2824 2)
1027 2758 1045 2808 4
1062 2749 1217 2828 triangula,
1240 2748 1271 2828 3)
1288 2758 1305 2813 3
1323 2753 1416 2811 mian·

58 2837 138 2913 gula,
165 2838 200 2909 l)
218 2842 236 2895 3
255 2834 408 2911 quadrata,
433 2836 465 2913 5)
482 2843 499 2897 3
517 2836 747 2913 quinquangula,
772 2854 895 2913 quorum
910 2855 1024 2897 summa
1039 2846 1084 2898 est
1108 2843 1136 2911 2,
1162 2836 1212 2921 2ξ,
1237 2839 1288 2921 3,¹„
1309 2845 1338 2913 3,
1355 2839 1414 2921 323

58 2922 206 2985 habemus
230 2925 258 2979 in
282 2921 465 2997 regularibus
488 2923 662 3001 angulorum
685 2929 702 2985 5
727 2926 848 3001 species.
885 2925 921 2983 Iu
945 2925 1040 3001 planis
1064 2924 1197 2984 diversae
1220 2929 1329 3002 speciei
1352 2929 1416 2985 exi·

58 3022 139 3071 stunt
165 3008 394 3069 innumerabiles
427 3010 538 3070 formae
568 3010 727 3070 solidorum
755 3013 938 3088 angulorum.
984 3013 1018 3071 ln
1041 3012 1097 3071 lrac
1126 3016 1266 3084 mistione
1290 3015 1415 3077 tenenda

58 3098 131 3160 baec
165 3097 282 3175 regula:
315 3099 409 3157 omnis
436 3099 538 3175 anguli
565 3098 651 3158 solidi
681 3100 762 3175 plani
791 3099 891 3175 anguli
922 3099 1092 3160 claudentes
1122 3098 1209 3159 simul
1236 3104 1324 3161 sumti
1356 3119 1414 3161 uno

58 3185 160 3247 demto
183 3195 253 3243 suut
274 3185 401 3260 maJores
424 3186 547 3262 reliquo.
592 3185 697 3245 Nullus
725 3186 838 3246 solidus
868 3187 1000 3264 pluribus
1024 3194 1041 3247 3
1067 3189 1162 3264 planis
1186 3188 1303 3265 augulis
1325 3207 1414 3267 rogu-

58 3276 172 3337 laribus
196 3271 352 3333 clauditur.

167 3360 299 3437 Species,
324 3360 375 3419 ubi
398 3365 416 3419 3
441 3358 521 3436 plani
543 3369 665 3420 coeunt:
696 3361 725 3437 a)
751 3366 769 3421 5
793 3361 929 3436 trianguli
953 3363 1038 3435 meri,
1068 3364 1101 3436 b)
1127 3368 1146 3422 4
1168 3364 1320 3440 triangulis
1343 3367 1415 3426 mis·

59 3454 117 3511 scri
132 3458 233 3527 potest
247 3446 477 3524 quadrangulus,
501 3449 749 3525 quinquangulus,
764 3466 822 3508 non
837 3448 1025 3525 sexangulas,
1050 3454 1079 3523 c)
1097 3456 1114 3509 3
1131 3451 1285 3527 triangulis
1303 3459 1321 3512 2
1339 3470 1415 3529 qua·

59 3538 145 3598 drata
168 3554 227 3596 non
250 3538 418 3609 miscentur,
442 3535 644 3595 multominus
669 3542 686 3595 2
711 3536 933 3613 quinquangula
948 3546 1002 3596 etc.
1027 3544 1056 3597 et
1070 3537 1272 3599 multominus
1288 3546 1306 3600 2
1322 3544 1415 3601 trian-

60 3626 138 3703 gulis
165 3632 183 3685 3
209 3621 354 3699 quadrata
375 3630 450 3702 ete,
474 3641 542 3700 ergo
565 3631 679 3683 tarrtum
703 3626 859 3700 3species.

165 3712 296 3788 Species,
320 3710 370 3769 ubi
395 3718 414 3771 4
436 3712 517 3787 plani
541 3717 661 3770 codunt:
687 3717 706 3771 4
730 3712 866 3788 trianguli
890 3712 977 3785 meri3
1008 3713 1100 3771 tribus
1124 3714 1277 3789 triangulis
1299 3717 1416 3777 misceri

59 3812 159 3877 potest
184 3807 198 3860 1
226 3797 455 3875 quadrangulus,
482 3806 496 3859 1
522 3798 779 3874 quinquangulum
802 3799 917 3858 duobus
940 3801 1093 3877 triangulis
1115 3803 1272 3861 miscentur
1295 3810 1313 3863 2
1338 3820 1416 3877 qua-

61 3888 154 3961 drata,
177 3888 354 3964 quadratum
376 3893 406 3945 et
429 3887 690 3963 quinquangulum,
715 3886 888 3962 quadratum
913 3895 942 3946 ct
964 3886 1174 3963 sexangulum3
1203 3896 1220 3947 2
1246 3893 1414 3966 quinquan-

57 3976 146 4053 gula;
173 3983 188 4035 1
216 3972 469 4051 quinquangulum
491 3992 558 4034 cum
582 3982 597 4034 1
623 3975 802 4051 sexangu103
838 3982 851 4034 1
878 3975 1131 4052 quinquangulum
1155 3994 1220 4035 curu
1246 3984 1260 4036 1
1287 3985 1413 4054 septan-

57 4064 142 4141 gulo:
167 4066 283 4139 speeies
308 4068 335 4123 9.

164 4148 248 4211 Unus
273 4148 435 4226 triangulus
458 4152 596 4210 miscetur
621 4154 638 4209 3
664 4148 830 4225 quadratis,
863 4157 880 4210 2
905 4149 1056 4226 quadratis
1079 4155 1108 4209 et
1134 4157 1147 4209 1
1174 4153 1410 4229 quinqueangulo:

90 4242 171 4301 ecies
196 4246 225 4299 2.

57 4256 89 4317 ψ
163 4324 221 4387 Uni
245 4322 402 4399 triangulo,
426 4327 476 4383 uni
500 4322 703 4401 quadrangulo
725 4342 783 4384 non
807 4326 963 4384 miscentur
988 4332 1005 4384 2
1031 4325 1267 4402 quinquangula3
1292 4335 1310 4387 4
1336 4346 1412 4405 qua·

57 4414 203 4491 drangula
217 4432 276 4473 riou
293 4418 408 4473 eoifunt.
433 4412 553 4471 Sumrna
569 4412 814 4487 quadrilincorum
826 4411 985 4471 solidorum
1002 4415 1095 4487 primo
1111 4412 1232 4486 infinita,
1247 4415 1351 4475 deiude
1364 4424 1412 4479 14.

160 4502 282 4579 Species
305 4502 356 4561 ubi
380 4507 398 4559 3
423 4501 503 4576 plani
526 4504 634 4559 coe'uut
660 4500 689 4575 1)
705 4503 760 4559 tria
783 4497 945 4574 triangula,
971 4498 1001 4576 2)
1025 4498 1140 4559 duobus
1163 4502 1316 4578 triangulis
1340 4507 1412 4562 mis-

56 4596 136 4647 cetur
160 4590 347 4665 quadratura,
371 4587 633 4663 quinquangulum.
673 4586 703 4664 3)
718 4584 814 4646 Unum
844 4587 1022 4662 triangulum
1046 4587 1240 4663 aqusdraus,
1265 4608 1329 4648 curn
1353 4608 1411 4651 uuo

54 4676 199 4751 quadrato
216 4686 245 4735 ct
263 4684 277 4736 t
295 4675 526 4753 quinquarrgulo,
546 4682 559 4733 1
577 4673 740 4751 sexangulo
757 4685 822 4746 ete,
838 4673 1056 4750 undecangulo:
1071 4678 1185 4751 speeies
1202 4683 1230 4736 8.
1264 4678 1295 4753 4)
1313 4674 1411 4738 Unum

56 4764 234 4841 triangulum
250 4781 316 4825 cum
332 4770 351 4823 2
368 4761 607 4839 quinquangulis,
622 4779 688 4823 cum
707 4769 720 4821 1
740 4761 962 4841 quinquangula
978 4770 1006 4823 et
1021 4779 1079 4824 uuo
1100 4762 1260 4842 sexangulo
1275 4773 1321 4826 etc
1322 4807 1411 4832 .....

56 4856 95 4913 23
120 4852 246 4933 angulo:
271 4853 459 4930 adspectas.
