3308 5534
807 407 883 466 reas.
1450 386 1516 480 §03

157 586 276 649 crebrer
299 586 511 665 beerefftigung
534 587 585 648 loir
607 586 728 648 Jobann
751 585 896 664 Kepplsr‚
928 588 1006 648 moin
1030 586 1216 664 ganohniicb
1239 588 1430 664 Petiscbadt,
1453 590 1520 653 bie-

158 683 253 736 nnteu
276 676 426 735 otientiieh
451 675 654 753 rugettuckirt.
1133 703 1136 707 ·

267 761 439 822 llesciloben
461 779 516 822 aue
531 763 697 838 Tiibiugen‚
721 760 892 821 Mittuoclrs
907 760 963 822 den
982 770 1011 822 ii.
1027 762 1098 822 ileo.
1123 761 1175 822 dos
1190 762 1395 825 abinonendsn
1411 765 1521 826 Secbs·

155 849 379 911 zebenhundort
401 849 493 911 Socho
518 849 576 909 vnd
598 850 830 926 swaintalgisten
853 847 952 909 Jabrs.
1193 899 1195 903 ,

1097 936 1205 996 Jobnn
1228 936 1366 1013 KeppIer

934 1022 984 1083 der
999 1023 1084 1082 litim.
1100 1023 1180 1102 Kay.
1196 1023 1251 1083 Mi.
1277 1024 1335 1084 vnd
1353 1027 1433 1085 sinor
1447 1025 1520 1090 iiibl.

574 1157 587 1199 t
933 1109 1038 1173 Landt.
1060 1108 1088 1169 d.
1104 1110 1190 1172 Ersh.
1208 1109 1394 1172 Oesterrelcb
1417 1113 1456 1173 ob
1468 1111 1520 1174 der

457 1195 505 1271 (b.
532 1194 583 1270 S.)
1006 1197 1065 1257 lius
1088 1196 1318 1259 Mathematicus
1340 1216 1379 1258 m.
1402 1218 1446 1277 pr.

1024 1284 1199 1346 Lodomeos
1222 1284 1395 1361 Kepplerus
1567 1322 1572 1329 ·

928 1368 1005 1430 Phil.
1028 1371 1111 1432 Stud.
1135 1373 1210 1449 Stip.
1230 1372 1390 1434 Fiirloriaui
1413 1373 1520 1435 Alam-

1135 1475 1191 1519 nus
1213 1477 1251 1519 m.
1265 1477 1318 1538 ¹pr.
1511 1470 1513 1475 ’

264 1629 399 1700 liepierns
419 1627 498 1684 Ulmo
516 1627 584 1682 haec
603 1625 651 1680 dat
668 1624 852 1696 Schickardo,
872 1626 1042 1697 respondens
1059 1627 1094 1682 ad
1114 1628 1275 1685 Schicirardi
1293 1628 1328 1687 de
1346 1630 1404 1689 filio
1422 1630 1518 1688 literas

153 1715 358 1788 (deperditas):

263 1806 307 1869 Oi.
330 1807 403 1865 Viro
426 1808 465 1866 D.
491 1805 536 1867 W.
559 1805 731 1866 Schiclrarto
760 1804 789 1866 S.
813 1803 847 1863 b.
874 1803 1042 1865 Professori
1071 1806 1100 1863 in
1134 1804 1297 1867 Academia
1324 1806 1517 1885 Tublngeo'si,

157 1896 292 1957 Domino
315 1895 410 1954 amico
434 1903 464 1952 et
486 1892 595 1969 hospiti
619 1910 684 1952 meo
708 1891 889 1952 charissimo.

268 1981 447 2041 Asaintato
477 1998 528 2057 per
557 1979 756 2040 Mitsebelium
784 1980 915 2039 vicissim
945 1977 1043 2055 salve,
1076 1979 1235 2040 amicornm
1263 1998 1349 2058 apex.
1395 1981 1438 2041 iix
1461 1981 1518 2044 hnc

153 2084 227 2130 cum
250 2066 427 2138 didicissem,
451 2067 541 2128 illiarn
565 2085 658 2127 meam
676 2065 858 2125 Ludovlcam
881 2065 961 2142 apud
985 2082 1039 2125 vos
1061 2067 1186 2127 honesta
1208 2068 1357 2130 iunctione
1374 2070 1404 2127 in
1418 2069 1534 2137 culina,

154 2156 346 2218 Plciderisna
375 2159 484 2215 vietum
513 2154 652 2224 tolerare,
682 2162 712 2213 et
742 2155 864 2230 gavisus
886 2170 950 2212 sum
974 2155 1119 2230 impense,
1143 2168 1172 2214 et
1194 2157 1244 2213 risi
1267 2156 1451 2216 effusissime.
1490 2154 1517 2216 0

155 2246 309 2304 fortunam
333 2245 451 2302 minime
475 2259 603 2321 caecam,
628 2244 652 2302 si
675 2242 826 2300 fortuitum
849 2239 907 2300 hoc
929 2248 983 2312 est,
1008 2242 1160 2317 multoque
1183 2258 1272 2318 quam
1296 2246 1353 2319 ego
1375 2243 1418 2303 ini
1442 2260 1516 2303 ocu·

138 2331 313 2405 'latiorem3
336 2332 385 2406 qui
410 2332 498 2390 toties
522 2347 587 2390 cnm
611 2329 720 2405 forcipe
743 2328 887 2404 capillitio
910 2328 975 2404 ejus
991 2327 1162 2396 dormientis
1178 2330 1376 2404 imminebsm,
1400 2333 1516 2408 prasci·

153 2435 245 2478 snrus
268 2416 355 2476 iilud:
386 2434 452 2476 enm
476 2418 656 2493 ignorarem,
687 2414 860 2492 capillitium
889 2416 1030 2475 inservire
1059 2417 1243 2492 extergendis
1267 2415 1336 2477 olim
1359 2417 1517 2498 pediculis,

152 2507 349 2566 nuncetiam
373 2507 452 2565 vasis
476 2506 655 2580 coquinariis
678 2511 708 2562 et
729 2504 891 2563 mensariis.
931 2500 1042 2562 Overo
1067 2511 1187 2579 argutos
1211 2517 1266 2563 vos
1287 2506 1403 2580 patoml
1425 2507 1516 2565 animi

153 2592 356 2669 coniectores,
385 2593 410 2650 sl
438 2591 494 2650 lroc
516 2609 576 2650 non
599 2608 617 2650 a
638 2591 756 2650 fortuna
778 2597 836 2662 est,
866 2585 919 2648 sed
943 2605 961 2647 a
985 2596 1082 2649 vestra
1109 2590 1304 2666 providentis.
1352 2590 1515 2669 Epistoiam

152 2680 197 2751 ad
222 2697 267 2740 mo
289 2681 412 2755 primam
437 2678 514 2736 filius
537 2680 616 2736 misit
637 2677 761 2736 latinam
784 2675 919 2753 quidem:
944 2676 1078 2754 gaude03
1110 2687 1142 2736 at
1163 2696 1183 2738 a
1204 2695 1293 2738 sensu
1315 2686 1376 2738 tam
1398 2679 1524 2756 puerili,-

153 2775 191 2826 nt
215 2766 252 2826 do
275 2775 420 2842 potestate
441 2766 544 2841 judicii
566 2764 630 2840 ejus
653 2763 796 2824 sollicitas
819 2766 884 2824 sim.
929 2763 1055 2823 Veniam
1077 2765 1217 2845 deniquo
1235 2782 1293 2824 uno
1318 2766 1408 2826 verbo
1430 2768 1514 2843 petit,

152 2855 235 2914 bene
257 2853 314 2912 boc
334 2855 379 2934 sie
400 2856 486 2928 satis;
518 2861 548 2912 ai
572 2853 794 2928 exspectabam,
827 2859 859 2910 ut
881 2851 918 2911 ad
943 2868 989 2911 mc
1012 2853 1205 2928 perscriberet
1233 2854 1363 2913 rationes
1385 2855 1514 2913 minutas

153 2951 188 3003 et
210 2942 351 3017 temporis
374 2947 403 2998 ei
433 2943 575 3016 pecuniae
606 2953 751 3015 expensae
780 2945 810 2998 et
837 2937 1000 2999 debitorum
1030 2941 1139 3014 passim
1168 2948 1392 3000 contractorum.
1437 2940 1513 3000 lia·

153 3030 208 3090 irie
230 3029 449 3088 enumeratione
479 3035 664 3103 peccatorum
693 3026 890 3085 minutissima
920 3041 995 3100 opus
1019 3033 1079 3099 est,
1111 3029 1137 3085 si
1166 3028 1248 3104 eupit
1275 3029 1382 3089 moeri.
1427 3027 1513 3105 Rogo

151 3133 264 3193 urgeas
288 3115 378 3187 illum,
403 3122 436 3173 nt
457 3117 552 3191 prima
575 3114 731 3175 occasione
755 3111 785 3171 id
807 3120 945 3189 praestet.

269 3201 355 3277 Quod
379 3219 424 3260 rnc
447 3219 499 3277 per
521 3201 720 3261 Mitscheiium
743 3200 877 3272 hortaris,
902 3206 934 3257 ut
957 3198 995 3257 ad
1019 3215 1074 3258 vos
1096 3216 1256 3275 excurram,
1279 3210 1376 3263 meins
1395 3218 1443 3263 me
1463 3219 1514 3262 ar·

150 3291 227 3352 resti
244 3299 309 3356 (sle.)
326 3310 344 3347 a
360 3288 549 3348 creditoribus
566 3289 617 3347 iiiii
633 3289 690 3347 mei
709 3285 831 3363 impedit
846 3287 917 3362 (non
933 3294 1021 3345 vacat
1036 3288 1076 3346 ob
1093 3304 1137 3360 eo,
1162 3307 1286 3365 qnorum
1302 3306 1393 3350 eausa
1415 3291 1513 3367 veni);

148 3379 298 3458 pecunias
321 3385 354 3434 nt
376 3375 419 3433 iili
442 3377 669 3436 subministretis
691 3366 820 3450 petenti,¹
842 3373 1010 3434 nuliatenus
1033 3379 1198 3436 consentio:
1219 3376 1333 3452 judicio
1355 3394 1444 3454 puer,
1467 3386 1514 3438 te·

148 3466 292 3526 mentam
320 3463 476 3540 plusquam
502 3466 545 3520 vir
568 3472 621 3525 est.
667 3459 706 3522 Ut
729 3478 799 3522 vero
823 3468 921 3521 tecum
947 3460 998 3520 ille
1019 3463 1149 3523 rationes
1179 3466 1260 3524 insat
1287 3472 1438 3524 sumtuum
1458 3480 1514 3525 ue·

149 3553 360 3622 cessarlornm,
385 3550 414 3608 id
437 3568 532 3627 neque
555 3559 625 3610 tuoe
645 3550 854 3626 occupationes
876 3548 950 3609 serre
966 3547 1111 3624 videntur,
1134 3568 1230 3627 oeque
1253 3551 1325 3610 mibi
1348 3551 1513 3612 consultum

150 3647 218 3712 cst,
248 3640 300 3714 qni
322 3645 435 3708 metuo,
467 3655 504 3696 ne
528 3638 751 3697 intercessiones
782 3634 862 3712 apud
885 3644 913 3694 te
937 3635 968 3695 S.
992 3635 1104 3696 Mariae
1127 3639 1248 3696 nimium
1271 3639 1390 3698 valeant
1420 3655 1513 3714 eoque

150 3735 260 3788 eontra
283 3733 334 3783 tna
358 3726 480 3800 imperia
501 3725 643 3794 muniant,
665 3723 805 3782 lacrumis
821 3738 873 3799 pro
889 3722 942 3781 iiiii
964 3740 1032 3781 meo
1056 3723 1145 3798 iusis3
1171 3733 1201 3784 et
1222 3732 1375 3800 praetores
1396 3724 1515 3802 longius

149 3816 266 3876 absunt
288 3810 386 3871 aedes.
432 3812 468 3872 D.
492 3812 533 3871 M.
557 3810 710 3871 Flaiderns
733 3819 763 3870 et
785 3810 883 3869 verbis
906 3817 936 3868 et
956 3812 1084 3869 maximo
1111 3812 1356 3888 physiognomica
1378 3813 1512 3889 propris·

152 3909 221 3962 taio
244 3898 345 3958 vuitus
367 3900 492 3957 amicum
517 3916 549 3958 se
571 3916 667 3958 meum
691 3900 851 3973 ingenuum
874 3903 904 3956 et
925 3898 1070 3955 sincerum
1092 3900 1250 3974 professus,
1273 3898 1513 3961 aedes-Fioklern

147 3989 312 4063 contiguus
335 3986 464 4059 habitat,
488 3995 517 4044 et
540 3988 709 4045 autminus
732 4000 820 4060 quarn
844 3990 875 4042 tn
898 3992 950 4043 ant
972 3995 1050 4044 certe
1072 3988 1194 4046 suavius
1223 3994 1400 4066 occupator,
1422 3995 1513 4063 poeta

147 4076 294 4138 canisii.
339 4073 454 4133 Primae
479 4080 575 4132 tamen
608 4075 666 4131 sint
689 4080 757 4131 tuas
780 4078 879 4147 partes
902 4069 1135 4147 deliberationis,
1160 4086 1230 4133 anm
1253 4076 1293 4132 sit
1313 4075 1339 4134 ls
1364 4074 1436 4132 milri
1457 4074 1514 4134 ad·
1541 4123 1548 4133 .

148 4161 272 4226 enudus
296 4160 352 4232 bio,
376 4177 452 4219 aune
476 4161 577 4235 aliqua
598 4160 694 4219 subsit
715 4159 847 4235 suspicio
870 4158 1052 4235 corruptelae
1067 4177 1086 4219 a
1102 4162 1334 4222 commeantibus
1356 4169 1409 4221 snt
1422 4160 1515 4221 coba-

147 4248 339 4320 bitantibus,
369 4250 395 4305 si
423 4247 484 4306 filio
514 4264 578 4307 meo
610 4245 814 4323 quotidianum
843 4261 995 4305 aceessnm
1024 4244 1062 4305 ad
1091 4247 1172 4306 illum
1195 4253 1365 4324 impetrem,
1397 4248 1512 4310 consilii

146 4335 292 4415 capiendi
317 4351 407 4394 cansa
431 4344 461 4394 et
482 4334 714 4407 srrtboramenti,
744 4336 774 4391 in
799 4333 935 4391 omnibus
957 4335 1103 4393 sumtibus
1126 4336 1276 4396 iaciendis.
1312 4335 1349 4395 Si
1370 4335 1445 4395 nilril
1465 4337 1515 4394 in·

146 4425 241 4486 venis
263 4417 407 4495 ὓπουλον,
432 4422 479 4481 vei
500 4422 562 4497 jam
586 4423 686 4480 statim
708 4437 791 4480 meos
814 4418 852 4479 ad
868 4419 1037 4479 Fiaiderum
1061 4431 1159 4498 partes
1181 4440 1254 4499 ago,
1275 4423 1338 4500 jam
1360 4425 1438 4483 enirn
1459 4441 1515 4483 sx-

145 4510 259 4575 elndor
281 4516 411 4584 tompore
434 4528 452 4568 a
475 4508 645 4582 scribend03
674 4509 720 4566 sin
743 4507 845 4580 aliter,
873 4509 988 4566 interim
1011 4522 1080 4584 orgo
1104 4517 1135 4569 tu
1158 4517 1257 4588 partes
1281 4510 1347 4571 ilias
1369 4513 1514 4571 sustineto

146 4597 237 4678 apud
259 4597 386 4668 intrices,
407 4603 544 4668 sartores,
568 4602 682 4655 sutores
705 4612 725 4654 a
747 4596 894 4672 praesenti
918 4603 1058 4671 tempore,
1083 4597 1152 4656 dum
1176 4599 1322 4658 rationum
1345 4599 1409 4675 ejus
1431 4605 1516 4663 eete-

145 4691 257 4766 logum
281 4691 407 4758 tuasque
429 4683 531 4742 literas
555 4684 705 4759 recipiam.

135 4852 147 4865 .
265 4770 368 4831 Scribe
399 4758 488 4832 stiam
519 4769 555 4831 de
579 4769 690 4830 Beckio
721 4775 751 4830 et
772 4766 817 4828 de
839 4785 949 4849 mappa
976 4770 1137 4832 universali
1167 4769 1309 4848 birnitia,
1340 4771 1420 4851 qnod
1445 4778 1515 4835 ante
