3308 5534
324 460 327 465 ,
399 393 582 478 bmnium
598 393 736 452 Historiae
753 394 944 453 mnenoniae
960 395 1053 453 seculo
1070 393 1143 452 xvi
1397 393 1461 464 657

345 578 596 648 hpdoenonia
619 579 814 639 calendarii
836 580 1041 652 Gregorieni
1061 579 1222 650 perpetui

514 701 534 743 a
556 681 767 760 christophoro
790 680 896 744 Olario
918 685 1046 761 scriptae

694 781 877 841 Emaculetio.

214 896 242 952 1.
264 889 540 968 Quartodecimenie
562 911 615 970 pro
639 909 735 955 errore
757 889 806 952 vel
823 890 938 979 beereei
955 890 1065 965 tribuit,
1089 889 1201 968 pascha
1215 889 1361 952 interdum
1384 887 1463 952 cele·

133 977 194 1040 bara
213 995 279 1041 cum
301 977 426 1041 Judaeis
450 980 534 1042 Luna
557 981 670 1042 decima
693 987 806 1057 quarta
852 977 910 1039 llic
932 981 988 1038 tria
1012 977 1151 1041 dicenda:
1181 978 1320 1039 Primum.
1352 976 1462 1039 Judaei

132 1064 219 1142 panna
239 1066 425 1127 celebrarunt
440 1068 525 1129 Luna
547 1068 661 1130 decima
684 1075 789 1145 quarta
810 1082 870 1127 non
892 1067 1051 1143 incipiente
1073 1067 1126 1127 sed
1148 1065 1276 1141 finiente,
1300 1067 1372 1127 bora
1387 1082 1463 1142 quae

133 1162 165 1213 nt
181 1156 289 1214 mitium
313 1174 491 1233 azymorum.
538 1155 684 1216 Secundo.
718 1156 875 1214 Christiani
900 1163 1013 1214 veteres
1036 1154 1216 1214 ceremonias
1238 1154 1394 1232 paschales
1425 1154 1463 1212 ad

133 1240 301 1302 britrtioncm
318 1242 461 1304 ecclesiae
476 1243 497 1303 J
500 1242 623 1304 udaicae
639 1247 811 1320 inceperunt
825 1241 925 1302 itidem
940 1261 959 1300 a
976 1259 1099 1319 vespera
1115 1241 1317 1303 antecedente.
1351 1241 1463 1302 Tertio.

133 1324 180 1387 lou
198 1336 242 1390 est
262 1329 393 1390 haerede
416 1331 464 1391 vcl
487 1347 575 1404 error,
599 1329 711 1408 pascha
737 1328 881 1389 interdum
903 1328 1051 1390 celebrare
1066 1329 1170 1391 eodem
1185 1329 1232 1389 die
1248 1347 1315 1389 cum
1330 1327 1465 1403 Judaeie,

133 1411 266 1488 immede
295 1416 358 1478 dies
392 1435 544 1495 vesperam
575 1417 745 1494 paschalem
773 1415 956 1477 Judacorum
987 1434 1115 1493 sequens
1143 1419 1182 1477 eit
1214 1416 1276 1476 dice
1308 1408 1464 1479 dominica.

132 1498 167 1561 llll
188 1521 253 1565 vero
285 1503 426 1566 baeretici
457 1505 707 1582 quartadecimani
738 1503 804 1565 ideo
832 1505 875 1564 sic
897 1503 968 1563 dicti
990 1511 1074 1579 suut,
1107 1505 1185 1581 quod
1216 1503 1327 1582 pascba
1343 1518 1464 1581 ‘semper

133 1602 180 1651 orn
197 1588 322 1653 ludaeis
344 1593 564 1669 quartadecima
585 1592 671 1653 Luna
699 1591 820 1653 finiente
851 1591 1056 1653 celebrandum
1085 1600 1261 1654 certauerunt
1289 1609 1464 1671 quacunque

131 1672 185 1759 lule
201 1678 403 1741 hebdomadis.

212 1773 241 1845 2,
265 1766 374 1828 Veram
390 1785 511 1829 caueam
527 1767 669 1842 desidero,
694 1785 745 1828 cur
766 1768 851 1828 initio
866 1767 966 1827 bullae
982 1764 1118 1844 Gregorii
1134 1766 1343 1828 Calendarium
1354 1765 1463 1828 ‘dixerit

130 1860 292 1931 papetoum.
328 1854 404 1915 Nam
427 1857 453 1915 ei
476 1872 534 1915 vox
557 1862 786 1933 perpetuum
809 1853 848 1915 ad
869 1854 966 1915 solum
989 1855 1104 1933 cyclum
1120 1863 1288 1932 epactarum
1315 1858 1463 1928 insertum,

132 1952 229 2002 ineam
251 1959 405 2003 numemm
437 1953 580 2003 remotum
609 1943 745 2018 refertur,
776 1942 869 2002 multa
898 1958 968 2020 ergo
990 1944 1020 2000 in
1043 1942 1095 2002 illa
1123 1942 1206 2002 bulla
1228 1943 1265 2003 de
1288 1945 1464 2020 aequatione

134 2026 189 2107 aar
208 2029 313 2091 colaris
337 2037 365 2091 et
387 2029 462 2108 cycli
485 2039 654 2109 epactarum
677 2038 778 2103 erunt,
811 2047 888 2107 quae
910 2048 968 2090 non
992 2033 1209 2109 praecipiuntur
1232 2032 1289 2089 nisi
1313 2031 1368 2090 sub
1392 2048 1465 2090 con-

133 2110 222 2178 ¹{tituta
243 2115 310 2193 bac,
333 2117 478 2194 siquidem
501 2118 711 2198 posterioribus
726 2118 906 2196 temporibus
920 2134 991 2178 vera
1005 2120 1173 2196 apparitura
1196 2120 1263 2196 sint,
1287 2136 1363 2195 quae
1378 2117 1466 2177 hodie

134 2198 297 2285 italiorum
320 2208 444 2266 scientia
466 2215 608 2268 tenemus.
652 2204 827 2280 Fatendum,
850 2204 999 2269 confusius
1021 2205 1111 2284 paulo
1134 2207 1272 2284 scriptam
1294 2205 1405 2265 bullam
1428 2205 1465 2264 ab

132 2286 290 2371 beennon,
314 2291 503 2354 adulantibus
527 2311 650 2371 quorum
673 2300 736 2354 erat
750 2291 903 2353 revidendi
918 2309 1016 2371 opera.
1054 2292 1089 2352 Id
1106 2290 1226 2354 clarius
1241 2292 1361 2353 bonoria
1376 2310 1467 2354 cauea

133 2379 209 2442 flecte
230 2382 335 2457 ntique
358 2379 467 2456 debuit,
493 2384 608 2441 veniam
631 2382 720 2458 igitur
741 2386 877 2441 meretur.

215 2474 245 2529 3.
266 2466 419 2543 Rationes,
437 2486 488 2529 cur
504 2485 590 2529 veros
605 2475 703 2528 motus
719 2467 844 2528 ecclesia
858 2483 917 2528 nou
933 2475 1082 2545 sequetur,
1098 2485 1157 2527 non
1172 2477 1315 2548 pugnant3
1337 2469 1467 2546 genuina

129 2566 203 2614 auca
223 2563 268 2616 est
301 2557 424 2630 omissa,
458 2557 609 2616 arbitrium
632 2555 791 2630 ecclcsiae,
823 2571 900 2633 quae
928 2554 993 2615 ecla
1016 2564 1046 2616 et
1068 2558 1156 2616 unica
1183 2575 1273 2617 causa
1302 2555 1332 2614 id
1355 2556 1465 2616 iactum

128 2641 232 2717 ltablllt,
256 2648 372 2704 ceterae
394 2640 479 2704 iecile
501 2643 649 2723 profligari
672 2650 806 2722 possunt.
851 2642 967 2703 Deinde
996 2642 1172 2704 affirmatum
1194 2660 1253 2703 non
1276 2643 1379 2704 debuit
1401 2660 1466 2703 esee

189 2729 246 2791 talc
269 2730 306 2791 da
329 2731 465 2791 omnibus
488 2733 566 2791 veris
588 2732 718 2791 motibus
745 2731 860 2807 ejectis,
883 2733 1025 2791 retinetur
1048 2733 1125 2791 enim
1148 2749 1236 2791 reme
1259 2739 1355 2791 motus
1378 2730 1466 2809 Solis.

201 2825 277 2879 certe
306 2816 408 2879 debuit
436 2836 500 2878 ease
530 2817 667 2895 generale
698 2817 873 2877 affirmatum
901 2817 937 2879 de
966 2819 1102 2899 omnibus
1133 2818 1236 2879 mediis
1266 2818 1395 2879 motibus
1410 2818 1467 2877 're-

128 2904 215 2979 hdr,
237 2923 306 2967 nam
328 2908 358 2964 in
387 2905 456 2965 Sole
486 2905 575 2966 medii
602 2915 699 2965 motus
727 2922 787 2965 non
809 2914 951 2968 tenentur.
989 2905 1098 2966 Nititur
1119 2906 1285 2967 emendatio
1309 2904 1467 2966 calendarii

128 2984 272 3067 mudum
295 2991 443 3054 decretum
466 2992 595 3054 Niceuae
617 2992 723 3072 synodi
745 2991 926 3053 instituenda
946 3009 1006 3053 non
1029 2994 1157 3054 motibus
1181 2993 1357 3055 coelestibus
1379 3009 1467 3072 prae-

128 3072 177 3139 ’ᾱ
195 3081 363 3160 praescitis,
396 3079 447 3140 sed
471 3080 625 3141 voluntate
647 3082 774 3159 supremi
799 3097 947 3141 sacrorum
970 3083 1121 3155 antistitis,
1147 3081 1185 3141 ed
1209 3081 1392 3142 commodum
1416 3096 1467 3140 ec-

128 3161 229 3244 elatae
251 3168 423 3230 facilitatem
447 3166 554 3228 calculi
575 3178 604 3230 et
626 3168 798 3229 scandalum
821 3167 974 3227 vitandum
997 3171 1189 3247 respicientis.

218 3262 247 3317 l.
261 3255 328 3316 lion
344 3255 444 3315 debuit
460 3271 567 3333 negare
584 3273 685 3316 verum
697 3257 914 3333 aequinoctium
929 3256 1089 3333 aliquando
1105 3257 1234 3319 futurum
1247 3256 1293 3317 die
1307 3255 1467 3316 27.Martii

131 3334 296 3420 emaciari.
341 3343 440 3403 Primo
463 3360 521 3403 non
546 3342 699 3420 distinguit
722 3359 825 3403 vocem
840 3345 1028 3420 aequinoctii,
1052 3343 1130 3420 quod
1145 3344 1305 3421 aliquando
1321 3353 1365 3404 est
1384 3344 1466 3404 locus

128 3426 176 3491 nb
193 3430 264 3504 brie,
289 3429 449 3508 aliquando
473 3438 588 3508 tempus
611 3448 664 3491 een
687 3433 827 3491 terminus
850 3433 1002 3509 temporie,
1027 3440 1182 3508 utrumque
1205 3449 1308 3492 rorum
1332 3430 1380 3490 vel
1402 3449 1466 3490 me-

128 3510 204 3580 dur
233 3517 331 3580 Primo
346 3519 542 3595 significatum
566 3520 783 3597 aequinoctium
806 3534 865 3579 non
888 3526 985 3597 potest
1007 3512 1064 3578 dici
1087 3518 1208 3581 bouvel
1228 3519 1341 3580 illodie
1357 3518 1467 3591 Martii,

128 3600 173 3664 'tl
188 3604 243 3668 loc
264 3605 313 3667 vel
336 3605 389 3667 illo
411 3605 477 3667 loco
500 3606 642 3685 sphaerae
665 3606 796 3669 fixarum.

593 3794 681 3854 medio
700 3803 742 3852 est
760 3793 835 3852 buca
850 3802 941 3853 motus
954 3792 1026 3853 Solis
1069 3742 1152 3904 Zer‘iffi
1165 3740 1183 3933 ξ
1196 3796 1240 3853 die
1258 3794 1392 3853 Martii..
1409 3833 1415 3849 .
1430 3836 1434 3847 .

157 3929 234 4003 intur
250 3935 279 3993 in
297 3937 460 4008 aequinoctii
478 3936 540 3993 loco

593 4093 657 4133 sero
676 4083 719 4133 eet
735 4077 809 4134 linea
826 4084 917 4134 motus
935 4077 1008 4133 Sabe
1070 4025 1152 4081 modu
1193 4079 1237 4134 die
1255 4077 1395 4139 Martii..
1411 4117 1437 4134 ..

1069 4146 1126 4186 Verl

215 4255 351 4319 Secundo
366 4257 538 4317 Pruteuicas
560 4255 671 4333 allegat
684 4274 851 4336 perperam,
868 4265 903 4317 ut
923 4275 1000 4335 quae
1015 4274 1073 4317 nou
1090 4257 1126 4318 de
1142 4266 1272 4337 tempore
1287 4259 1464 4335 aequinoctii

128 4341 204 4405 ubi
223 4354 258 4406 ut
282 4344 412 4418 Clarius,
440 4344 492 4403 sed
515 4344 552 4405 da
574 4345 640 4404 loco
662 4346 840 4422 aequinoctii
863 4345 919 4404 sub
942 4345 1008 4404 bris
1030 4345 1198 4423 loquuntur.
1244 4347 1344 4407 Tertio
1367 4345 1465 4405 Molc-

128 4429 190 4493 lbm
214 4431 336 4495 adducit
365 4431 579 4509 particulariter
610 4433 794 4509 loquentem,
830 4449 867 4492 ac
895 4434 921 4491 ei
952 4433 1125 4509 generaliter
1155 4433 1300 4510 loquatur.
1353 4434 1464 4508 Estque

128 4514 222 4597 bium
244 4520 418 4597 apartibus
442 4518 589 4596 Gregorii,
621 4522 691 4596 quia
712 4521 857 4596 posterior
878 4521 994 4596 scripsit
1016 4528 1045 4580 et
1068 4521 1184 4581 tabulas
1207 4521 1325 4598 quidem
1349 4520 1465 4596 Grego-

128 4603 220 4669 flnra
263 4605 376 4684 Quarto
407 4615 508 4667 contra
537 4607 679 4668 ecclesiae
709 4607 892 4672 voluntatem
915 4607 1075 4684 (siquidem
1102 4627 1167 4669 eam
1195 4618 1273 4669 recte
1301 4609 1464 4686 explicasse

128 4698 298 4771 maro)
330 4693 460 4755 defendit
489 4701 600 4756 motum
630 4694 708 4755 Solis
740 4712 842 4755 verum
876 4695 970 4771 eiecto
1000 4695 1112 4770 medio,
1144 4695 1232 4772 idque
1261 4696 1463 4773 praesentibus

128 4780 229 4844 mlle.
274 4780 385 4859 Quinto
408 4782 513 4843 iuturie
536 4781 643 4843 seculis
666 4800 762 4858 neque
783 4799 886 4843 verum
908 4800 1005 4859 neque
1027 4783 1156 4845 medium
1171 4783 1249 4843 Solis
1264 4792 1376 4843 motum
1391 4798 1464 4863 con·

128 4866 183 4930 ulit
202 4873 233 4929 in
255 4871 685 4950 computatione-aequinoctii,
708 4868 761 4934 sed
783 4877 898 4934 tantum
919 4888 1024 4971 verum
1045 4878 1075 4934 et
1088 4871 1217 4937 medium
1240 4868 1338 4934 locum
1359 4870 1464 4948 aequi·
1580 4937 1582 4940 Α

166 4971 257 5025 rarus
271 4969 425 5026 camma
1223 4969 1258 5030 43
