3308 5534
155 422 221 498 852
670 416 867 481 vra-raanan
884 416 1007 495 liepleri.

155 608 184 659 et
198 599 340 672 Epitoms,
362 615 413 657 nec
430 615 485 656 non
503 598 537 655 de
554 598 637 655 rebus
654 597 840 669 astrologicis,
857 596 970 654 Juliano
988 595 1111 654 Medicea
1127 596 1226 655 thema
1243 599 1446 672 nauclogicu
1461 617 1518 659 caa-

152 688 227 759 tout,
247 687 320 759 quod
338 705 356 744 a
373 688 526 758 Septembri
543 689 572 744 in
589 687 770 744 Novembrem
786 687 860 742 inter
877 691 1022 754 utrumque
1040 684 1144 756 pluries
1162 686 1323 744 dbcussurn
1342 696 1396 746 ert

173 772 180 787 “
258 777 304 832 Ex
322 776 366 834 his
385 776 508 848 epistolis
527 793 560 835 ca
585 777 780 841 desumimus,
807 778 879 844 quae
903 773 939 829 ad
960 772 1074 843 Kepleri
1096 772 1189 828 studia
1213 782 1244 829 et
1268 776 1357 832 ritum
1380 778 1517 848 pertinent

153 864 270 932 Remo,
296 864 344 935 qui
366 865 557 930 nunciaverat,
585 878 615 919 se
636 879 702 934 ,pro
728 863 833 920 medico
857 869 886 918 et
904 861 1097 917 mathematico
1117 862 1255 918 camareo
1281 872 1432 935 acceptum
1448 870 1517 921 ears*

152 958 234 1022 atque
246 950 318 1006 inter
330 951 384 1008 alia
397 951 583 1020 quaesiverat,
601 967 655 1021 quo
669 957 743 1007 statu
755 955 849 1008 essent
860 948 1065 1007 observationes
1083 948 1271 1020 Tyehonicae,
1288 952 1440 1023 respoudit
1455 952 1519 1024 [ep

151 1036 235 1094 ierus,
247 1038 350 1108 (Dec),
369 1037 501 1106 gratulari
519 1053 549 1093 ae
568 1054 622 1094 non
640 1044 697 1093 tam
715 1037 816 1108 Remo,
835 1052 916 1107 quarn
935 1035 1118 1092 astronomiae
1137 1045 1167 1093 et
1183 1038 1241 1095 sibi
1258 1038 1332 1109 ipsi,
1353 1040 1404 1108 qui
1420 1054 1518 1109 prone

151 1129 213 1182 tore
230 1125 260 1180 in
279 1125 343 1181 aula
361 1124 455 1181 salard
480 1125 523 1182 sui
541 1123 671 1181 suffultus
690 1124 734 1180 sit.
774 1125 858 1191 ,Nam
877 1124 1013 1179 hacteuus
1037 1131 1086 1178 aut
1104 1125 1158 1180 soli
1175 1126 1246 1181 mrhi
1263 1126 1451 1184 laborandum
1466 1126 1518 1183 1ι1.

152 1220 202 1270 aut
219 1213 243 1269 sl
262 1213 456 1271 calculatorem
474 1214 570 1283 ascivi,
597 1213 762 1283 quandoque
784 1213 924 1283 impensae
942 1211 1054 1268 luerunt
1072 1211 1215 1268 faciendae
1235 1213 1271 1269 da
1288 1230 1369 1281 rneo,
1386 1231 1448 1270 curu
1460 1214 1518 1271 riri

151 1314 187 1356 ex
205 1301 269 1357 aula
286 1300 464 1356 solveretur.“
501 1302 572 1355 Dein
591 1300 711 1370 explicat
728 1300 815 1357 Remo
833 1298 954 1355 miculos
973 1315 1024 1369 per
1041 1298 1222 1368 logarithmos
1241 1299 1442 1371 absolvendos,
1458 1316 1518 1371 gaas

151 1386 217 1445 dicit
238 1387 362 1454 ,felicem
380 1388 563 1443 calamitatem
582 1386 736 1442 tabularum
749 1385 1012 1456 Rudolphinarum‘.
1049 1385 1224 1443 Reficiendas
1236 1387 1331 1443 rideri
1349 1388 1404 1444 has
1420 1388 1516 1445 utel·

151 1481 180 1530 et
197 1473 232 1530 ad
250 1475 430 1545 legarithmos
448 1474 709 1540 accommodandas,
732 1490 838 1529 canone
862 1474 1089 1545 legarithmorum
1113 1474 1190 1545 priua
1209 1476 1342 1531 exactius
1361 1484 1516 1547 cereptum.

144 1562 194 1618 dd
211 1561 295 1617 dubia
312 1562 402 1632 Remi,
427 1579 492 1616 num
515 1560 604 1631 possit
622 1560 694 1616 Solis
716 1561 765 1616 lux
795 1561 830 1617 ad
848 1561 944 1618 stellas
962 1561 1033 1617 tiras
1056 1563 1215 1631 pertingere
1240 1571 1270 1618 et
1287 1578 1328 1619 an
1354 1563 1438 1621 detur
1452 1564 1515 1619 αἱ

150 1648 286 1718 stellatus,
305 1647 448 1718 respondit
466 1649 617 1719 Keplerus,
638 1648 875 1705 demonstratore
894 1664 929 1704 ex
946 1650 1123 1718 necessariis,
1141 1648 1246 1704 earum·
1259 1666 1327 1707 essa
1346 1650 1514 1723 spemin

150 1751 205 1807 quo
223 1734 361 1807 planetae,
380 1735 451 1791 fixas
471 1737 591 1791 exterius
609 1737 797 1792 correctiores
815 1736 945 1807 invicem3
965 1750 1019 1805 quo
1039 1751 1127 1806 usque
1145 1736 1209 1791 illae
1223 1747 1410 1808 spargantur,
1427 1752 1513 1795 aean

151 1823 302 1894 disputare,
321 1837 374 1886 „ex
392 1822 518 1879 sensibus
537 1822 625 1879 solum
644 1823 798 1896 analogiam
816 1840 901 1893 vexo,
924 1824 974 1881 sed
992 1824 1100 1883 dulcem
1118 1832 1147 1881 et
1165 1825 1367 1898 multiplicem
1391 1826 1513 1885 utrm·

114 1910 117 1915 ’
149 1910 304 1968 redonibus
323 1909 519 1981 metaphysicis
536 1911 694 1981 impugnet

255 1996 444 2054 Blanchum
463 2000 615 2070 interrogat
631 2000 781 2073 Keplerns,
805 2018 871 2059 uum
889 2000 1038 2059 Harmonia
1055 2001 1084 2056 in
1105 1999 1185 2057 ltalia
1203 2000 1297 2071 possit
1316 2016 1383 2059 essa
1399 2000 1510 2059 ruah?

149 2080 260 2158 Habet,
269 2086 366 2156 inquit,
382 2087 558 2144 sententiam
575 2085 741 2162 Copornici,
758 2088 810 2163 qui
822 2084 945 2146 Terram
959 2085 1030 2145 iacit
1045 2083 1192 2147 mobilem.
1232 2083 1265 2145 Si
1280 2086 1322 2145 lis
1347 2088 1377 2147 ci
1393 2084 1509 2145 intendi·

150 2177 207 2243 tur,
230 2179 333 2247 posset
355 2188 500 2248 occuparo
523 2173 688 2233 advocatus
711 2173 820 2251 aliquis
843 2172 925 2247 libri,
957 2171 1037 2232 illam
1059 2189 1118 2232 uon
1150 2174 1228 2251 porri⁸
1252 2175 1313 2231 nisi
1337 2173 1511 2241 alternative,

150 2256 264 2319 scilicet
276 2258 364 2336 juxta
380 2259 530 2337 Typhonis
546 2260 645 2321 Brahc
662 2260 859 2340 hypotheses,
876 2264 928 2338 qui
943 2259 1063 2320 Terram
1079 2260 1149 2320 lacit
1164 2267 1257 2333 stare,
1280 2259 1389 2322 Solem
1404 2262 1510 2321 mereri

151 2343 228 2405 ltrhi
244 2347 363 2424 quidem
381 2346 502 2406 indultu.
513 2348 662 2425 privilegii
685 2349 733 2409 lex
757 2357 804 2409 est
826 2348 902 2409 fixa:
926 2365 963 2408 aa
978 2346 1049 2425 quid
1064 2357 1168 2408 contra
1189 2347 1386 2409 catholicam.
1417 2348 1510 2409 liar·

151 2435 248 2510 rogati
264 2452 354 2511 super
368 2433 425 2494 hoc
438 2437 598 2494 consiliarii
615 2436 704 2497 aulici
717 2436 855 2499 Caesaris
867 2434 1004 2496 catholici
1017 2444 1164 2511 negarunt
1174 2436 1270 2495 rideri
1281 2448 1389 2497 eontra
1399 2434 1510 2499 ubal·

153 2537 227 2596 cam,
252 2521 332 2598 quod
348 2522 532 2582 naturalibus
547 2525 711 2586 rationibus
734 2524 828 2584 salvis
842 2525 1042 2602 superioribus
1065 2532 1095 2582 et
1116 2524 1401 2601 supernaturalibus
1422 2523 1509 2601 dipt-

152 2614 231 2669 tatur
246 2608 282 2670 de
298 2618 380 2669 motu
396 2610 522 2685 Terrae,
544 2610 615 2671 licet
636 2611 711 2672 hacc
725 2614 872 2672 sententia
892 2629 985 2688 nuper
1010 2614 1098 2683 (anuo
1118 2615 1196 2671 1616.
1234 2614 1294 2670 Cir.
1314 2615 1373 2671 roi.
1390 2614 1412 2671 l.
1430 2632 1456 2687 p.
1470 2616 1507 2679 bi)

152 2703 257 2757 notata
280 2698 368 2758 luerit
391 2697 494 2773 aliqua
516 2714 651 2770 censura,
674 2698 728 2760 sed
751 2717 828 2775 quse
851 2697 948 2760 adhuc
971 2702 1010 2759 sit
1030 2701 1157 2776 privata.
1203 2696 1271 2775 Ego
1297 2715 1373 2759 vero
1396 2701 1427 2759 ia
1446 2698 1507 2759 atr·

152 2782 205 2843 iilo
228 2801 294 2844 meo
318 2802 356 2846 nc
380 2784 498 2861 quidem
523 2784 648 2845 delendo
671 2794 785 2846 motum
807 2786 932 2860 Terrae,
963 2784 1016 2846 sed
1043 2785 1272 2859 iniectabat,
1307 2788 1341 2845 in
1365 2785 1507 2847 cm

152 2873 228 2932 tario
251 2871 371 2946 Martis,
404 2874 432 2929 in
458 2872 566 2948 Optica
589 2886 644 2933 etc.
690 2874 744 2933 Est
766 2872 849 2934 aliud
879 2876 1030 2953 quippiam
1058 2877 1087 2932 in
1120 2872 1197 2931 libro
1221 2871 1286 2945 lv,
1319 2873 1401 2951 quod
1428 2876 1506 2951 porr't

152 2959 242 3020 alicui
266 2959 435 3036 scrupulum
457 2977 596 3033 movere,
628 2959 707 3037 quod
735 2959 792 3020 boc
816 2959 959 3034 delendo,
989 2970 1041 3022 aut
1064 2977 1150 3021 casus
1175 2960 1322 3019 lomuitos
1344 2978 1404 3021 rron
1425 2964 1505 3037 sigri-

151 3047 232 3107 ficari
257 3049 295 3108 ab
319 3049 416 3123 astris,
441 3055 492 3106 aut
514 3048 541 3105 si
564 3048 602 3107 ab
625 3051 662 3107 iis
685 3048 895 3125 significentur,
920 3058 1054 3126 oportere
1071 3056 1103 3106 ut
1119 3046 1219 3122 angeli
1236 3047 1505 3125 custodesagere·

151 3136 234 3195 albus
258 3135 397 3196 clientum
421 3153 542 3194 errorum
565 3136 778 3212 impediantur;
802 3144 939 3196 movetur
954 3135 1109 3207 dubitatio,
1131 3133 1208 3193 nibil
1231 3139 1389 3205 asseritur,
1411 3136 1504 3197 decuit

152 3221 190 3281 ad
213 3222 369 3299 theologos
392 3222 529 3298 rejicitur.
574 3223 721 3301 Exspecto
752 3226 842 3300 igitur
868 3242 956 3300 super
986 3223 1042 3283 hoc
1064 3224 1162 3299 capite
1194 3240 1377 3299 responsum
1398 3234 1427 3284 et
1446 3240 1502 3283 rra·

151 3313 274 3371 tentiam
298 3319 377 3369 tuam
400 3313 568 3386 genuinam,
592 3314 656 3372 sinc
679 3310 897 3371 blandimentis.
948 3316 981 3370 In
1011 3315 1064 3370 tine
1090 3314 1229 3384 epistolae
1264 3316 1355 3371 refert
1378 3316 1503 3387 lieplerm

150 3417 243 3457 mense
261 3400 407 3456 Novembri
432 3401 501 3457 duos
520 3418 549 3457 se
567 3402 668 3457 vidisse
686 3409 815 3468 cometas,
834 3401 951 3457 alterum
970 3403 1049 3471 cujus
1067 3410 1150 3471 caput
1168 3404 1222 3459 sub
1241 3402 1391 3460 horizonte
1405 3410 1504 3459 mut

151 3487 239 3543 cauda
256 3488 305 3543 10ο
324 3503 348 3542 c.
373 3489 539 3557 promineat,
569 3489 684 3545 alteram
713 3487 908 3559 clarissimum,
935 3489 1048 3559 flavum,
1067 3488 1234 3545 subrutilum
1258 3490 1289 3547 in
1310 3494 1363 3549 16⁹
1379 3498 1411 3559 111
1434 3500 1503 3563 Μ’

29 3648 33 3654 Ι
150 3572 269 3630 Lentem
287 3575 345 3631 bor.
378 3579 425 3636 (Ex
443 3577 523 3627 literis
543 3581 608 3629 datia
626 3582 709 3646 pridie
729 3579 783 3630 Cal.
802 3580 865 3631 Deo.
887 3582 973 3637 1618)

255 3660 461 3717 Wilhelmus
485 3662 718 3720 Schickardus
745 3664 907 3734 (Nortingae
930 3662 1061 3717 tannarie
1083 3664 1160 3729 tots)
1190 3665 1308 3731 ,stow
1338 3666 1404 3725 dicit
1426 3666 1502 3723 unu

150 3743 263 3818 Kepleri
282 3756 345 3816 post
365 3748 516 3805 discessum
536 3751 663 3818 Tubinga
680 3765 773 3805 mense
791 3750 936 3806 Decembri
957 3753 1031 3807 lbl't.
1050 3751 1103 3820 ipsi
1122 3751 1254 3823 traditas;
1273 3754 1374 3811 literas
1390 3752 1502 3827 postule

149 3848 202 3902 res,
221 3835 348 3903 Augusta
365 3835 470 3890 Tindel.
491 3835 569 3892 datas
588 3838 623 3905 (e.
642 3836 666 3890 d.
686 3838 709 3892 8.
723 3837 804 3906 Dee.)
822 3837 898 3906 prius
915 3837 1036 3893 redditas
1054 3852 1128 3907 esse,
1148 3841 1263 3911 priores,
1285 3844 1369 3899 datas
1380 3842 1501 3909 return

149 3934 174 3976 e.
193 3920 311 3975 mediam
330 3921 505 3988 Novembris,
530 3924 670 3993 accepisse
694 3939 724 3979 se
745 3924 851 3978 demum
876 3923 965 3978 medio
983 3925 1151 3982 Decembris.
1188 3927 1339 3985 contrario
1358 3930 1420 3985 dicit
1434 3938 1499 3981 m

149 4020 210 4060 asse
229 4006 346 4075 scriptas
365 4007 415 4063 hus
434 4008 543 4076 literas,
570 4026 631 4065 curn
649 4010 677 4064 iu
696 4011 831 4081 prioribus
855 4011 907 4083 ipsi
927 4013 1095 4068 mandaverit
1113 4014 1252 4084 lieplerus
1277 4020 1418 4087 negotiu·
1437 4010 1498 4071 arel-

149 4090 300 4161 pendarum
326 4095 476 4163 figurarum
501 4097 535 4150 ad
553 4098 729 4152 Harmoniam
755 4100 965 4168 pertinentium,
988 4101 1015 4155 in
1034 4103 1238 4170 posterioribus
1260 4121 1332 4161 rere
1353 4108 1455 4176 jubeat.
1474 4108 1497 4151 11

149 4176 301 4236 delineatae
325 4180 428 4252 figuras
453 4184 488 4238 ad
513 4183 689 4253 bibliopolam
713 4185 866 4260 Krtlgerum
893 4190 1045 4259 Augustam
1070 4188 1169 4246 mittat.
1211 4190 1384 4250 obsecutum
1404 4206 1432 4247 re
1449 4200 1497 4243 1111

147 4267 287 4333 posterius
306 4267 468 4336 imperatum
487 4277 515 4325 et
533 4270 672 4327 schemata
690 4275 780 4329 omnia
797 4291 866 4346 pyro
885 4275 1019 4345 inscripta
1037 4274 1163 4346 Krtigero
1183 4280 1384 4338 trausmlsiase.
1408 4276 1496 4335 oum·
1546 4266 1550 4333 1

150 4350 207 4419 agit
226 4352 412 4409 Schickardus
431 4371 481 4424 pro
501 4356 700 4430 Stereometria,
720 4362 875 4429 germanica
894 4370 922 4416 et
936 4362 1029 4427 latina,
1047 4362 1234 4431 Ephemeride
1246 4374 1276 4419 et
1290 4362 1495 4429 caecubae*

149 4434 222 4491 dono
241 4437 321 4510 datis,
340 4442 486 4512 praecipue
506 4444 578 4512 quod
598 4463 614 4501 a
631 4448 688 4502 viro
707 4448 911 4518 protectissima
931 4464 1027 4520 „quem
1041 4449 1139 4506 111111
1157 4452 1282 4509 1011ῑῖ11111
1302 4456 1441 4525 emmo
1456 4446 1493 4505 Ἰ

148 4522 309 4581 eruditionis
336 4526 409 4581 lama
433 4532 604 4588 notissimum
627 4537 744 4592 maxime
763 4552 872 4607 semper
893 4535 961 4606 leci,
981 4553 1053 4592 nunc
1079 4551 1143 4592 rere
1166 4552 1232 4594 amo
1250 4547 1280 4594 et
1304 4540 1422 4597 ottone
1438 4536 1492 4593 (111-
1542 4564 1550 4583 ·

146 4621 294 4681 postquam
313 4632 403 4671 coram
423 4634 456 4673 er
476 4622 683 4677 conversatione
707 4622 767 4690 ejus
794 4622 951 4679 humanitas
974 4640 1085 4695 quoque
1108 4624 1291 4685 innotuerit⁸.
1327 4628 1361 4685 In
1376 4628 1423 4683 hat
1442 4638 1491 4679 a*
1546 4654 1550 4679 ι

147 4700 300 4755 versatione
323 4703 475 4761 collocutos
487 4708 562 4777 ipsos
582 4724 643 4765 esse
661 4710 695 4765 de
708 4711 881 4768 restitutione
894 4709 1047 4782 globorum,
1066 4712 1114 4781 (1111
1132 4713 1276 4783 Τ111101111
1295 4732 1391 4773 ⁰⁰⁸⁰
1402 4726 1490 4787 1²¹⁹*

146 4780 245 4857 lerant,
265 4795 293 4843 et
311 4789 459 4858 lieplerum
479 4796 543 4865 sibi,
572 4797 624 4851 hae
643 4798 670 4854 iu
688 4805 768 4868 parte
787 4798 891 4868 aliquid
910 4800 1033 4856 molienti
1053 4816 1167 4863 „manua
1186 4802 1340 4873 adiutricea
1355 4814 1401 4861 ut
1416 4802 1490 4875 μ’·

147 4864 319 4931 dbectrices·
342 4876 501 4945 promisisse
525 4890 554 4939 et
575 4884 730 4956 catalogum
747 4884 887 4959 nerone
912 4885 1031 4945 lixarum
1053 4900 1149 4945 eorm
1171 4890 1371 4965 Wlfflin
1391 4888 1488 4967 ⁸⁸⁸
