3308 5534
147 402 214 475 150
500 400 674 459 Collectanea
691 416 726 459 es
743 400 885 459 codicibus
903 398 1139 459 Pullrorieaaibaa.

149 599 216 643 esse
239 582 463 663 praesupponit,
493 597 560 641 cum
590 586 689 641 tamen
711 579 825 660 pedalis
853 599 912 641 non
941 584 988 641 sit.
1034 580 1110 641 Tum
1135 580 1251 643 demum
1274 587 1374 641 autem
1397 578 1510 659 optima

148 669 293 747 quidlibet
316 669 594 748 contemplabimur,
617 671 642 727 ai
665 667 744 746 quod
767 686 826 729 non
849 678 895 731 est
916 678 1087 747 separatum
1109 688 1251 749 ponemus
1273 676 1454 747 separatum,
1478 680 1511 729 ιι

148 760 261 819 ιιιιιιι
282 756 456 818 arithmetici
480 766 510 817 et
531 764 707 833 geometrae.
752 757 790 816 Et
811 756 886 817 baec
909 756 1043 835 exemplo
1065 757 1202 817 illustrat.
1241 756 1314 817 inde
1336 756 1508 833 subjungit:

147 848 248 923 ltaque
276 854 353 905 recte
381 846 490 905 iaciunt
520 854 688 919 geometrae
718 853 748 904 et
779 844 815 905 de
847 846 964 905 entibus
994 844 1158 925 disputant,
1189 852 1223 905 ut
1252 846 1332 905 entia
1353 854 1424 903 aunt
1447 842 1508 903 illa

148 932 266 1011 Duplex
289 934 366 993 enim
390 940 436 991 cst
457 948 518 1007 eus,
542 948 632 991 unum
647 938 724 1003 actu,
748 930 872 991 alterum
888 932 1085 993 materialiter.
1116 932 1204 993 Libro
1221 932 1261 995 ll.
1284 930 1376 1009 l'bys.
1393 948 1460 1009 cap.
1477 936 1509 993 ι.

150 1029 247 1083 exalat
268 1018 352 1079 locus
374 1018 496 1079 similis:
521 1018 694 1087 Dicendum,
718 1021 748 1077 in
771 1036 830 1096 quo
853 1020 968 1079 differat
991 1020 1130 1097 pbysicua
1146 1038 1163 1081 a
1178 1018 1398 1080 mathematico.
1431 1018 1510 1079 Nam

148 1124 272 1187 corpora
292 1106 439 1166 naturalia
460 1104 570 1167 lrabeat
591 1106 728 1185 planities
751 1116 780 1167 et
801 1106 981 1167 soliditatem
1004 1115 1033 1167 et
1047 1106 1261 1184 longitudinem
1285 1114 1315 1167 et
1328 1114 1449 1185 puncta,
1473 1104 1510 1167 da

149 1196 258 1272 qulbus
280 1195 343 1271 agit
356 1194 590 1253 mathematicus.
628 1192 678 1253 Sic
701 1202 731 1255 et
754 1192 826 1253 illud
850 1196 952 1272 quaeri
974 1203 1088 1271 potest,
1112 1196 1292 1255 astronomia
1315 1212 1353 1253 ιι
1377 1196 1416 1253 ιιι
1438 1210 1509 1271 para

149 1282 307 1361 pbyslcaa,
330 1298 368 1342 an
392 1280 510 1341 diuersa
532 1282 676 1341 scientia‘l
719 1280 796 1339 Nam
818 1283 844 1340 sl
866 1284 993 1359 pertinet
1013 1280 1052 1343 ad
1075 1282 1245 1361 physicum,
1275 1282 1349 1341 scire
1373 1280 1446 1357 quid
1471 1282 1510 1343 aii

149 1368 217 1443 Sol,
249 1368 320 1446 quid
343 1368 445 1441 buna,
474 1386 532 1428 non
554 1368 714 1429 absurdum
737 1370 826 1429 etiam
848 1370 901 1431 illa
922 1372 1010 1443 sciro,
1043 1387 1120 1445 quae
1147 1370 1207 1429 illis
1229 1388 1281 1447 per
1303 1386 1336 1429 aa
1360 1368 1509 1429 accidant.

148 1456 291 1532 Idemque
313 1472 380 1517 cum
402 1455 493 1529 alias,
523 1463 585 1515 tum
608 1458 680 1533 quia
703 1454 836 1516 uidemus
860 1456 956 1518 dicere
978 1457 1117 1534 physicon
1140 1460 1229 1519 etlam
1251 1456 1288 1517 do
1310 1456 1406 1531 figura
1428 1454 1510 1519 Solia

147 1552 179 1609 et
199 1544 321 1617 Lunae,
344 1553 434 1621 atqua
456 1545 561 1616 etiam,
585 1562 623 1603 un
646 1543 772 1604 rotunda
794 1546 833 1603 sit
854 1544 947 1606 Terra
968 1552 997 1605 et
1019 1544 1148 1605 blundus
1170 1562 1272 1607 necue.
1319 1544 1425 1621 ltaque
1448 1546 1511 1619 agit

148 1631 269 1711 quidem
290 1632 513 1691 mathematicus
537 1630 573 1691 de
597 1632 652 1705 bis,
676 1629 728 1692 sed
751 1648 809 1691 non
832 1640 977 1710 quatenus
999 1644 1068 1693 sunt
1081 1632 1198 1709 singula
1213 1632 1343 1709 corporis
1365 1630 1510 1693 naturalia

150 1722 310 1793 aaaminat,
333 1735 429 1796 neque
445 1720 534 1779 ctiam
548 1718 712 1779 accidentia
728 1719 902 1793 considerat,
927 1738 1003 1798 quac
1019 1720 1155 1782 accidunt
1170 1721 1239 1795 illis,
1263 1730 1411 1795 quatenus
1425 1718 1510 1793 talia,

148 1824 178 1869 n.
200 1804 348 1867 naturalia
368 1814 446 1881 aunt,
470 1824 560 1884 quare
583 1809 672 1867 etiam
694 1817 820 1885 separat.
850 1808 926 1867 Nam
949 1825 1025 1885 quae
1047 1808 1086 1869 ad
1108 1818 1219 1869 motum
1236 1808 1391 1886 pertinent,
1412 1814 1511 1869 menta

147 1896 278 1975 separari
301 1900 434 1973 possunt,
461 1903 491 1955 et
513 1894 555 1953 nil
578 1894 754 1953 incommodi
777 1898 909 1971 seqnitur
931 1913 986 1957 ιιι
1009 1914 1104 1959 errore
1126 1895 1262 1957 laborant
1284 1898 1336 1972 qui
1359 1902 1511 1971 separant.

147 1980 215 2043 ldoa
236 1982 315 2043 clara
337 1984 465 2041 cernitur
486 1982 516 2039 in
539 1980 598 2041 illis
613 1980 827 2042 mathematicis
842 1985 988 2057 scientiis,
1013 2001 1089 2061 quae
1105 1986 1255 2063 propiores
1270 1990 1339 2043 sunt
1355 1982 1511 2061 physicas,

147 2078 182 2131 ιι
203 2073 234 2131 ln
255 2072 371 2149 optica,
399 2068 579 2141 barmonlca,
601 2069 782 2149 astrologia,
810 2074 1025 2149 reciprocantur
1048 2090 1077 2133 ι.
1102 2070 1320 2147 quodammodo
1344 2087 1413 2131 cum
1434 2086 1511 2147 geo·

146 2160 260 2221 metria.
304 2156 415 2217 Verum
437 2158 598 2233 geometria
620 2158 683 2232 agit
706 2156 742 2219 de
765 2156 889 2235 pbysica
911 2158 990 2219 linea
1020 2158 1148 2235 quldem,
1171 2166 1203 2220 at
1224 2176 1282 2218 nou
1305 2166 1339 2217 ut
1362 2166 1410 2217 eat
1432 2156 1511 2238 play·

146 2248 227 2322 alcap
248 2242 301 2305 aad
324 2246 422 2324 optice
443 2244 532 2305 babet
555 2244 793 2305 mathematicam
807 2244 923 2321 lineam,
947 2263 1005 2306 non
1025 2264 1102 2323 quae
1118 2246 1336 2319 mathematica,
1359 2244 1415 2305 sed
1430 2260 1509 2323 quaa

147 2330 283 2413 physica.

742 2514 857 2603 Caput
885 2510 918 2583 3.

646 2658 737 2723 Quid
758 2658 805 2715 ιιι
827 2660 1010 2724 Quantum.

253 2784 379 2857 Eomm,
408 2786 504 2861 inquit
527 2784 701 2847 llrlstotelea
723 2786 751 2844 in
776 2786 954 2863 (telegeriis,
978 2802 1055 2861 quaa
1076 2788 1140 2847 sino
1162 2785 1317 2863 complexu
1341 2786 1510 2857 efferuntur,

149 2868 303 2949 quodlibet
334 2880 386 2931 aut
414 2874 610 2933 substantiam
637 2883 690 2934 aut
720 2885 861 2951 quantum
891 2886 943 2933 aut
971 2874 1094 2933 relatum
1122 2872 1277 2947 significat.
1324 2872 1392 2946 Quo
1415 2876 1511 2935 innuit

149 2958 354 3039 philosophus,
378 2968 490 3035 quanta
513 2964 690 3021 constituere
713 2978 802 3021 unum
825 2980 860 3021 ex
877 2962 978 3021 decem
994 2962 1117 3021 summis
1131 2977 1226 3019 rernm
1241 2962 1409 3035 generibus,
1432 2978 1512 3037 quo-

150 3064 215 3105 rum
237 3063 303 3107 cum
326 3064 434 3105 norem
457 3050 515 3106 aint
538 3066 573 3109 or
600 3066 721 3109 numero
750 3065 864 3119 eorum,
896 3066 973 3124 quae
995 3068 1027 3107 se
1058 3052 1129 3125 ipsis
1158 3064 1216 3105 nors
1245 3048 1428 3121 subsistunt,
1458 3046 1511 3109 aad

149 3130 255 3203 diseas,-
276 3133 466 3195 materialiter
488 3138 553 3197 siue
575 3153 626 3215 per
649 3136 850 3197 inlmesiouem
874 3138 903 3193 in
926 3136 1000 3209 allo,
1025 3138 1150 3213 primum
1173 3138 1247 3193 iuter
1269 3152 1306 3195 ea
1329 3132 1427 3195 locum
1451 3138 1508 3195 ob-

149 3224 224 3283 tinet
245 3239 341 3298 genus
363 3230 550 3297 quantorum.
589 3224 676 3299 Quod
700 3226 776 3283 enim
799 3226 896 3301 priora
918 3234 1030 3299 quanta
1052 3226 1110 3281 sint
1134 3222 1232 3281 relatis
1256 3222 1511 3299 praedlcamentia,

149 3308 179 3367 ld
202 3326 254 3387 per
277 3327 309 3369 se
332 3311 518 3387 perspicuum
541 3320 595 3381 ιιι,
619 3310 699 3387 quod
724 3329 793 3371 reru
817 3313 905 3371 etiam
929 3314 957 3368 in
980 3312 1143 3385 congenitis
1166 3310 1350 3369 substantiae
1373 3310 1511 3371 affectio·

148 3396 236 3455 nibus
258 3398 384 3473 primum
406 3395 503 3456 locum
520 3398 671 3457 obtineant
687 3408 807 3471 quanta,
832 3396 898 3456 inde
921 3408 1011 3476 patet,
1034 3402 1113 3472 quin,
1137 3398 1304 3471 ubicunque
1319 3406 1389 3457 aunt
1408 3396 1511 3475 quali·

150 3492 235 3553 tates,
259 3484 300 3543 ibi
323 3494 390 3541 aunt
413 3494 443 3541 ιι
465 3488 655 3559 quantitates.
679 3504 736 3541 ιιιι
760 3498 862 3543 cornera
884 3502 1008 3561 serrsper.
1039 3483 1116 3559 Quid
1142 3502 1211 3543 uero
1233 3486 1273 3541 alt
1295 3496 1450 3559 quantum.
1474 3504 1511 3547 ιι

144 3570 208 3649 Jam
231 3570 317 3629 dictis
339 3579 418 3649 patet
441 3572 584 3645 nonnihil,
606 3590 647 3633 ac.
664 3572 743 3649 quod
767 3576 804 3631 sit
827 3570 962 3631 accidens
982 3572 1164 3629 substantiae
1187 3574 1365 3647 prisonarium,
1391 3574 1511 3633 Aristo-

148 3658 221 3719 tcles
244 3660 273 3717 ln
297 3659 462 3735 Categoriia
484 3656 524 3727 c'r‚·
546 3658 577 3721 s's
600 3682 680 3737 sacrm
703 3660 840 3735 explicat,
864 3670 895 3717 ut
918 3660 1043 3735 enerrrpli
1066 3662 1161 3731 gratia
1185 3659 1359 3727 bicubitale,
1384 3662 1512 3721 tricubi-

149 3745 219 3818 tale,
242 3744 295 3805 aed
317 3744 392 3804 libro
418 3744 453 3805 V.
478 3744 550 3805 blei.
573 3765 637 3824 cap.
662 3754 708 3807 13.
732 3758 884 3823 quantum,
907 3750 958 3807 ait.
982 3745 1097 3817 estid,
1121 3746 1201 3821 quod
1223 3745 1378 3809 diuiduum
1402 3758 1447 3807 ιιι
1471 3748 1513 3819 sl,-

148 3830 362 3911 a'rrmuppnrrss,
386 3835 416 3890 in
439 3844 545 3909 partes,
569 3851 646 3910 quae
670 3837 697 3892 in
722 3844 784 3894 toto
808 3838 920 3905 insunt,
944 3850 1067 3909 quorum
1094 3844 1146 3893 aut
1168 3833 1291 3892 alterum
1314 3842 1367 3893 aut
1390 3837 1512 3909 singula

146 3932 218 3999 apta
238 3933 303 3979 rata
324 3930 406 3989 sunt,
437 3932 470 3979 ιι
491 3924 551 3979 ιιιιι
573 3933 602 3981 ιι
625 3920 759 3979 dicuntur
781 3939 870 3981 unum
893 3920 963 3997 quid
988 3932 1017 3981 et
1039 3916 1187 3997 singulare
1207 3930 1286 3995 trusus
1312 3920 1365 3997 rr),
1396 3924 1511 3999 quibua

151 4008 250 4069 rerbis
272 4006 409 4067 describit
434 4024 479 4065 res
503 4020 638 4083 quantas,
661 4027 718 4067 non
742 4012 820 4085 ipsas
843 4012 1033 4085 quaesticulus.

252 4094 373 4155 l'cteres
397 4094 578 4173 pbilosopbi,
601 4095 818 4155 considerantes
840 4114 1026 4157 numerorum
1048 4106 1078 4153 et
1100 4094 1330 4169 magnitudinem
1351 4106 1381 4157 et
1396 4098 1509 4177 ampli-

148 4180 289 4251 tudinem,
312 4199 378 4241 cum
401 4181 472 4240 nibil
487 4196 566 4243 esset
580 4186 609 4241 in
626 4194 689 4242 toto
706 4188 842 4243 trusirersu
866 4188 902 4241 iis
918 4202 1030 4261 expers,
1055 4180 1226 4241 delinierunt
1246 4186 1426 4257 quantitates
1443 4204 1511 4249 essa

149 4286 245 4327 rarum
267 4270 407 4347 principia
429 4272 618 4348 feceruntque
642 4270 723 4331 ideas
744 4282 896 4349 separatas
912 4290 947 4329 ex
964 4274 1017 4343 iis3
1040 4288 1115 4346 quus
1131 4272 1251 4347 copiose
1265 4272 1373 4331 refutat
1390 4274 1511 4334 Aristo·

149 4356 274 4415 telesia
298 4354 517 4433 Metapbyaieia.

254 4442 456 4519 Proprilsslme
479 4462 549 4503 rero
571 4443 719 4521 loquendo
743 4448 917 4520 quantitatis
941 4448 969 4501 iu
984 4462 1091 4519 genere
1114 4442 1245 4501 definitio
1268 4442 1350 4503 nulla
1372 4444 1434 4504 dari
1452 4464 1510 4526 po-

149 4538 221 4597 teat,
250 4538 273 4587 1.
292 4534 582 4601 qrriaestanmmum
606 4550 714 4607 genus.
747 4542 774 4591 ι.
793 4536 935 4607 ιμιιιιιι
961 4528 1205 4607 drumonem-..n
1238 4532 1440 4611 ltaqueprlus
1463 4546 1510 4593 eat

150 4616 354 4695 partiendam
377 4634 432 4677 aua
453 4620 633 4697 signideata,
658 4632 723 4697 post
746 4620 870 4697 singulis
894 4637 965 4679 strae
989 4620 1181 4690 definitiones,
1205 4622 1231 4678 si
1254 4637 1333 4696 quae
1355 4632 1433 4695 aunt,
1456 4638 1509 4681 aa·

149 4702 320 4781 signandae.
