3308 5534
146 406 213 479 974
251 434 255 441 “
572 435 579 447 ·
627 406 963 480 massmannus.

145 592 225 651 ierus
246 607 280 649 se
302 588 424 666 praehet
455 587 629 665 discipulam
657 544 843 666 pergratam,
875 586 1038 648 studiomm
1069 594 1100 647 et
1127 586 1278 647 auxilium
1301 594 1333 646 st
1355 584 1505 646 comili-

147 685 352 757 quaercutem,
382 675 435 736 sed
464 687 569 754 postea
599 692 719 753 prorsus
749 694 796 738 res
827 684 897 736 saut
925 682 1132 737 commutatae.
1177 674 1283 734 Etiam
1305 684 1371 733 tum
1393 672 1505 748 onitu

147 782 263 842 semper
285 781 385 824 eorum
408 780 520 823 memor
543 773 601 836 est,
626 781 704 841 quae
725 764 880 841 ‘lbrbiugse
903 781 922 823 a
944 762 1104 822 Maestllno
1125 763 1295 840 perceperit
1316 769 1349 821 et
1372 760 1505 831 didicsrh

147 870 243 929 neque
267 868 395 927 unquam
425 853 454 908 in
483 851 615 928 epistolis
641 851 821 930 ,discipulus
848 846 1052 928 gratissimus“
1082 851 1271 909 subscribere
1299 848 1430 921 desiuit3
1458 848 1505 909 sel

148 950 306 1019 postquam
329 941 358 995 iu
382 941 562 998 astronomia
584 941 713 998 maxima
736 940 788 998 illa
809 940 931 997 inventa
953 939 1082 1015 aperuit,
1104 936 1198 996 multo
1223 937 1353 996 liberius
1375 954 1410 995 sc
1430 938 1505 1011 guli,

148 1032 212 1105 ipse
235 1029 333 1104 potius
356 1027 526 1101 magistrum
548 1028 619 1102 agit,
644 1034 674 1085 et
696 1029 786 1086 veteri
810 1034 839 1085 et
856 1027 1040 1104 praeceptori
1063 1032 1092 1082 et
1115 1026 1212 1084 amico
1235 1024 1393 1102 explicare
1407 1021 1505 1093 studet,

148 1130 227 1192 quae
250 1132 285 1171 ex
310 1115 371 1170 suis
393 1115 521 1172 inventis
544 1115 573 1170 in
590 1116 768 1173 astronomia
783 1122 883 1172 essem
909 1111 1058 1172 mutanda.
1091 1110 1176 1186 Quae
1200 1113 1421 1171 conversiones
1435 1108 1504 1169 baad

150 1218 215 1260 raro
240 1200 367 1274 rrrujorcs
391 1208 419 1258 ct
443 1199 619 1259 difficiliores
643 1211 732 1273 crant,
757 1219 845 1276 quam
869 1217 946 1275 quac
972 1203 1042 1272 ciro,
1065 1203 1112 1256 cui
1135 1202 1325 1257 astronomia
1348 1200 1505 1273 hucusque

148 1288 229 1348 culta
251 1295 330 1345 essct
352 1288 516 1345 inueterata
540 1296 569 1346 et
593 1290 708 1364 penitus
731 1290 833 1358 insita,
864 1289 937 1345 saris
968 1293 1108 1364 paterent.
1154 1285 1230 1344 Post
1254 1285 1425 1362 longiorem
1445 1288 1505 1359 qai-

146 1376 215 1437 dam
241 1374 387 1432 scribendi
414 1376 657 1432 intermissionem
680 1374 857 1435 Maestlinns
889 1375 920 1431 in
951 1373 1077 1451 epistola
1107 1390 1185 1431 anuo
1217 1376 1305 1433 1605
1336 1373 1411 1430 data
1439 1374 1505 1431 hnc

149 1479 234 1521 snam
257 1460 467 1535 negligentiam
492 1478 635 1519 escensana
657 1463 782 1539 scripsit,
806 1459 965 1539 Keplerum
991 1461 1190 1540 „sublimiora
1215 1478 1311 1536 quam
1335 1461 1446 1535 quibus
1465 1462 1505 1517 ia·

148 1551 267 1626 genirrm
296 1557 326 1606 ct
349 1547 474 1606 eruditio
502 1566 567 1607 mea
591 1549 760 1608 satisfacere
784 1543 903 1607 ansati
933 1549 1126 1624 quaesivisse.
1174 1547 1212 1605 Et
1236 1550 1268 1605 in
1291 1546 1357 1606 alis
1378 1548 1505 1625 epistola,

149 1654 216 1697 cnm
232 1632 378 1713 Kepleros
401 1652 433 1692 se
456 1635 493 1693 de
516 1639 695 1694 astronomia
717 1635 920 1712 copemicans
942 1635 1045 1693 librum
1068 1651 1134 1698 esse
1157 1633 1310 1693 editurum
1334 1637 1506 1699 summust,

150 1724 224 1782 haec
246 1720 395 1798 respondit
418 1721 608 1781 Maestlinus:
635 1731 741 1797 ,caute
763 1721 908 1799 agendum
931 1730 1019 1799 puto;
1052 1722 1088 1781 de
1112 1720 1198 1780 buna
1221 1738 1302 1798 quse
1326 1724 1506 1780 scribiens·

150 1810 237 1889 plane
260 1807 407 1884 intelligo,
439 1812 574 1868 existimo
603 1820 719 1880 antem,
751 1811 799 1869 bic
820 1829 839 1869 a
861 1813 958 1868 causis
985 1808 1115 1887 physicis
1143 1809 1362 1868 abstinendum
1393 1826 1457 1867 essa
1479 1816 1506 1867 et

150 1898 349 1959 astronomica
371 1900 575 1970 asuonomice,
599 1914 650 1974 per
672 1914 778 1957 causas
800 1904 830 1955 st
844 1895 1023 1974 hypotheses
1038 1899 1264 1968 astronomicas,
1288 1912 1350 1955 nou
1367 1895 1506 1974 physin,

150 2001 216 2044 esss
241 1981 402 2042 tractanda.
433 1983 573 2043 Calculus
596 1987 674 2043 enim
697 1983 887 2048 tundaments
908 1986 1105 2042 astronomica
1126 2000 1163 2042 ex
1185 1986 1358 2060 geometria
1374 1993 1405 2042 ct
1421 1982 1506 2041 arith·

150 2073 258 2130 metlcs
280 2070 426 2148 postulat,
460 2089 518 2129 non
542 2072 726 2147 conjecturas
752 2070 907 2149 physicas,
937 2087 1013 2145 quae
1043 2070 1183 2129 lectorem
1211 2072 1311 2147 magis
1343 2071 1506 2147 pulcrha!

150 2175 240 2235 quam
263 2153 448 2218 informant.“
496 2158 577 2217 ldcn'r
607 2159 798 2236 lugaritbmos
820 2158 858 2217 ad
881 2175 966 2216 usum
988 2157 1144 2217 uanslerre
1175 2168 1352 2217 constanter
1383 2166 1506 2216 mearat:

152 2244 324 2325 „indignum
349 2247 427 2303 enim
450 2246 658 2305 mathematico
680 2245 790 2321 judico,
813 2246 865 2305 niti
889 2245 1199 2317 demonstrationibus,
1223 2262 1301 2322 quas
1325 2249 1392 2323 ipse
1413 2246 1505 2303 sessis

150 2333 225 2392 Nam
248 2331 368 2391 dubium
392 2349 506 2410 semper
529 2350 594 2393 csse
616 2350 736 2392 necesse
752 2342 805 2405 est,
828 2350 898 2392 uum
913 2332 1052 2402 calculos,
1076 2334 1127 2408 qui
1144 2331 1244 2392 decies
1261 2331 1310 2391 vel
1327 2335 1442 2392 centies
1455 2348 1506 2389 aas

149 2418 261 2491 ieiellit,
285 2421 374 2479 etiam
397 2436 455 2478 nou
478 2420 639 2496 aliquando
654 2420 828 2498 decepturus
850 2417 920 2480 sit“.
947 2419 1067 2496 Keplcri
1090 2420 1342 2495 legarithmorum
1358 2420 1507 2498 explicabo

151 2504 211 2567 rol.
234 2505 291 2565 lil.
314 2525 342 2585 p.
364 2512 426 2566 stc
451 2511 613 2584 praemissa
636 2516 697 2580 est,
720 2508 844 2583 ejusque
867 2507 940 2567 baec
966 2517 1033 2565 sunt
1058 2506 1150 2566 rerba
1172 2515 1327 2566 extrema:
1364 2507 1440 2579 ,bac
1459 2505 1507 2565 ds·

151 2597 364 2653 monstratione
387 2604 524 2672 percepta
546 2612 605 2652 non
630 2605 674 2653 est
696 2604 729 2652 ut
744 2594 870 2673 anrplius
886 2594 1003 2653 dubites
1021 2597 1100 2653 circa
1114 2594 1323 2669 lugaritbmos,
1348 2612 1420 2653 nam
1433 2596 1506 2671 optio

149 2683 204 2742 tihi
227 2682 313 2740 datur
339 2682 383 2741 rel
400 2682 446 2739 his
470 2685 511 2739 uti
528 2681 674 2754 addendo,
699 2682 745 2741 rel
768 2697 821 2760 pro
843 2683 880 2741 iis
901 2681 1097 2760 multiplicare
1113 2682 1195 2739 sinus
1209 2686 1380 2753 arcuum“;
1404 2681 1506 2741 uasa·

150 2769 277 2829 linianss
300 2777 399 2828 autem
422 2768 459 2827 de
481 2771 543 2827 suis
566 2770 743 2845 coniecturis
765 2770 968 2828 astronomicis
992 2768 1193 2829 dubitationes
1216 2771 1248 2826 in
1271 2772 1408 2848 epistola
1429 2768 1507 2829 rclrl·

149 2857 210 2916 lere
232 2855 341 2928 studet,
365 2873 442 2931 quae
464 2856 572 2931 legitur
595 2856 651 2916 vol.
676 2855 729 2914 vi.
753 2874 780 2933 p.
808 2862 857 2916 16.

259 2944 303 3002 Ex
333 2942 451 3021 Kepleri
483 2943 616 3020 epistolis
639 2944 677 3001 ab
700 2960 776 3001 auno
804 2948 1014 3003 taso-rost
1046 2942 1084 3001 ad
1114 2942 1308 3002 blacstlinum
1343 2944 1505 3011 missis,h

150 3031 257 3107 quibus
279 3033 412 3108 inprimis
435 3029 472 3089 de
489 3030 649 3088 l'rodromo
672 3033 778 3107 agitur,
801 3030 874 3089 haec
896 3030 975 3089 dicta
999 3033 1061 3089 ciro
1084 3033 1201 3107 propriu
1216 3033 1306 3089 nobis
1331 3028 1507 3108 excerpenda

151 3118 294 3176 videntur.
340 3118 464 3176 lncunte
487 3115 608 3176 Octobri
636 3134 735 3176 mense
758 3136 786 3177 a.
812 3120 905 3179 1595.
928 3117 1085 3196 chlems,
1113 3120 1258 3192 magistro
1282 3118 1380 3177 libelli
1404 3134 1508 3176 sumna

150 3206 289 3263 brevibus
313 3208 455 3282 exposita,
481 3204 580 3263 literas
604 3205 650 3262 bis
673 3205 772 3263 serbis
795 3204 872 3264 finit:
905 3205 1003 3283 „Ego,
1028 3208 1138 3281 optime
1159 3217 1350 3283 praeceptor,
1377 3220 1507 3283 [πυρετος

150 3308 210 3350 non
242 3309 308 3350 mco
333 3292 498 3350 commodo.
543 3291 619 3349 honr
642 3292 716 3351 baec
744 3293 794 3350 uhi
818 3291 957 3367 evulgata
985 3293 1105 3361 luerint,
1137 3293 1188 3348 alii
1222 3294 1327 3351 lorsan
1362 3294 1446 3372 plura
1466 3294 1507 3349 is·

150 3380 288 3449 venient,
313 3379 483 3455 quaemihi
506 3381 668 3455 potuissem
691 3395 850 3439 reservare.
894 3379 953 3439 Sed
976 3396 1077 3438 socrus
1100 3396 1201 3437 omnes
1228 3384 1272 3456 (ct
1295 3397 1357 3455 ego
1382 3394 1507 3458 praescr·

151 3467 217 3541 tim)
239 3464 388 3542 ἐσιῃιιροι.
435 3467 498 3541 llgo
523 3483 591 3524 vero
616 3465 731 3539 studeo,
754 3476 787 3525 ut
809 3466 883 3525 baec
906 3467 944 3525 sd
968 3467 1022 3525 Dei
1046 3468 1186 3541 gloriam,
1210 3469 1263 3543 qrri
1289 3468 1356 3525 rult
1381 3486 1417 3526 cx
1439 3467 1507 3525 llhm

154 3562 276 3613 naturae
299 3556 434 3629 agnosci,
459 3571 547 3628 quam
571 3555 738 3612 matrrrrime
764 3554 932 3629 rutpertum
963 3570 1021 3629 qrro
1045 3554 1111 3631 plus
1134 3553 1185 3611 alii
1210 3554 1282 3613 inde
1305 3556 1507 3617 exstrurrtiflt.

153 3642 210 3700 boc
233 3643 327 3716 magis
349 3641 495 3716 gaudebo,
519 3640 591 3697 nulli
616 3640 762 3700 invidebo.
803 3641 853 3700 Sic
875 3642 945 3699 rori
969 3642 1043 3713 Deo,
1065 3644 1109 3699 sic
1130 3649 1189 3698 stat
1211 3644 1376 3702 sententia.
1415 3641 1507 3700 ibes·

152 3728 240 3804 logos
262 3746 327 3787 esse
352 3728 502 3799 uolebam,
527 3727 576 3785 diu
600 3730 745 3801 erigebas:
771 3728 852 3787 Deus
874 3745 942 3787 eccc
965 3746 1030 3786 mea
1046 3744 1135 3804 opera
1158 3731 1249 3785 ctiam
1274 3731 1303 3785 in
1331 3730 1504 3787 astronomis

152 3814 324 3876 celebrator.
370 3813 447 3889 Quin
471 3814 588 3873 tandem
613 3833 678 3873 cnm
695 3815 783 3873 Petro
805 3819 947 3873 attonitus
971 3832 1107 3892 erumpo:
1131 3816 1180 3872 abi
1203 3832 1223 3871 a
1247 3834 1304 3887 me,
1330 3822 1404 3892 quia
1427 3818 1506 3873 hum

150 3911 287 3977 peccator
309 3919 385 3960 suar.
430 3901 461 3960 Si
485 3919 624 3977 rrrrqrmm.
651 3902 697 3958 mi
721 3901 769 3960 bic
791 3904 889 3972 ctiam,
914 3902 949 3960 dc
973 3902 1114 3959 industria
1139 3902 1304 3960 volnissem
1329 3922 1399 3961 casc
1420 3918 1507 3961 utro·

149 4004 262 4060 nomos,
287 3991 311 4046 si
335 4005 393 4046 non
417 3991 516 4046 omnia
539 3987 742 4047 delectationis
764 4006 854 4047 causa
875 3992 1085 4066 suscepissem,
1109 3991 1205 4046 minus
1231 3992 1390 4050 nrirarcr.·
1430 3990 1506 4049 [dns

149 4072 267 4132 tandem
292 4093 380 4151 opere
395 4074 542 4152 Keplerus
566 4079 708 4135 maximas
732 4076 834 4134 auxilii
857 4078 968 4150 pretias
985 4076 1143 4135 blaestlico
1167 4095 1262 4151 scens
1284 4080 1409 4156 scripsit
1428 4080 1505 4136 haer:

152 4160 230 4232 „Cur
259 4179 356 4220 merem
388 4161 482 4220 dicam
514 4163 702 4239 opusculum,
731 4180 822 4221 causa
850 4165 974 4221 obscura
998 4174 1027 4222 et
1051 4164 1146 4222 tenuis
1175 4174 1232 4223 cst.
1280 4165 1330 4222 llli
1356 4170 1434 4223 anim
1456 4178 1504 4237 eps

149 4246 265 4306 Semele
286 4248 337 4320 lui,
363 4258 393 4305 ιιι
416 4248 542 4325 Jupiter.
581 4251 640 4307 rlut
664 4254 688 4308 si
712 4248 798 4308 malis
813 4249 966 4309 lliuerrae
990 4251 1062 4308 illud
1086 4269 1259 4327 comparare
1283 4252 1503 4326 conminuere:

149 4331 269 4409 Jupiter
290 4353 346 4409 ego
376 4337 472 4410 capite
496 4335 569 4392 illud
599 4340 730 4412 gestari,
762 4337 815 4397 sed
838 4339 894 4395 nisi
917 4346 948 4395 ιιι
973 4337 1125 4396 l'ulcamrs
1154 4356 1220 4395 cunr
1254 4340 1381 4415 bipenni
1411 4338 1504 4397 iub!

150 4420 367 4491 obstetricatus,
391 4439 540 4497 nurrqnam
557 4441 613 4497 ego
629 4427 809 4500 peperissem
810 4467 918 4483 .....
965 4422 1051 4498 Quod
1068 4425 1186 4482 tarrdem
1205 4424 1377 4501 aliquando
1394 4424 1503 4501 cleph·

148 4523 230 4564 meus
254 4511 375 4583 peperit,
394 4508 457 4566 Deo
481 4510 588 4568 ‹lerotc
611 4517 722 4585 gratias
737 4530 804 4587 apo.
837 4513 922 4570 Facit
946 4514 980 4581 is,
1005 4520 1036 4569 ιιι
1060 4511 1139 4586 quod
1163 4530 1220 4584 epo
1245 4513 1370 4588 publice
1393 4524 1500 4591 qnam

150 4596 259 4667 passim
283 4592 362 4670 apud
385 4613 475 4654 sanos
499 4603 527 4655 et
551 4602 670 4672 copiose
694 4610 836 4674 sequatur
857 4617 892 4657 ex
914 4598 1129 4673 jucundissima
1152 4602 1379 4674 speculatione:
1402 4600 1500 4658 scilicet

149 4690 180 4736 ut
203 4679 275 4737 lidos
307 4681 344 4738 de
368 4698 463 4739 rerum
497 4688 646 4744 creatione
670 4687 727 4744 hoc
748 4696 870 4745 externo
900 4686 1078 4744 adminiculo
1101 4686 1309 4747 confirmetur.
1345 4684 1497 4747 conditricis

147 4769 252 4823 ruentis
288 4778 392 4826 natura
429 4782 624 4843 cognoscatur
659 4775 815 4848 rncrjorquc
850 4774 936 4831 nobis
967 4773 1101 4847 qrrotidie
1135 4772 1187 4831 fiat
1220 4775 1402 4833 inexhausta
1429 4772 1495 4829 nitu

146 4852 324 4931 sapientis!
356 4855 390 4913 ln
413 4860 509 4933 priore
529 4859 657 4934 epistola
671 4877 739 4920 cum
753 4860 901 4939 Keplcrss
922 4859 961 4920 dc
974 4861 1114 4921 editionis
1129 4876 1213 4921 mma
1228 4872 1261 4923 ct
1275 4864 1417 4941 impensb
1429 4860 1492 4917 rins
