3308 5534
758 376 835 436 iana
1191 324 1195 349 ¹
1401 373 1465 443 uss
1557 344 1560 349 ’

112 556 174 633 ipso
196 554 340 636 'l'yebooc
365 554 467 634 judice
489 557 545 617 sub
568 556 633 634 aius
656 554 772 617 vexillis
795 557 834 617 sd
857 555 946 619 decos
974 555 1097 632 aliquod
1119 554 1184 616 Deo
1206 555 1335 632 propitio
1358 557 1465 632 aspuo.

112 652 263 723 minuatne
290 656 492 726 propositiones
516 662 544 712 et
570 656 741 725 problemata
769 662 921 722 tentantur,
949 655 1098 724 Kepierum
1126 662 1184 710 tum
1214 654 1347 725 temporis
1378 654 1466 724 prima

112 740 288 800 laudameuta
302 744 406 813 jecisse
424 744 547 815 Optioua,
565 759 647 813 quam
664 759 737 799 anuo
755 744 825 801 iiiiii
842 743 873 799 iu
889 741 1029 812 pubiicum
1047 743 1145 799 emisit.

211 846 246 903 lu
263 847 406 905 codicibus
423 846 654 904 Paliouiensibus
672 846 902 916 deprehendimus
921 847 1116 917 fragmentum,
1140 846 1214 916 quod
1236 846 1399 918 inscriptum
1423 854 1466 904 ert

112 934 282 1001 mmm
298 937 338 993 od
353 936 566 1008 Propttosticuta
582 936 667 991 Anno
684 940 757 1003 todo,
777 949 792 989 e
810 948 865 1003 quo
882 934 952 991 haec
969 934 1170 1005 excerpsimus:

213 1028 340 1107 Eoiipsis
362 1028 442 1089 Solis
466 1030 495 1087 iu
521 1022 577 1088 18⁰
592 1024 633 1109 Θ
659 1035 703 1087 est
725 1026 756 1085 iu
779 1026 847 1090 vii.
876 1027 964 1088 domo
985 1027 1153 1104 Rudoiphi,
1183 1029 1212 1085 io
1234 1026 1259 1087 1.
1276 1024 1464 1088 Fordinaudi.

112 1114 187 1174 licta
208 1116 333 1194 eclipsin
356 1133 434 1175 anno
459 1122 508 1177 38.
534 1114 773 1175 antechristum.
804 1113 978 1175 contemtus
1000 1122 1090 1193 atque
1112 1122 1236 1192 spretus,
1258 1122 1292 1174 ut
1307 1121 1378 1175 tnnc
1393 1130 1466 1192 puer

112 1203 275 1279 usmarus,
299 1222 407 1281 magua
429 1203 551 1263 audebit
574 1212 603 1263 ct
626 1202 732 1263 eiliciet
754 1209 784 1263 ct
806 1210 984 1263 contemtum
1008 1203 1159 1276 diminuet,
1183 1220 1252 1261 nem
1275 1196 1372 1284 cst‘ii
1401 1220 1466 1263 curn

112 1290 198 1351 corde
219 1285 272 1377 52
316 1291 426 1352 Temno
448 1300 554 1363 motus,
578 1292 679 1367 postis,
703 1297 827 1363 cometa,
850 1293 1007 1369 praecipue
1030 1296 1097 1368 post
1120 1295 1149 1350 8.
1172 1288 1391 1366 Septembrem,
1414 1292 1465 1351 ubi

112 1374 128 1447 ἢ
150 1386 183 1438 ot
206 1386 231 1448 ὅ
256 1382 287 1437 iu
312 1377 370 1439 26⁰
385 1381 438 1449 ἕξ
457 1383 572 1438 cudunt.
601 1376 778 1454 liudolphus
799 1377 938 1438 interibit.
969 1378 1014 1437 Ex
1027 1377 1186 1455 geuesibus
1200 1376 1340 1454 Philippi,
1356 1376 1465 1448 Caroli,

112 1464 317 1539 liaxlmiliaul,
340 1464 528 1537 Ferdiuandl,
551 1464 701 1541 Rudolphi
726 1464 868 1525 vilissima
890 1474 935 1526 cst
956 1465 1163 1538 Maximiliuni,
1186 1463 1254 1524 inde
1277 1464 1465 1525 Perdinandl.

112 1550 199 1613 Pater
220 1552 346 1613 Carolus
369 1553 473 1613 babuit
486 1550 530 1635 Θ
546 1556 574 1615 ln
599 1562 679 1628 ortu3
702 1560 822 1629 propter
846 1562 869 1623 ὅ
895 1556 924 1612 iu
940 1552 982 1618 Μ.
998 1553 1031 1617 0.
1056 1555 1263 1630 aequiparatur
1280 1551 1466 1614 Fordiunudo

112 1641 138 1699 lu
162 1638 278 1701 bellicis
300 1641 484 1714 tumultibus,
508 1648 626 1717 propter
648 1637 671 1722 ᾗ
695 1642 724 1698 in
740 1639 824 1699 viti.
841 1640 978 1719 Philippo
1000 1644 1030 1700 in
1055 1640 1290 1702 contentionibus
1313 1654 1343 1699 ct
1365 1639 1465 1701 deiec-

112 1728 200 1790 tioue.
232 1726 357 1790 Genesis
380 1730 458 1804 regis
480 1728 644 1805 Hispaniae
661 1736 787 1804 cognata
810 1736 855 1788 est
877 1746 942 1789 cum
964 1738 1068 1790 matre.
1098 1724 1232 1805 Quattuor
1253 1730 1359 1787 summi
1374 1731 1466 1788 nostri

112 1818 250 1893 temporis
272 1816 447 1877 monarchae
471 1816 528 1876 hoc
549 1832 627 1875 auno
649 1824 719 1875 snut
749 1816 808 1875 iere
829 1812 965 1890 daridis,
997 1817 1095 1877 'furca
1117 1818 1315 1875 minoreuncm
1337 1816 1465 1892 reliquit,

112 1909 148 1963 ut·
163 1902 265 1978 ierim,
287 1902 440 1980 Hispanus
463 1903 592 1963 nondum
614 1905 733 1982 nuptias
748 1902 918 1978 celebrarit,
940 1903 1104 1982 Imperator
1118 1899 1209 1973 trau
1222 1919 1280 1961 uon
1305 1900 1466 1963 destinavit

112 2006 319 2065 successorem,
342 1991 406 2052 Rex
430 1989 594 2051 Galliarum
617 1987 722 2065 ἅπαις,
751 1990 867 2067 Regina
888 1992 1016 2068 Arrglise
1039 1994 1120 2052 item.
1167 1990 1287 2050 iliberto
1309 1984 1333 2068 i)
1359 1992 1413 2051 erit
1435 1993 1465 2049 in

112 2074 152 2137 li.
174 2077 211 2140 (i.
257 2079 415 2152 incertum,
438 2096 477 2137 au
500 2087 531 2139 ct
553 2078 758 2138 Maximiliauo
780 2080 840 2138 iata
861 2089 898 2143 ο(
929 2074 965 2162 ‘il
993 2087 1017 2149 ὅ
1043 2077 1155 2140 ineidat
1176 2081 1207 2137 iu
1230 2086 1339 2154 ortum3
1364 2077 1467 2138 incidit

112 2164 203 2225 urit.
225 2164 260 2225 C.
283 2165 414 2243 Philippi
436 2166 476 2225 li.
522 2167 663 2226 Ernestua
691 2166 782 2226 babet
804 2165 845 2225 Μ.
870 2165 903 2226 0.
927 2168 956 2225 iu
981 2162 1089 2253 9⁰52,
1120 2172 1151 2227 et
1173 2164 1376 2226 Perdinaudus
1400 2166 1467 2225 lna-

112 2252 282 2330 bruggensis
305 2260 335 2313 ot
357 2252 578 2313 Maximillanua
600 2260 630 2315 et
650 2262 735 2331 pater
757 2254 822 2330 ejus
843 2252 1048 2315 Ferdinandua
1071 2258 1100 2313 in
1125 2250 1159 2313 7⁰
1172 2263 1241 2326 x,
1265 2261 1296 2313 et
1309 2253 1374 2313 Rex
1389 2252 1465 2313 Gal-

112 2338 167 2399 liac
188 2342 220 2399 in
242 2337 301 2401 29⁰
322 2338 377 2422 Θ,
408 2340 533 2400 Carolus
561 2349 591 2401 et
620 2340 796 2417 liudolphus
826 2342 856 2401 in
889 2338 945 2402 16⁰
966 2344 1015 2423 ill.
1058 2352 1096 2407 ο(
1125 2343 1182 2402 ista
1211 2343 1317 2402 attinet
1348 2339 1466 2401 domum

112 2426 316 2505 duatdacam3
347 2430 488 2488 morietur
515 2426 671 2507 Philippus
692 2428 749 2488 Ili.
794 2427 1001 2505 Margaretbne
1032 2431 1137 2489 transit
1158 2424 1182 2507 i>
1206 2428 1287 2506 Sept.
1319 2430 1389 2488 nuni
1413 2434 1464 2491 eo.

112 2530 161 2593 per
180 2510 225 2597 Q)
247 2521 278 2577 et
307 2532 384 2575 anno
415 2521 506 2578 1600.
533 2532 586 2593 per
611 2532 648 2583 00
672 2516 703 2591 ll
727 2523 757 2577 et
778 2514 816 2590 i]
839 2517 1033 2579 ascendentis.
1086 2516 1238 2577 itconorae
1264 2524 1384 2577 nostrae
1412 2532 1466 2576 ao-

112 2600 181 2663 oldit
202 2604 256 2663 iila
277 2619 315 2675 0(
344 2606 373 2662 in
388 2602 468 2679 Vll;
491 2604 639 2680 significat
661 2605 887 2665 matrimonium.
926 2604 1032 2665 Cereio
1049 2612 1149 2665 nostro
1164 2605 1194 2661 iu
1211 2603 1278 2664 ioco
1292 2602 1341 2682 Θ,
1366 2602 1466 2663 blaxi-

112 2690 230 2751 niliano
258 2693 289 2749 io
317 2699 392 2751 ortu.
439 2690 489 2751 Sic
511 2708 636 2765 censeo,
668 2694 789 2768 nuptias
818 2688 931 2752 iuturus
954 2690 1131 2753 i'erdinandi
1163 2699 1194 2752 et
1216 2688 1383 2766 Leonnrue,
1413 2690 1467 2751 sed

112 2776 220 2837 luctum
242 2781 473 2839 interventurum
505 2786 558 2838 aut
579 2787 746 2841 secuturum
768 2780 807 2839 ob
830 2789 976 2840 montrum
999 2797 1097 2857 regem
1120 2778 1300 2858 Hispaniae,
1327 2786 1380 2839 aut
1401 2778 1466 2837 Ru·

112 2862 212 2943 doiplri
235 2866 382 2940 Caesaris,
405 2874 458 2925 eut
480 2864 685 2928 Maximiliaui.
730 2866 776 2927 Ee
797 2884 843 2928 res
865 2867 974 2929 onmis
997 2868 1077 2928 bona
1098 2868 1161 2928 erit.

212 2966 264 3020 iiis
281 2965 423 3021 immixtae
440 2972 506 3021 suut
523 2981 638 3036 geneses
656 2964 771 3022 aliorum
790 2966 954 3038 principum,
980 2981 1168 3024 suecemornm
1186 2964 1355 3023 Fcrdinandi
1374 2964 1467 3021 catbo·

112 3050 155 3107 lici
171 3056 202 3106 et
217 3050 369 3122 isabellae,
393 3052 494 3122 purtim
516 3052 661 3109 absolutae
681 3055 782 3124 purtim
806 3055 901 3124 paucis
920 3053 1010 3109 verbis
1034 3052 1173 3121 signatae,
1198 3051 1297 3107 calculi
1314 3051 1466 3122 eclipsiunr,

112 3140 248 3197 tentantia
266 3140 350 3197 dubia
368 3141 402 3195 de
420 3146 585 3211 tempestate
603 3141 667 3196 anni
686 3150 748 3203 etc..
766 3141 806 3197 its
824 3146 855 3197 nt
871 3146 1018 3212 apparent,
1042 3139 1124 3202 simili
1141 3139 1248 3195 ratiorm
1272 3154 1328 3208 qna
1344 3140 1421 3210 priua
1439 3140 1467 3194 in

112 3227 299 3285 nativitatibus
317 3228 487 3298 singulorum
506 3228 534 3282 in
553 3228 648 3283 iisdem
667 3227 830 3283 iamiliarum
848 3232 877 3284 ct
896 3234 1073 3297 cognatorum
1092 3242 1122 3282 se
1140 3227 1297 3283 exercuisse
1310 3226 1468 3298 chierum,

112 3320 139 3371 ut
149 3314 304 3371 uberiorem
317 3315 521 3370 nancisceretur
534 3317 715 3384 coguitionem
728 3316 861 3373 solertiae
872 3316 1062 3387 astrologicae,
1079 3316 1108 3371 in
1121 3332 1203 3385 quum
1215 3315 1346 3370 inclinare
1359 3315 1469 3371 ridebat

112 3416 202 3458 muas
220 3402 279 3457 iere
296 3401 448 3458 humilioris
467 3401 662 3473 nobiliorisque
680 3404 789 3472 generis
807 3403 941 3461 homines.
973 3403 1061 3473 Quale
1078 3420 1113 3460 ex
1130 3404 1175 3459 his
1194 3402 1391 3459 tentaminibns
1404 3418 1467 3458 con·

112 3488 205 3546 doerit
221 3489 435 3559 prognosticum,
453 3489 597 3547 nescimus.

213 3578 282 3631 cnm
299 3576 463 3632 Maestlinus
481 3577 606 3646 Tubinga
623 3594 720 3648 parum
738 3578 829 3635 solatii
846 3578 992 3651 praeberet
1010 3580 1139 3653 Keplcro,
1157 3580 1369 3637 Heraarturn
1387 3578 1464 3650 adiit,

112 3660 132 3721 b
156 3662 288 3720 tatuit
312 3664 447 3720 scribens:
476 3662 571 3722 Dotno
595 3663 716 3722 discessi
738 3680 804 3723 cunr
820 3666 909 3723 venia
923 3666 1112 3740 magistratus
1128 3667 1203 3740 mei3
1225 3664 1351 3723 reditum
1367 3680 1465 3724 meum

112 3747 159 3807 obl
180 3746 242 3805 iiiia
264 3749 439 3825 significari,
463 3750 643 3826 diligentiam
667 3750 785 3826 quidem
808 3750 1023 3827 collaudarent,
1047 3760 1174 3814 ceterum
1191 3753 1369 3811 verbotenus
1392 3767 1465 3811 sua·

112 3840 217 3908 ramat,
242 3837 360 3913 reipsa
382 3839 436 3897 sub
460 3838 637 3897 dimissionis
661 3840 895 3899 interminatione
918 3841 1106 3917 imperarunt,
1132 3848 1164 3898 ut
1186 3841 1315 3916 reposita
1331 3841 1361 3897 iu
1377 3856 1465 3916 prae-

112 3938 174 3983 tcua
197 3927 379 3984 astronomia
400 3925 575 3985 medicinam
598 3925 788 4003 amplecterer
810 3927 998 4004 animumque
1021 3946 1039 3987 a
1061 3926 1313 4004 speculationibus
1334 3926 1464 4003 pulchris

112 4011 204 4087 uagis
226 4028 317 4087 quarn
339 4011 396 4071 hoc
419 4012 528 4072 diiiicili
552 4020 682 4090 tempore
704 4014 884 4074 salutaribus
906 4014 944 4074 ad
966 4032 1067 4075 curam
1090 4014 1228 4074 utilitatis
1243 4013 1381 4091 publicae
1403 4020 1465 4073 tra-

112 4096 254 4159 ducerem.
292 4098 328 4157 iit
344 4101 415 4175 quia
429 4103 628 4177 experimento
642 4102 846 4177 probaveram,
862 4119 950 4179 posse
965 4120 1010 4162 rue
1026 4102 1114 4162 domo
1130 4120 1197 4162 mea
1212 4119 1319 4175 carere,
1345 4107 1363 4163 o
1380 4118 1464 4160 meu-

112 4186 189 4267 iibua
214 4187 318 4245 itincre
341 4186 501 4247 Bobcmico
525 4190 693 4262 consumtis,
718 4198 874 4249 suaserunt
895 4197 928 4248 ut
949 4190 1006 4249 sub
1020 4192 1153 4249 autrtmui
1170 4199 1285 4267 tempus
1301 4192 1330 4247 in
1347 4188 1464 4247 italiam

113 4288 179 4333 reru
210 4270 375 4335 medicinae
405 4292 504 4337 causa.
549 4275 580 4336 Si
611 4293 717 4337 causas
746 4293 847 4339 omnes
878 4275 1025 4354 explicare
1056 4276 1179 4351 vellem,
1210 4278 1317 4354 quibus
1340 4277 1404 4353 jam
1433 4278 1463 4335 in

112 4358 282 4421 dobemim
303 4363 411 4439 rapior,
431 4363 494 4439 jam
516 4364 546 4421 in
562 4361 689 4437 Italiam,
712 4374 829 4441 tempus
844 4374 975 4427 tererem.
1006 4364 1128 4426 Summa
1143 4365 1364 4425 deliberationis
1379 4378 1463 4425 meaa

112 4462 180 4509 racc
202 4456 267 4511 est:
290 4450 378 4526 cupio
394 4451 490 4511 adbuc
505 4468 598 4511 annos
614 4452 727 4528 aliquot
742 4454 771 4511 iu
786 4454 992 4512 astronomicis
1006 4469 1185 4527 consumere,
1209 4460 1329 4528 propter
1342 4450 1464 4529 'l'ycbo-

112 4552 182 4608 nem,
199 4533 376 4597 ditissimum
392 4555 487 4598 rerum
503 4538 605 4598 harum
622 4555 834 4615 possessorem,
859 4541 922 4601 sive
946 4539 975 4599 id
999 4539 1050 4601 iiat
1064 4542 1094 4600 iu
1111 4539 1263 4612 Bohemia,
1287 4542 1361 4613 sive,
1384 4538 1464 4615 qnod

112 4622 220 4698 uelim,
242 4622 292 4685 hic
316 4624 445 4700 drusui,
470 4630 582 4687 interea
603 4627 747 4704 paulatim
771 4629 800 4687 iu
822 4627 968 4697 medicina
990 4627 1190 4707 progrederer.
1230 4626 1278 4686 Ad
1298 4626 1356 4687 hoc
1378 4624 1465 4684 insti-

112 4720 204 4771 :utum
226 4728 304 4789 opus
325 4713 396 4772 mihi
422 4721 467 4773 est
490 4714 709 4775 continuatione
724 4714 834 4788 salarii,
859 4715 940 4792 quod
962 4717 1001 4777 ab
1018 4716 1169 4777 ordinibus
1191 4713 1281 4791 hrrjus
1296 4715 1465 4792 provinciae

112 4798 213 4877 nabad,
236 4816 313 4879 epus
336 4808 366 4863 et
387 4803 544 4863 securitate
567 4804 596 4861 in
618 4801 771 4879 religionis
784 4806 914 4881 negotio,
939 4822 1027 4882 quam
1041 4810 1191 4881 praestare
1205 4804 1342 4883 princeps
1356 4808 1464 4882 potest,
