<?xml version="1.0" encoding="UTF-8"?>
<!DOCTYPE html PUBLIC "-//W3C//DTD XHTML 1.0 Transitional//EN"
    "http://www.w3.org/TR/xhtml1/DTD/xhtml1-transitional.dtd">
<html xmlns="http://www.w3.org/1999/xhtml" xml:lang="en" lang="en">
 <head>
  <title>
</title>
<meta http-equiv="Content-Type" content="text/html;charset=utf-8" />
  <meta name='ocr-system' content='tesseract 3.04.00' />
  <meta name='ocr-capabilities' content='ocr_page ocr_carea ocr_par ocr_line ocrx_word'/>
</head>
<body>
  <div class='ocr_page' id='page_1' title='image "./joanniskepleria00frisgoog/joanniskepleria00frisgoog_0045.png"; bbox 0 0 3308 5534; ppageno 0'>
   <div class='ocr_carea' id='block_1_1' title="bbox 167 354 1004 448">
    <p class='ocr_par' dir='ltr' id='par_1_1' title="bbox 167 354 1004 448">
     <span class='ocr_line' id='line_1_1' title="bbox 167 354 1004 448; baseline 0.002 -17"><span class='ocrx_word' id='word_1_1' title='bbox 167 354 170 359; x_wconf 39' lang='grc'><strong>’</strong></span> <span class='ocrx_word' id='word_1_2' title='bbox 198 376 241 443; x_wconf 82' lang='grc'><strong>32</strong></span> <span class='ocrx_word' id='word_1_3' title='bbox 759 375 875 432; x_wconf 74' lang='lat' dir='ltr'><strong>loannis</strong></span> <span class='ocrx_word' id='word_1_4' title='bbox 893 378 1004 448; x_wconf 83' lang='lat' dir='ltr'><strong>Keplerl</strong></span> 
     </span>
    </p>
   </div>
   <div class='ocr_carea' id='block_1_2' title="bbox 183 552 1569 1674">
    <p class='ocr_par' dir='ltr' id='par_1_2' title="bbox 183 552 1569 809">
     <span class='ocr_line' id='line_1_2' title="bbox 196 552 1569 632; baseline 0.001 -17"><span class='ocrx_word' id='word_1_5' title='bbox 196 553 286 615; x_wconf 79' lang='lat' dir='ltr'><strong>fando</strong></span> <span class='ocrx_word' id='word_1_6' title='bbox 310 554 462 630; x_wconf 90' lang='lat' dir='ltr'><strong>accepisti,</strong></span> <span class='ocrx_word' id='word_1_7' title='bbox 487 552 532 613; x_wconf 90' lang='lat' dir='ltr'><strong>vel</strong></span> <span class='ocrx_word' id='word_1_8' title='bbox 558 570 593 614; x_wconf 86' lang='lat' dir='ltr'><strong>ea</strong></span> <span class='ocrx_word' id='word_1_9' title='bbox 610 552 692 614; x_wconf 86' lang='lat' dir='ltr'><strong>libris</strong></span> <span class='ocrx_word' id='word_1_10' title='bbox 708 553 842 625; x_wconf 87' lang='lat' dir='ltr'><strong>hausisti,</strong></span> <span class='ocrx_word' id='word_1_11' title='bbox 865 553 969 615; x_wconf 89' lang='lat' dir='ltr'><strong>eodem</strong></span> <span class='ocrx_word' id='word_1_12' title='bbox 985 572 1043 632; x_wconf 90' lang='lat' dir='ltr'><strong>qno</strong></span> <span class='ocrx_word' id='word_1_13' title='bbox 1058 564 1090 615; x_wconf 90' lang='lat' dir='ltr'><strong>tu</strong></span> <span class='ocrx_word' id='word_1_14' title='bbox 1105 554 1194 616; x_wconf 91' lang='lat' dir='ltr'><strong>modo</strong></span> <span class='ocrx_word' id='word_1_15' title='bbox 1216 557 1288 616; x_wconf 87' lang='lat' dir='ltr'><strong>mihi</strong></span> <span class='ocrx_word' id='word_1_16' title='bbox 1311 561 1468 620; x_wconf 78' lang='lat' dir='ltr'>recensuit</span> <span class='ocrx_word' id='word_1_17' title='bbox 1504 556 1569 617; x_wconf 89' lang='lat' dir='ltr'><strong>lm·</strong></span> 
     </span>
     <span class='ocr_line' id='line_1_3' title="bbox 197 640 1569 723; baseline 0.003 -22"><span class='ocrx_word' id='word_1_18' title='bbox 197 644 298 720; x_wconf 88' lang='lat' dir='ltr'><strong>primis</strong></span> <span class='ocrx_word' id='word_1_19' title='bbox 321 641 400 716; x_wconf 88' lang='lat' dir='ltr'><strong>ojus,</strong></span> <span class='ocrx_word' id='word_1_20' title='bbox 424 640 460 700; x_wconf 94' lang='lat' dir='ltr'><strong>de</strong></span> <span class='ocrx_word' id='word_1_21' title='bbox 484 658 543 716; x_wconf 91' lang='lat' dir='ltr'><strong>qua</strong></span> <span class='ocrx_word' id='word_1_22' title='bbox 568 643 658 701; x_wconf 90' lang='lat' dir='ltr'><strong>toties</strong></span> <span class='ocrx_word' id='word_1_23' title='bbox 681 641 752 700; x_wconf 90' lang='lat' dir='ltr'><strong>mihi</strong></span> <span class='ocrx_word' id='word_1_24' title='bbox 773 641 860 715; x_wconf 84' lang='lat' dir='ltr'><strong>dixit,</strong></span> <span class='ocrx_word' id='word_1_25' title='bbox 883 643 1011 718; x_wconf 74' lang='lat' dir='ltr'><strong>regionis</strong></span> <span class='ocrx_word' id='word_1_26' title='bbox 1035 653 1063 703; x_wconf 93' lang='lat' dir='ltr'><strong>te</strong></span> <span class='ocrx_word' id='word_1_27' title='bbox 1087 643 1175 703; x_wconf 86' lang='lat' dir='ltr'><strong>veiim</strong></span> <span class='ocrx_word' id='word_1_28' title='bbox 1197 654 1394 721; x_wconf 75' lang='lat' dir='ltr'>spectatorem</span> <span class='ocrx_word' id='word_1_29' title='bbox 1416 644 1497 723; x_wconf 85' lang='lat' dir='ltr'><strong>fleri,</strong></span> <span class='ocrx_word' id='word_1_30' title='bbox 1519 661 1569 705; x_wconf 90' lang='lat' dir='ltr'><strong>me</strong></span> 
     </span>
     <span class='ocr_line' id='line_1_4' title="bbox 183 727 1544 809; baseline 0 -19"><span class='ocrx_word' id='word_1_31' title='bbox 183 732 312 800; x_wconf 79' lang='lat' dir='ltr'><strong>comite,</strong></span> <span class='ocrx_word' id='word_1_32' title='bbox 337 727 426 787; x_wconf 83' lang='lat' dir='ltr'><strong>vaide</strong></span> <span class='ocrx_word' id='word_1_33' title='bbox 449 731 526 786; x_wconf 89' lang='lat' dir='ltr'><strong>enirn</strong></span> <span class='ocrx_word' id='word_1_34' title='bbox 549 730 623 787; x_wconf 88' lang='lat' dir='ltr'><strong>mira</strong></span> <span class='ocrx_word' id='word_1_35' title='bbox 646 739 723 802; x_wconf 90' lang='lat' dir='ltr'><strong>snut,</strong></span> <span class='ocrx_word' id='word_1_36' title='bbox 749 746 826 805; x_wconf 92' lang='lat' dir='ltr'><strong>quae</strong></span> <span class='ocrx_word' id='word_1_37' title='bbox 849 728 885 789; x_wconf 92' lang='lat' dir='ltr'><strong>de</strong></span> <span class='ocrx_word' id='word_1_38' title='bbox 908 746 944 788; x_wconf 92' lang='lat' dir='ltr'><strong>ea</strong></span> <span class='ocrx_word' id='word_1_39' title='bbox 968 741 1075 790; x_wconf 82' lang='lat' dir='ltr'><strong>narrat.</strong></span> <span class='ocrx_word' id='word_1_40' title='bbox 1121 729 1282 791; x_wconf 85' lang='lat' dir='ltr'><strong>Levauiam</strong></span> <span class='ocrx_word' id='word_1_41' title='bbox 1306 732 1478 809; x_wconf 80' lang='lat' dir='ltr'><strong>indigitavit</strong></span> <span class='ocrx_word' id='word_1_42' title='bbox 1487 728 1544 807; x_wconf 65' lang='grc' dir='ltr'><strong>ω).</strong></span> 
     </span>
    </p>

    <p class='ocr_par' dir='ltr' id='par_1_3' title="bbox 196 814 1569 1674">
     <span class='ocr_line' id='line_1_5' title="bbox 303 814 1568 895; baseline 0.004 -21"><span class='ocrx_word' id='word_1_43' title='bbox 303 814 365 875; x_wconf 89' lang='lat' dir='ltr'><strong>Nec</strong></span> <span class='ocrx_word' id='word_1_44' title='bbox 387 832 469 874; x_wconf 91' lang='lat' dir='ltr'><strong>mora</strong></span> <span class='ocrx_word' id='word_1_45' title='bbox 491 817 653 889; x_wconf 89' lang='lat' dir='ltr'><strong>consentio,</strong></span> <span class='ocrx_word' id='word_1_46' title='bbox 678 826 710 875; x_wconf 90' lang='lat' dir='ltr'><strong>ut</strong></span> <span class='ocrx_word' id='word_1_47' title='bbox 733 819 904 892; x_wconf 88' lang='lat' dir='ltr'><strong>magistrum</strong></span> <span class='ocrx_word' id='word_1_48' title='bbox 927 816 978 877; x_wconf 90' lang='lat' dir='ltr'><strong>illa</strong></span> <span class='ocrx_word' id='word_1_49' title='bbox 999 832 1085 877; x_wconf 77' lang='lat' dir='ltr'><strong>aarum</strong></span> <span class='ocrx_word' id='word_1_50' title='bbox 1099 826 1230 878; x_wconf 91' lang='lat' dir='ltr'><strong>accersat</strong></span> <span class='ocrx_word' id='word_1_51' title='bbox 1251 827 1280 878; x_wconf 93' lang='lat' dir='ltr'><strong>et</strong></span> <span class='ocrx_word' id='word_1_52' title='bbox 1299 819 1449 893; x_wconf 77' lang='lat' dir='ltr'><strong>consideo,</strong></span> <span class='ocrx_word' id='word_1_53' title='bbox 1473 837 1568 895; x_wconf 88' lang='lat' dir='ltr'><strong>para-</strong></span> 
     </span>
     <span class='ocr_line' id='line_1_6' title="bbox 199 900 1568 982; baseline 0.002 -21"><span class='ocrx_word' id='word_1_54' title='bbox 199 910 247 962; x_wconf 92' lang='lat' dir='ltr'><strong>tus</strong></span> <span class='ocrx_word' id='word_1_55' title='bbox 270 900 309 961; x_wconf 90' lang='lat' dir='ltr'><strong>ad</strong></span> <span class='ocrx_word' id='word_1_56' title='bbox 331 900 509 962; x_wconf 86' lang='lat' dir='ltr'><strong>audiendam</strong></span> <span class='ocrx_word' id='word_1_57' title='bbox 532 911 624 960; x_wconf 89' lang='lat' dir='ltr'><strong>totam</strong></span> <span class='ocrx_word' id='word_1_58' title='bbox 648 911 679 962; x_wconf 90' lang='lat' dir='ltr'><strong>et</strong></span> <span class='ocrx_word' id='word_1_59' title='bbox 701 907 812 963; x_wconf 91' lang='lat' dir='ltr'><strong>itineris</strong></span> <span class='ocrx_word' id='word_1_60' title='bbox 836 906 986 976; x_wconf 91' lang='lat' dir='ltr'><strong>rationem,</strong></span> <span class='ocrx_word' id='word_1_61' title='bbox 1010 915 1040 963; x_wconf 90' lang='lat' dir='ltr'><strong>et</strong></span> <span class='ocrx_word' id='word_1_62' title='bbox 1055 905 1181 980; x_wconf 76' lang='lat' dir='ltr'><strong>regionis</strong></span> <span class='ocrx_word' id='word_1_63' title='bbox 1197 904 1434 982; x_wconf 82' lang='lat' dir='ltr'><strong>descriptionem.</strong></span> <span class='ocrx_word' id='word_1_64' title='bbox 1472 904 1568 965; x_wconf 82' lang='lat' dir='ltr'><strong>Tem·</strong></span> 
     </span>
     <span class='ocr_line' id='line_1_7' title="bbox 198 988 1569 1070; baseline 0.002 -22"><span class='ocrx_word' id='word_1_65' title='bbox 198 1006 254 1066; x_wconf 91' lang='lat' dir='ltr'><strong>pus</strong></span> <span class='ocrx_word' id='word_1_66' title='bbox 273 990 336 1065; x_wconf 91' lang='lat' dir='ltr'><strong>jam</strong></span> <span class='ocrx_word' id='word_1_67' title='bbox 360 999 423 1049; x_wconf 89' lang='lat' dir='ltr'><strong>erat</strong></span> <span class='ocrx_word' id='word_1_68' title='bbox 446 1007 580 1061; x_wconf 82' lang='lat' dir='ltr'><strong>vernum,</strong></span> <span class='ocrx_word' id='word_1_69' title='bbox 611 988 695 1048; x_wconf 90' lang='lat' dir='ltr'><strong>Luna</strong></span> <span class='ocrx_word' id='word_1_70' title='bbox 718 998 865 1050; x_wconf 83' lang='lat' dir='ltr'><strong>crescente</strong></span> <span class='ocrx_word' id='word_1_71' title='bbox 887 992 916 1048; x_wconf 91' lang='lat' dir='ltr'><strong>in</strong></span> <span class='ocrx_word' id='word_1_72' title='bbox 940 1008 1065 1065; x_wconf 90' lang='lat' dir='ltr'><strong>cornua,</strong></span> <span class='ocrx_word' id='word_1_73' title='bbox 1098 1007 1174 1067; x_wconf 88' lang='lat' dir='ltr'><strong>quae</strong></span> <span class='ocrx_word' id='word_1_74' title='bbox 1203 1002 1235 1050; x_wconf 90' lang='lat' dir='ltr'><strong>ut</strong></span> <span class='ocrx_word' id='word_1_75' title='bbox 1264 997 1390 1070; x_wconf 89' lang='lat' dir='ltr'><strong>primum</strong></span> <span class='ocrx_word' id='word_1_76' title='bbox 1413 992 1486 1053; x_wconf 83' lang='lat' dir='ltr'><strong>Sole</strong></span> <span class='ocrx_word' id='word_1_77' title='bbox 1508 992 1569 1051; x_wconf 91' lang='lat' dir='ltr'><strong>sub</strong></span> 
     </span>
     <span class='ocr_line' id='line_1_8' title="bbox 196 1075 1568 1156; baseline 0.002 -21"><span class='ocrx_word' id='word_1_78' title='bbox 196 1076 379 1136; x_wconf 79' lang='lat' dir='ltr'><strong>horizontem</strong></span> <span class='ocrx_word' id='word_1_79' title='bbox 402 1076 519 1136; x_wconf 91' lang='lat' dir='ltr'><strong>condito</strong></span> <span class='ocrx_word' id='word_1_80' title='bbox 542 1079 638 1153; x_wconf 87' lang='lat' dir='ltr'><strong>coepit</strong></span> <span class='ocrx_word' id='word_1_81' title='bbox 658 1079 781 1150; x_wconf 87' lang='lat' dir='ltr'><strong>enitere,</strong></span> <span class='ocrx_word' id='word_1_82' title='bbox 807 1079 911 1153; x_wconf 90' lang='lat' dir='ltr'><strong>juncis</strong></span> <span class='ocrx_word' id='word_1_83' title='bbox 932 1077 1069 1154; x_wconf 91' lang='lat' dir='ltr'><strong>planetae</strong></span> <span class='ocrx_word' id='word_1_84' title='bbox 1092 1077 1218 1137; x_wconf 87' lang='lat' dir='ltr'><strong>Saturno</strong></span> <span class='ocrx_word' id='word_1_85' title='bbox 1246 1083 1275 1138; x_wconf 92' lang='lat' dir='ltr'><strong>in</strong></span> <span class='ocrx_word' id='word_1_86' title='bbox 1298 1079 1391 1139; x_wconf 89' lang='lat' dir='ltr'><strong>Tauri</strong></span> <span class='ocrx_word' id='word_1_87' title='bbox 1413 1075 1568 1156; x_wconf 77' lang='lat' dir='ltr'><strong>aigno⁴⁸),</strong></span> 
     </span>
     <span class='ocr_line' id='line_1_9' title="bbox 198 1159 1568 1244; baseline 0.002 -21"><span class='ocrx_word' id='word_1_88' title='bbox 198 1170 291 1223; x_wconf 89' lang='lat' dir='ltr'><strong>maier</strong></span> <span class='ocrx_word' id='word_1_89' title='bbox 314 1165 437 1225; x_wconf 83' lang='lat' dir='ltr'><strong>seorsim</strong></span> <span class='ocrx_word' id='word_1_90' title='bbox 451 1182 470 1223; x_wconf 91' lang='lat' dir='ltr'><strong>a</strong></span> <span class='ocrx_word' id='word_1_91' title='bbox 486 1182 532 1223; x_wconf 92' lang='lat' dir='ltr'><strong>me</strong></span> <span class='ocrx_word' id='word_1_92' title='bbox 555 1182 587 1222; x_wconf 92' lang='lat' dir='ltr'><strong>se</strong></span> <span class='ocrx_word' id='word_1_93' title='bbox 610 1166 752 1240; x_wconf 89' lang='lat' dir='ltr'><strong>recipiens</strong></span> <span class='ocrx_word' id='word_1_94' title='bbox 762 1159 808 1244; x_wconf 76' lang='lat'><strong>⁴⁴)</strong></span> <span class='ocrx_word' id='word_1_95' title='bbox 832 1165 860 1222; x_wconf 92' lang='lat' dir='ltr'><strong>in</strong></span> <span class='ocrx_word' id='word_1_96' title='bbox 884 1168 1046 1241; x_wconf 85' lang='lat' dir='ltr'><strong>proximum</strong></span> <span class='ocrx_word' id='word_1_97' title='bbox 1063 1167 1173 1224; x_wconf 86' lang='lat' dir='ltr'><strong>bivium</strong></span> <span class='ocrx_word' id='word_1_98' title='bbox 1187 1161 1236 1242; x_wconf 77' lang='lat'><strong>⁴⁵),</strong></span> <span class='ocrx_word' id='word_1_99' title='bbox 1260 1176 1289 1225; x_wconf 89' lang='lat' dir='ltr'><strong>et</strong></span> <span class='ocrx_word' id='word_1_100' title='bbox 1305 1168 1440 1243; x_wconf 91' lang='lat' dir='ltr'><strong>pauculis</strong></span> <span class='ocrx_word' id='word_1_101' title='bbox 1465 1168 1568 1227; x_wconf 85' lang='lat' dir='ltr'><strong>serbis</strong></span> 
     </span>
     <span class='ocr_line' id='line_1_10' title="bbox 199 1244 1569 1329; baseline 0.001 -18"><span class='ocrx_word' id='word_1_102' title='bbox 199 1251 326 1311; x_wconf 88' lang='lat' dir='ltr'><strong>clamore</strong></span> <span class='ocrx_word' id='word_1_103' title='bbox 350 1251 467 1310; x_wconf 88' lang='lat' dir='ltr'><strong>sublato</strong></span> <span class='ocrx_word' id='word_1_104' title='bbox 491 1244 717 1327; x_wconf 71' lang='lat' dir='ltr'><strong>enunciatis‘⁶),</strong></span> <span class='ocrx_word' id='word_1_105' title='bbox 742 1254 848 1326; x_wconf 93' lang='lat' dir='ltr'><strong>quibus</strong></span> <span class='ocrx_word' id='word_1_106' title='bbox 872 1253 1041 1327; x_wconf 86' lang='lat' dir='ltr'><strong>petitionem</strong></span> <span class='ocrx_word' id='word_1_107' title='bbox 1058 1269 1140 1311; x_wconf 89' lang='lat' dir='ltr'><strong>suam</strong></span> <span class='ocrx_word' id='word_1_108' title='bbox 1156 1255 1349 1329; x_wconf 79' lang='lat' dir='ltr'><strong>proponebat,</strong></span> <span class='ocrx_word' id='word_1_109' title='bbox 1373 1256 1569 1314; x_wconf 86' lang='lat' dir='ltr'><strong>ceremoniis-</strong></span> 
     </span>
     <span class='ocr_line' id='line_1_11' title="bbox 199 1333 1568 1418; baseline 0.001 -19"><span class='ocrx_word' id='word_1_110' title='bbox 199 1355 256 1415; x_wconf 89' lang='lat' dir='ltr'><strong>que</strong></span> <span class='ocrx_word' id='word_1_111' title='bbox 280 1341 406 1415; x_wconf 80' lang='lat' dir='ltr'><strong>peractis</strong></span> <span class='ocrx_word' id='word_1_112' title='bbox 430 1333 620 1397; x_wconf 66' lang='grc' dir='ltr'><strong>ιιιιιιῑιιιιΠ</strong></span> <span class='ocrx_word' id='word_1_113' title='bbox 642 1381 648 1409; x_wconf 87' lang='grc'>,</span> <span class='ocrx_word' id='word_1_114' title='bbox 672 1346 827 1414; x_wconf 88' lang='lat' dir='ltr'><strong>praetensa</strong></span> <span class='ocrx_word' id='word_1_115' title='bbox 849 1338 967 1397; x_wconf 81' lang='lat' dir='ltr'><strong>dextrae</strong></span> <span class='ocrx_word' id='word_1_116' title='bbox 989 1355 1092 1397; x_wconf 89' lang='lat' dir='ltr'><strong>manus</strong></span> <span class='ocrx_word' id='word_1_117' title='bbox 1113 1338 1212 1416; x_wconf 86' lang='lat' dir='ltr'><strong>palma</strong></span> <span class='ocrx_word' id='word_1_118' title='bbox 1231 1339 1380 1400; x_wconf 86' lang='lat' dir='ltr'><strong>silentium</strong></span> <span class='ocrx_word' id='word_1_119' title='bbox 1404 1344 1568 1418; x_wconf 88' lang='lat' dir='ltr'><strong>imperans,</strong></span> 
     </span>
     <span class='ocr_line' id='line_1_12' title="bbox 197 1421 1567 1507; baseline 0.001 -22"><span class='ocrx_word' id='word_1_120' title='bbox 197 1435 375 1503; x_wconf 83' lang='lat' dir='ltr'><strong>propterque</strong></span> <span class='ocrx_word' id='word_1_121' title='bbox 403 1443 449 1484; x_wconf 91' lang='lat' dir='ltr'><strong>me</strong></span> <span class='ocrx_word' id='word_1_122' title='bbox 478 1425 590 1484; x_wconf 81' lang='lat' dir='ltr'><strong>assidet</strong></span> <span class='ocrx_word' id='word_1_123' title='bbox 628 1430 651 1499; x_wconf 85' lang='grc'><strong>).</strong></span> <span class='ocrx_word' id='word_1_124' title='bbox 697 1424 757 1482; x_wconf 83' lang='lat' dir='ltr'><strong>Vix</strong></span> <span class='ocrx_word' id='word_1_125' title='bbox 788 1427 885 1501; x_wconf 91' lang='lat' dir='ltr'><strong>capita</strong></span> <span class='ocrx_word' id='word_1_126' title='bbox 914 1428 1045 1485; x_wconf 83' lang='lat' dir='ltr'><strong>restibus</strong></span> <span class='ocrx_word' id='word_1_127' title='bbox 1067 1421 1114 1507; x_wconf 93' lang='lat' dir='ltr'><strong>(ut</strong></span> <span class='ocrx_word' id='word_1_128' title='bbox 1144 1434 1320 1486; x_wconf 86' lang='lat' dir='ltr'><strong>conventum</strong></span> <span class='ocrx_word' id='word_1_129' title='bbox 1351 1428 1427 1505; x_wconf 90' lang='lat' dir='ltr'><strong>erat)</strong></span> <span class='ocrx_word' id='word_1_130' title='bbox 1463 1427 1567 1486; x_wconf 85' lang='lat' dir='ltr'><strong>insol-</strong></span> 
     </span>
     <span class='ocr_line' id='line_1_13' title="bbox 200 1508 1568 1595; baseline 0.002 -24"><span class='ocrx_word' id='word_1_131' title='bbox 200 1508 410 1593; x_wconf 56' lang='lat' dir='ltr'><strong>veramusw),</strong></span> <span class='ocrx_word' id='word_1_132' title='bbox 435 1530 500 1571; x_wconf 87' lang='lat' dir='ltr'><strong>curu</strong></span> <span class='ocrx_word' id='word_1_133' title='bbox 523 1529 590 1572; x_wconf 87' lang='lat' dir='ltr'><strong>ecce</strong></span> <span class='ocrx_word' id='word_1_134' title='bbox 614 1520 743 1570; x_wconf 86' lang='lat' dir='ltr'><strong>screatus</strong></span> <span class='ocrx_word' id='word_1_135' title='bbox 767 1515 895 1571; x_wconf 82' lang='lat' dir='ltr'><strong>exoritur</strong></span> <span class='ocrx_word' id='word_1_136' title='bbox 918 1511 1036 1573; x_wconf 91' lang='lat' dir='ltr'><strong>blaesae</strong></span> <span class='ocrx_word' id='word_1_137' title='bbox 1060 1521 1089 1573; x_wconf 91' lang='lat' dir='ltr'><strong>et</strong></span> <span class='ocrx_word' id='word_1_138' title='bbox 1111 1513 1235 1573; x_wconf 90' lang='lat' dir='ltr'><strong>obtusae</strong></span> <span class='ocrx_word' id='word_1_139' title='bbox 1252 1509 1392 1595; x_wconf 77' lang='lat' dir='ltr'><strong>vocis⁶⁰)</strong></span> <span class='ocrx_word' id='word_1_140' title='bbox 1415 1524 1446 1574; x_wconf 87' lang='lat' dir='ltr'><strong>et</strong></span> <span class='ocrx_word' id='word_1_141' title='bbox 1461 1517 1568 1574; x_wconf 88' lang='lat' dir='ltr'><strong>statim</strong></span> 
     </span>
     <span class='ocr_line' id='line_1_14' title="bbox 198 1594 997 1674; baseline 0.003 -16"><span class='ocrx_word' id='word_1_142' title='bbox 198 1600 228 1658; x_wconf 86' lang='lat' dir='ltr'><strong>in</strong></span> <span class='ocrx_word' id='word_1_143' title='bbox 252 1599 329 1660; x_wconf 92' lang='lat' dir='ltr'><strong>huuc</strong></span> <span class='ocrx_word' id='word_1_144' title='bbox 352 1598 481 1674; x_wconf 90' lang='lat' dir='ltr'><strong>modum,</strong></span> <span class='ocrx_word' id='word_1_145' title='bbox 504 1599 556 1659; x_wconf 92' lang='lat' dir='ltr'><strong>sed</strong></span> <span class='ocrx_word' id='word_1_146' title='bbox 579 1596 719 1659; x_wconf 82' lang='lat' dir='ltr'><strong>idiomate</strong></span> <span class='ocrx_word' id='word_1_147' title='bbox 742 1594 901 1672; x_wconf 88' lang='lat' dir='ltr'><strong>Islendico,</strong></span> <span class='ocrx_word' id='word_1_148' title='bbox 924 1599 997 1660; x_wconf 85' lang='lat' dir='ltr'><strong>iniit.</strong></span> 
     </span>
    </p>
   </div>
   <div class='ocr_carea' id='block_1_3' title="bbox 601 1800 1145 1885">
    <p class='ocr_par' dir='ltr' id='par_1_4' title="bbox 601 1800 1145 1885">
     <span class='ocr_line' id='line_1_15' title="bbox 601 1800 1145 1885; baseline 0.002 -19"><span class='ocrx_word' id='word_1_149' title='bbox 601 1802 824 1885; x_wconf 72' lang='lat' dir='ltr'><strong>Daemon⁶¹l</strong></span> <span class='ocrx_word' id='word_1_150' title='bbox 859 1824 901 1866; x_wconf 85' lang='lat' dir='ltr'><strong>es</strong></span> <span class='ocrx_word' id='word_1_151' title='bbox 925 1800 1145 1884; x_wconf 56' lang='lat' dir='ltr'><strong>hananiam)</strong></span> 
     </span>
    </p>
   </div>
   <div class='ocr_carea' id='block_1_4' title="bbox 174 1924 1567 4790">
    <p class='ocr_par' dir='ltr' id='par_1_5' title="bbox 193 1924 1567 2962">
     <span class='ocr_line' id='line_1_16' title="bbox 302 1924 1564 2009; baseline 0.002 -22"><span class='ocrx_word' id='word_1_152' title='bbox 302 1927 523 2006; x_wconf 87' lang='lat' dir='ltr'><strong>Quinquaginta</strong></span> <span class='ocrx_word' id='word_1_153' title='bbox 550 1928 680 1989; x_wconf 90' lang='lat' dir='ltr'><strong>millibus</strong></span> <span class='ocrx_word' id='word_1_154' title='bbox 710 1928 865 1988; x_wconf 90' lang='lat' dir='ltr'><strong>miliarium</strong></span> <span class='ocrx_word' id='word_1_155' title='bbox 888 1924 1183 2009; x_wconf 68' lang='lat' dir='ltr'><strong>comanensium-⁵⁸)</strong></span> <span class='ocrx_word' id='word_1_156' title='bbox 1206 1932 1236 1987; x_wconf 91' lang='lat' dir='ltr'><strong>in</strong></span> <span class='ocrx_word' id='word_1_157' title='bbox 1258 1929 1385 1989; x_wconf 89' lang='lat' dir='ltr'><strong>aetheris</strong></span> <span class='ocrx_word' id='word_1_158' title='bbox 1412 1929 1564 2006; x_wconf 79' lang='lat' dir='ltr'><strong>profundo</strong></span> 
     </span>
     <span class='ocr_line' id='line_1_17' title="bbox 195 2013 1566 2098; baseline 0.001 -23"><span class='ocrx_word' id='word_1_159' title='bbox 195 2018 254 2075; x_wconf 89' lang='lat' dir='ltr'><strong>sita</strong></span> <span class='ocrx_word' id='word_1_160' title='bbox 276 2013 376 2098; x_wconf 70' lang='lat' dir='ltr'><strong>est³⁴J</strong></span> <span class='ocrx_word' id='word_1_161' title='bbox 400 2016 573 2077; x_wconf 86' lang='lat' dir='ltr'><strong>hevania</strong></span> <span class='ocrx_word' id='word_1_162' title='bbox 596 2015 709 2090; x_wconf 75' lang='lat' dir='ltr'><strong>insula,</strong></span> <span class='ocrx_word' id='word_1_163' title='bbox 732 2019 786 2075; x_wconf 87' lang='lat' dir='ltr'><strong>iter</strong></span> <span class='ocrx_word' id='word_1_164' title='bbox 808 2016 845 2075; x_wconf 91' lang='lat' dir='ltr'><strong>ad</strong></span> <span class='ocrx_word' id='word_1_165' title='bbox 868 2033 933 2075; x_wconf 89' lang='lat' dir='ltr'><strong>earn</strong></span> <span class='ocrx_word' id='word_1_166' title='bbox 956 2016 1023 2075; x_wconf 91' lang='lat' dir='ltr'><strong>hinc</strong></span> <span class='ocrx_word' id='word_1_167' title='bbox 1046 2015 1092 2075; x_wconf 81' lang='lat' dir='ltr'><strong>acl</strong></span> <span class='ocrx_word' id='word_1_168' title='bbox 1109 2035 1144 2075; x_wconf 87' lang='lat' dir='ltr'><strong>ex</strong></span> <span class='ocrx_word' id='word_1_169' title='bbox 1160 2033 1195 2075; x_wconf 88' lang='lat' dir='ltr'><strong>aa</strong></span> <span class='ocrx_word' id='word_1_170' title='bbox 1218 2018 1247 2073; x_wconf 89' lang='lat' dir='ltr'><strong>in</strong></span> <span class='ocrx_word' id='word_1_171' title='bbox 1270 2016 1326 2075; x_wconf 91' lang='lat' dir='ltr'><strong>has</strong></span> <span class='ocrx_word' id='word_1_172' title='bbox 1340 2016 1448 2076; x_wconf 84' lang='lat' dir='ltr'><strong>Terras</strong></span> <span class='ocrx_word' id='word_1_173' title='bbox 1470 2019 1566 2077; x_wconf 89' lang='lat' dir='ltr'><strong>raris·</strong></span> 
     </span>
     <span class='ocr_line' id='line_1_18' title="bbox 193 2098 1566 2180; baseline 0.001 -19"><span class='ocrx_word' id='word_1_174' title='bbox 193 2106 268 2163; x_wconf 90' lang='lat' dir='ltr'><strong>sime</strong></span> <span class='ocrx_word' id='word_1_175' title='bbox 291 2098 438 2179; x_wconf 76' lang='lat' dir='ltr'><strong>paiet³⁵),</strong></span> <span class='ocrx_word' id='word_1_176' title='bbox 470 2112 500 2161; x_wconf 90' lang='lat' dir='ltr'><strong>et</strong></span> <span class='ocrx_word' id='word_1_177' title='bbox 523 2120 588 2163; x_wconf 92' lang='lat' dir='ltr'><strong>cum</strong></span> <span class='ocrx_word' id='word_1_178' title='bbox 611 2111 709 2179; x_wconf 91' lang='lat' dir='ltr'><strong>patet,</strong></span> <span class='ocrx_word' id='word_1_179' title='bbox 742 2114 858 2162; x_wconf 87' lang='lat' dir='ltr'><strong>nostrae</strong></span> <span class='ocrx_word' id='word_1_180' title='bbox 880 2102 999 2180; x_wconf 89' lang='lat' dir='ltr'><strong>quidem</strong></span> <span class='ocrx_word' id='word_1_181' title='bbox 1021 2104 1101 2177; x_wconf 88' lang='lat' dir='ltr'><strong>genti</strong></span> <span class='ocrx_word' id='word_1_182' title='bbox 1128 2102 1213 2162; x_wconf 90' lang='lat' dir='ltr'><strong>iacile</strong></span> <span class='ocrx_word' id='word_1_183' title='bbox 1244 2100 1356 2178; x_wconf 74' lang='lat' dir='ltr'><strong>est⁶⁶),</strong></span> <span class='ocrx_word' id='word_1_184' title='bbox 1389 2104 1566 2163; x_wconf 88' lang='lat' dir='ltr'><strong>hominihus</strong></span> 
     </span>
     <span class='ocr_line' id='line_1_19' title="bbox 194 2188 1566 2266; baseline 0.001 -17"><span class='ocrx_word' id='word_1_185' title='bbox 194 2207 266 2251; x_wconf 80' lang='lat' dir='ltr'><strong>acro</strong></span> <span class='ocrx_word' id='word_1_186' title='bbox 288 2190 521 2266; x_wconf 77' lang='lat' dir='ltr'><strong>transportandis</strong></span> <span class='ocrx_word' id='word_1_187' title='bbox 545 2189 632 2266; x_wconf 86' lang='lat' dir='ltr'><strong>plane</strong></span> <span class='ocrx_word' id='word_1_188' title='bbox 656 2188 859 2249; x_wconf 86' lang='lat' dir='ltr'><strong>difficillimum</strong></span> <span class='ocrx_word' id='word_1_189' title='bbox 884 2198 913 2249; x_wconf 88' lang='lat' dir='ltr'><strong>et</strong></span> <span class='ocrx_word' id='word_1_190' title='bbox 936 2207 1000 2248; x_wconf 91' lang='lat' dir='ltr'><strong>cum</strong></span> <span class='ocrx_word' id='word_1_191' title='bbox 1023 2206 1135 2248; x_wconf 89' lang='lat' dir='ltr'><strong>summo</strong></span> <span class='ocrx_word' id='word_1_192' title='bbox 1159 2192 1238 2250; x_wconf 83' lang='lat' dir='ltr'><strong>vitae</strong></span> <span class='ocrx_word' id='word_1_193' title='bbox 1261 2189 1392 2265; x_wconf 87' lang='lat' dir='ltr'><strong>periculo</strong></span> <span class='ocrx_word' id='word_1_194' title='bbox 1416 2191 1566 2265; x_wconf 91' lang='lat' dir='ltr'><strong>conjunc-</strong></span> 
     </span>
     <span class='ocr_line' id='line_1_20' title="bbox 195 2272 1566 2354; baseline 0 -17"><span class='ocrx_word' id='word_1_195' title='bbox 195 2272 317 2354; x_wconf 60' lang='lat' dir='ltr'><strong>unffi).</strong></span> <span class='ocrx_word' id='word_1_196' title='bbox 363 2276 443 2337; x_wconf 89' lang='lat' dir='ltr'><strong>Nulli</strong></span> <span class='ocrx_word' id='word_1_197' title='bbox 466 2295 485 2336; x_wconf 93' lang='lat' dir='ltr'><strong>a</strong></span> <span class='ocrx_word' id='word_1_198' title='bbox 507 2277 594 2336; x_wconf 92' lang='lat' dir='ltr'><strong>nobis</strong></span> <span class='ocrx_word' id='word_1_199' title='bbox 616 2275 773 2336; x_wconf 88' lang='lat' dir='ltr'><strong>sedentarii</strong></span> <span class='ocrx_word' id='word_1_200' title='bbox 803 2276 1003 2335; x_wconf 88' lang='lat' dir='ltr'><strong>adsciscuntur</strong></span> <span class='ocrx_word' id='word_1_201' title='bbox 1031 2278 1060 2332; x_wconf 92' lang='lat' dir='ltr'><strong>in</strong></span> <span class='ocrx_word' id='word_1_202' title='bbox 1083 2275 1161 2335; x_wconf 91' lang='lat' dir='ltr'><strong>hunc</strong></span> <span class='ocrx_word' id='word_1_203' title='bbox 1191 2280 1372 2350; x_wconf 89' lang='lat' dir='ltr'><strong>comitatum,</strong></span> <span class='ocrx_word' id='word_1_204' title='bbox 1396 2277 1470 2336; x_wconf 89' lang='lat' dir='ltr'><strong>nulli</strong></span> <span class='ocrx_word' id='word_1_205' title='bbox 1495 2295 1566 2337; x_wconf 91' lang='lat' dir='ltr'><strong>cor-</strong></span> 
     </span>
     <span class='ocr_line' id='line_1_21' title="bbox 194 2359 1567 2442; baseline 0 -19"><span class='ocrx_word' id='word_1_206' title='bbox 194 2364 317 2442; x_wconf 90' lang='lat' dir='ltr'><strong>pulenti,</strong></span> <span class='ocrx_word' id='word_1_207' title='bbox 341 2364 413 2423; x_wconf 90' lang='lat' dir='ltr'><strong>nulii</strong></span> <span class='ocrx_word' id='word_1_208' title='bbox 437 2359 616 2437; x_wconf 64' lang='lat' dir='ltr'><strong>deiicetiiii),</strong></span> <span class='ocrx_word' id='word_1_209' title='bbox 639 2363 691 2422; x_wconf 92' lang='lat' dir='ltr'><strong>sed</strong></span> <span class='ocrx_word' id='word_1_210' title='bbox 714 2363 839 2439; x_wconf 91' lang='lat' dir='ltr'><strong>legimus</strong></span> <span class='ocrx_word' id='word_1_211' title='bbox 863 2380 924 2436; x_wconf 92' lang='lat' dir='ltr'><strong>eos,</strong></span> <span class='ocrx_word' id='word_1_212' title='bbox 947 2365 997 2438; x_wconf 91' lang='lat' dir='ltr'><strong>qui</strong></span> <span class='ocrx_word' id='word_1_213' title='bbox 1020 2371 1147 2422; x_wconf 86' lang='lat' dir='ltr'><strong>aetatem</strong></span> <span class='ocrx_word' id='word_1_214' title='bbox 1163 2364 1336 2423; x_wconf 80' lang='lat' dir='ltr'><strong>veredorum</strong></span> <span class='ocrx_word' id='word_1_215' title='bbox 1359 2364 1481 2424; x_wconf 90' lang='lat' dir='ltr'><strong>assiduo</strong></span> <span class='ocrx_word' id='word_1_216' title='bbox 1506 2382 1567 2423; x_wconf 90' lang='lat' dir='ltr'><strong>usu</strong></span> 
     </span>
     <span class='ocr_line' id='line_1_22' title="bbox 195 2449 1566 2527; baseline -0.002 -15"><span class='ocrx_word' id='word_1_217' title='bbox 195 2460 384 2525; x_wconf 89' lang='lat' dir='ltr'><strong>consumunt,</strong></span> <span class='ocrx_word' id='word_1_218' title='bbox 415 2459 468 2510; x_wconf 90' lang='lat' dir='ltr'><strong>aut</strong></span> <span class='ocrx_word' id='word_1_219' title='bbox 491 2453 540 2527; x_wconf 90' lang='lat' dir='ltr'><strong>qui</strong></span> <span class='ocrx_word' id='word_1_220' title='bbox 570 2450 695 2509; x_wconf 85' lang='lat' dir='ltr'><strong>navibus</strong></span> <span class='ocrx_word' id='word_1_221' title='bbox 725 2451 891 2527; x_wconf 88' lang='lat' dir='ltr'><strong>irequcnter</strong></span> <span class='ocrx_word' id='word_1_222' title='bbox 916 2449 1015 2509; x_wconf 90' lang='lat' dir='ltr'><strong>ludias</strong></span> <span class='ocrx_word' id='word_1_223' title='bbox 1039 2449 1162 2520; x_wconf 90' lang='lat' dir='ltr'><strong>adeunt,</strong></span> <span class='ocrx_word' id='word_1_224' title='bbox 1194 2468 1270 2526; x_wconf 89' lang='lat' dir='ltr'><strong>panc</strong></span> <span class='ocrx_word' id='word_1_225' title='bbox 1299 2451 1446 2524; x_wconf 86' lang='lat' dir='ltr'><strong>biscocto,</strong></span> <span class='ocrx_word' id='word_1_226' title='bbox 1479 2451 1566 2525; x_wconf 91' lang='lat' dir='ltr'><strong>allio,</strong></span> 
     </span>
     <span class='ocr_line' id='line_1_23' title="bbox 194 2532 1567 2615; baseline 0.002 -20"><span class='ocrx_word' id='word_1_227' title='bbox 194 2540 325 2615; x_wconf 83' lang='lat' dir='ltr'><strong>piscibus</strong></span> <span class='ocrx_word' id='word_1_228' title='bbox 348 2538 459 2597; x_wconf 87' lang='lat' dir='ltr'><strong>duratis</strong></span> <span class='ocrx_word' id='word_1_229' title='bbox 484 2546 514 2597; x_wconf 90' lang='lat' dir='ltr'><strong>et</strong></span> <span class='ocrx_word' id='word_1_230' title='bbox 536 2537 610 2597; x_wconf 85' lang='lat' dir='ltr'><strong>cibis</strong></span> <span class='ocrx_word' id='word_1_231' title='bbox 632 2537 859 2597; x_wconf 88' lang='lat' dir='ltr'><strong>abhorrentibus</strong></span> <span class='ocrx_word' id='word_1_232' title='bbox 882 2539 1015 2595; x_wconf 86' lang='lat' dir='ltr'><strong>victitare</strong></span> <span class='ocrx_word' id='word_1_233' title='bbox 1038 2532 1172 2612; x_wconf 64' lang='lat' dir='ltr'><strong>suetiii&#39;).</strong></span> <span class='ocrx_word' id='word_1_234' title='bbox 1202 2537 1340 2613; x_wconf 86' lang='lat' dir='ltr'><strong>Inprimis</strong></span> <span class='ocrx_word' id='word_1_235' title='bbox 1362 2538 1449 2597; x_wconf 88' lang='lat' dir='ltr'><strong>nobis</strong></span> <span class='ocrx_word' id='word_1_236' title='bbox 1471 2549 1567 2614; x_wconf 91' lang='lat' dir='ltr'><strong>aptae</strong></span> 
     </span>
     <span class='ocr_line' id='line_1_24' title="bbox 198 2620 1566 2699; baseline -0.001 -14"><span class='ocrx_word' id='word_1_237' title='bbox 198 2633 267 2685; x_wconf 90' lang='lat' dir='ltr'><strong>sunt</strong></span> <span class='ocrx_word' id='word_1_238' title='bbox 292 2625 410 2686; x_wconf 85' lang='lat' dir='ltr'><strong>vetulae</strong></span> <span class='ocrx_word' id='word_1_239' title='bbox 433 2620 640 2698; x_wconf 60' lang='lat' dir='ltr'><strong>ersucceew),</strong></span> <span class='ocrx_word' id='word_1_240' title='bbox 664 2626 772 2699; x_wconf 89' lang='lat' dir='ltr'><strong>quibus</strong></span> <span class='ocrx_word' id='word_1_241' title='bbox 795 2622 862 2683; x_wconf 90' lang='lat' dir='ltr'><strong>inde</strong></span> <span class='ocrx_word' id='word_1_242' title='bbox 878 2642 897 2683; x_wconf 93' lang='lat' dir='ltr'><strong>a</strong></span> <span class='ocrx_word' id='word_1_243' title='bbox 911 2626 1036 2699; x_wconf 89' lang='lat' dir='ltr'><strong>pucritia</strong></span> <span class='ocrx_word' id='word_1_244' title='bbox 1061 2625 1127 2682; x_wconf 88' lang='lat' dir='ltr'><strong>trita</strong></span> <span class='ocrx_word' id='word_1_245' title='bbox 1149 2632 1195 2683; x_wconf 89' lang='lat' dir='ltr'><strong>cst</strong></span> <span class='ocrx_word' id='word_1_246' title='bbox 1216 2627 1300 2696; x_wconf 92' lang='lat' dir='ltr'><strong>ratio,</strong></span> <span class='ocrx_word' id='word_1_247' title='bbox 1324 2624 1422 2684; x_wconf 93' lang='lat' dir='ltr'><strong>hircos</strong></span> <span class='ocrx_word' id='word_1_248' title='bbox 1438 2636 1566 2683; x_wconf 89' lang='lat' dir='ltr'><strong>noctar-</strong></span> 
     </span>
     <span class='ocr_line' id='line_1_25' title="bbox 194 2709 1567 2788; baseline 0.001 -19"><span class='ocrx_word' id='word_1_249' title='bbox 194 2728 266 2783; x_wconf 94' lang='lat' dir='ltr'><strong>nos,</strong></span> <span class='ocrx_word' id='word_1_250' title='bbox 290 2720 342 2771; x_wconf 91' lang='lat' dir='ltr'><strong>aut</strong></span> <span class='ocrx_word' id='word_1_251' title='bbox 363 2713 475 2781; x_wconf 90' lang='lat' dir='ltr'><strong>iurcas,</strong></span> <span class='ocrx_word' id='word_1_252' title='bbox 499 2722 550 2770; x_wconf 90' lang='lat' dir='ltr'><strong>aui</strong></span> <span class='ocrx_word' id='word_1_253' title='bbox 574 2713 642 2771; x_wconf 90' lang='lat' dir='ltr'><strong>trita</strong></span> <span class='ocrx_word' id='word_1_254' title='bbox 664 2711 756 2787; x_wconf 91' lang='lat' dir='ltr'><strong>pallia</strong></span> <span class='ocrx_word' id='word_1_255' title='bbox 778 2709 961 2787; x_wconf 90' lang='lat' dir='ltr'><strong>inequitandi</strong></span> <span class='ocrx_word' id='word_1_256' title='bbox 985 2710 1206 2787; x_wconf 87' lang='lat' dir='ltr'><strong>trajiciendiqus</strong></span> <span class='ocrx_word' id='word_1_257' title='bbox 1228 2728 1280 2788; x_wconf 90' lang='lat' dir='ltr'><strong>per</strong></span> <span class='ocrx_word' id='word_1_258' title='bbox 1303 2714 1443 2770; x_wconf 89' lang='lat' dir='ltr'><strong>immania</strong></span> <span class='ocrx_word' id='word_1_259' title='bbox 1467 2720 1567 2771; x_wconf 92' lang='lat' dir='ltr'><strong>terra-</strong></span> 
     </span>
     <span class='ocr_line' id='line_1_26' title="bbox 194 2796 1566 2875; baseline 0.002 -19"><span class='ocrx_word' id='word_1_260' title='bbox 194 2816 257 2857; x_wconf 92' lang='lat' dir='ltr'><strong>rum</strong></span> <span class='ocrx_word' id='word_1_261' title='bbox 281 2801 386 2875; x_wconf 90' lang='lat' dir='ltr'><strong>spatia.</strong></span> <span class='ocrx_word' id='word_1_262' title='bbox 432 2798 513 2858; x_wconf 85' lang='lat' dir='ltr'><strong>Nulli</strong></span> <span class='ocrx_word' id='word_1_263' title='bbox 536 2816 553 2858; x_wconf 91' lang='lat' dir='ltr'><strong>a</strong></span> <span class='ocrx_word' id='word_1_264' title='bbox 576 2797 735 2859; x_wconf 74' lang='lat' dir='ltr'><strong>Germania</strong></span> <span class='ocrx_word' id='word_1_265' title='bbox 760 2802 813 2857; x_wconf 85' lang='lat' dir='ltr'><strong>viri</strong></span> <span class='ocrx_word' id='word_1_266' title='bbox 837 2800 897 2874; x_wconf 91' lang='lat' dir='ltr'><strong>apti</strong></span> <span class='ocrx_word' id='word_1_267' title='bbox 922 2805 1007 2870; x_wconf 92' lang='lat' dir='ltr'><strong>sunt,</strong></span> <span class='ocrx_word' id='word_1_268' title='bbox 1030 2796 1228 2873; x_wconf 89' lang='lat' dir='ltr'><strong>Hispanorum</strong></span> <span class='ocrx_word' id='word_1_269' title='bbox 1250 2799 1331 2859; x_wconf 87' lang='lat' dir='ltr'><strong>sicca</strong></span> <span class='ocrx_word' id='word_1_270' title='bbox 1353 2816 1479 2875; x_wconf 86' lang='lat' dir='ltr'><strong>corpora</strong></span> <span class='ocrx_word' id='word_1_271' title='bbox 1502 2802 1566 2860; x_wconf 88' lang='lat' dir='ltr'><strong>ndu</strong></span> 
     </span>
     <span class='ocr_line' id='line_1_27' title="bbox 197 2881 422 2962; baseline 0.009 -19"><span class='ocrx_word' id='word_1_272' title='bbox 197 2881 422 2962; x_wconf 76' lang='lat' dir='ltr'><strong>respuimus⁶¹).</strong></span> 
     </span>
    </p>

    <p class='ocr_par' dir='ltr' id='par_1_6' title="bbox 194 2969 1567 4703">
     <span class='ocr_line' id='line_1_28' title="bbox 299 2969 1566 3049; baseline 0.001 -18"><span class='ocrx_word' id='word_1_273' title='bbox 299 2972 407 3032; x_wconf 82' lang='lat' dir='ltr'><strong>&#39;l&#39;otum</strong></span> <span class='ocrx_word' id='word_1_274' title='bbox 431 2974 494 3045; x_wconf 89' lang='lat' dir='ltr'><strong>iter,</strong></span> <span class='ocrx_word' id='word_1_275' title='bbox 518 2980 659 3047; x_wconf 91' lang='lat' dir='ltr'><strong>quantum</strong></span> <span class='ocrx_word' id='word_1_276' title='bbox 682 2982 735 3044; x_wconf 87' lang='lat' dir='ltr'><strong>est,</strong></span> <span class='ocrx_word' id='word_1_277' title='bbox 764 2979 890 3049; x_wconf 90' lang='lat' dir='ltr'><strong>quatuor</strong></span> <span class='ocrx_word' id='word_1_278' title='bbox 913 2970 950 3029; x_wconf 95' lang='lat' dir='ltr'><strong>ad</strong></span> <span class='ocrx_word' id='word_1_279' title='bbox 973 2987 1118 3029; x_wconf 88' lang='lat' dir='ltr'><strong>summum</strong></span> <span class='ocrx_word' id='word_1_280' title='bbox 1140 2969 1277 3029; x_wconf 88' lang='lat' dir='ltr'><strong>horarum</strong></span> <span class='ocrx_word' id='word_1_281' title='bbox 1300 2974 1398 3047; x_wconf 91' lang='lat' dir='ltr'><strong>spatio</strong></span> <span class='ocrx_word' id='word_1_282' title='bbox 1421 2971 1566 3032; x_wconf 82' lang='lat' dir='ltr'><strong>absolsi·</strong></span> 
     </span>
     <span class='ocr_line' id='line_1_29' title="bbox 195 3055 1567 3136; baseline 0.001 -18"><span class='ocrx_word' id='word_1_283' title='bbox 195 3055 302 3136; x_wconf 51' lang='lat' dir='ltr'><strong>turm).</strong></span> <span class='ocrx_word' id='word_1_284' title='bbox 347 3059 450 3136; x_wconf 85' lang='lat' dir='ltr'><strong>Neque</strong></span> <span class='ocrx_word' id='word_1_285' title='bbox 482 3062 559 3120; x_wconf 90' lang='lat' dir='ltr'><strong>enim</strong></span> <span class='ocrx_word' id='word_1_286' title='bbox 587 3060 673 3118; x_wconf 93' lang='lat' dir='ltr'><strong>nobis</strong></span> <span class='ocrx_word' id='word_1_287' title='bbox 703 3077 818 3135; x_wconf 90' lang='lat' dir='ltr'><strong>semper</strong></span> <span class='ocrx_word' id='word_1_288' title='bbox 847 3058 1079 3134; x_wconf 88' lang='lat' dir='ltr'><strong>occupatissimis</strong></span> <span class='ocrx_word' id='word_1_289' title='bbox 1109 3067 1197 3116; x_wconf 89' lang='lat' dir='ltr'><strong>antea</strong></span> <span class='ocrx_word' id='word_1_290' title='bbox 1228 3068 1343 3117; x_wconf 89' lang='lat' dir='ltr'><strong>constat</strong></span> <span class='ocrx_word' id='word_1_291' title='bbox 1368 3059 1405 3118; x_wconf 88' lang='lat' dir='ltr'><strong>de</strong></span> <span class='ocrx_word' id='word_1_292' title='bbox 1430 3069 1567 3136; x_wconf 89' lang='lat' dir='ltr'><strong>tempora</strong></span> 
     </span>
     <span class='ocr_line' id='line_1_30' title="bbox 195 3140 1567 3228; baseline 0 -20"><span class='ocrx_word' id='word_1_293' title='bbox 195 3140 353 3228; x_wconf 78' lang='lat' dir='ltr'><strong>eundi⁰³),</strong></span> <span class='ocrx_word' id='word_1_294' title='bbox 386 3164 475 3222; x_wconf 91' lang='lat' dir='ltr'><strong>quam</strong></span> <span class='ocrx_word' id='word_1_295' title='bbox 499 3146 583 3205; x_wconf 85' lang='lat' dir='ltr'><strong>Luna</strong></span> <span class='ocrx_word' id='word_1_296' title='bbox 614 3146 652 3204; x_wconf 92' lang='lat' dir='ltr'><strong>ab</strong></span> <span class='ocrx_word' id='word_1_297' title='bbox 681 3148 799 3204; x_wconf 84' lang='lat' dir='ltr'><strong>orientis</strong></span> <span class='ocrx_word' id='word_1_298' title='bbox 828 3146 960 3221; x_wconf 88' lang='lat' dir='ltr'><strong>partibus</strong></span> <span class='ocrx_word' id='word_1_299' title='bbox 989 3145 1116 3219; x_wconf 91' lang='lat' dir='ltr'><strong>coeperit</strong></span> <span class='ocrx_word' id='word_1_300' title='bbox 1144 3143 1283 3219; x_wconf 70' lang='lat' dir='ltr'><strong>deiicere,</strong></span> <span class='ocrx_word' id='word_1_301' title='bbox 1313 3161 1390 3220; x_wconf 89' lang='lat' dir='ltr'><strong>quae</strong></span> <span class='ocrx_word' id='word_1_302' title='bbox 1420 3146 1473 3205; x_wconf 89' lang='lat' dir='ltr'><strong>uhi</strong></span> <span class='ocrx_word' id='word_1_303' title='bbox 1497 3156 1567 3209; x_wconf 87' lang='lat' dir='ltr'><strong>tota</strong></span> 
     </span>
     <span class='ocr_line' id='line_1_31' title="bbox 194 3228 1565 3308; baseline 0.001 -15"><span class='ocrx_word' id='word_1_304' title='bbox 194 3234 316 3306; x_wconf 85' lang='lat' dir='ltr'><strong>luxerit,</strong></span> <span class='ocrx_word' id='word_1_305' title='bbox 347 3235 433 3292; x_wconf 86' lang='lat' dir='ltr'><strong>nobis</strong></span> <span class='ocrx_word' id='word_1_306' title='bbox 464 3232 560 3293; x_wconf 91' lang='lat' dir='ltr'><strong>adbuc</strong></span> <span class='ocrx_word' id='word_1_307' title='bbox 589 3234 619 3290; x_wconf 91' lang='lat' dir='ltr'><strong>in</strong></span> <span class='ocrx_word' id='word_1_308' title='bbox 646 3234 750 3292; x_wconf 90' lang='lat' dir='ltr'><strong>itinere</strong></span> <span class='ocrx_word' id='word_1_309' title='bbox 777 3231 980 3303; x_wconf 87' lang='lat' dir='ltr'><strong>haerentibus,</strong></span> <span class='ocrx_word' id='word_1_310' title='bbox 1011 3232 1091 3288; x_wconf 90' lang='lat' dir='ltr'><strong>irrita</strong></span> <span class='ocrx_word' id='word_1_311' title='bbox 1118 3228 1249 3289; x_wconf 87' lang='lat' dir='ltr'><strong>redditur</strong></span> <span class='ocrx_word' id='word_1_312' title='bbox 1280 3244 1380 3290; x_wconf 88' lang='lat' dir='ltr'><strong>nostra</strong></span> <span class='ocrx_word' id='word_1_313' title='bbox 1403 3233 1565 3308; x_wconf 80' lang='lat' dir='ltr'><strong>profectio.</strong></span> 
     </span>
     <span class='ocr_line' id='line_1_32' title="bbox 195 3316 1565 3396; baseline 0.001 -17"><span class='ocrx_word' id='word_1_314' title='bbox 195 3320 271 3380; x_wconf 75' lang='lat' dir='ltr'><strong>&#39;l&#39;am</strong></span> <span class='ocrx_word' id='word_1_315' title='bbox 293 3337 433 3396; x_wconf 89' lang='lat' dir='ltr'><strong>praeceps</strong></span> <span class='ocrx_word' id='word_1_316' title='bbox 457 3322 573 3380; x_wconf 89' lang='lat' dir='ltr'><strong>occasio</strong></span> <span class='ocrx_word' id='word_1_317' title='bbox 597 3318 693 3391; x_wconf 84' lang='lat' dir='ltr'><strong>elficit,</strong></span> <span class='ocrx_word' id='word_1_318' title='bbox 717 3328 749 3378; x_wconf 91' lang='lat' dir='ltr'><strong>ut</strong></span> <span class='ocrx_word' id='word_1_319' title='bbox 764 3335 875 3395; x_wconf 89' lang='lat' dir='ltr'><strong>paucos</strong></span> <span class='ocrx_word' id='word_1_320' title='bbox 896 3335 931 3377; x_wconf 85' lang='lat' dir='ltr'><strong>aa</strong></span> <span class='ocrx_word' id='word_1_321' title='bbox 949 3316 1077 3376; x_wconf 89' lang='lat' dir='ltr'><strong>hamana</strong></span> <span class='ocrx_word' id='word_1_322' title='bbox 1091 3325 1187 3392; x_wconf 85' lang='lat' dir='ltr'><strong>gente,</strong></span> <span class='ocrx_word' id='word_1_323' title='bbox 1211 3318 1366 3392; x_wconf 84' lang='lat' dir='ltr'><strong>ascalias,</strong></span> <span class='ocrx_word' id='word_1_324' title='bbox 1390 3321 1448 3377; x_wconf 90' lang='lat' dir='ltr'><strong>nisi</strong></span> <span class='ocrx_word' id='word_1_325' title='bbox 1466 3324 1565 3381; x_wconf 83' lang='lat' dir='ltr'><strong>nostri</strong></span> 
     </span>
     <span class='ocr_line' id='line_1_33' title="bbox 196 3398 1566 3481; baseline -0.001 -12"><span class='ocrx_word' id='word_1_326' title='bbox 196 3408 470 3469; x_wconf 83' lang='lat' dir='ltr'><strong>observantissimos</strong></span> <span class='ocrx_word' id='word_1_327' title='bbox 501 3409 623 3466; x_wconf 89' lang='lat' dir='ltr'><strong>comites</strong></span> <span class='ocrx_word' id='word_1_328' title='bbox 654 3398 876 3479; x_wconf 78' lang='lat' dir='ltr'><strong>habeamus⁸⁸).</strong></span> <span class='ocrx_word' id='word_1_329' title='bbox 935 3404 1010 3478; x_wconf 81' lang='lat' dir='ltr'><strong>Ergo</strong></span> <span class='ocrx_word' id='word_1_330' title='bbox 1040 3403 1187 3463; x_wconf 91' lang='lat' dir='ltr'><strong>hominem</strong></span> <span class='ocrx_word' id='word_1_331' title='bbox 1224 3403 1353 3480; x_wconf 76' lang='lat' dir='ltr'><strong>aliquem</strong></span> <span class='ocrx_word' id='word_1_332' title='bbox 1388 3405 1566 3481; x_wconf 88' lang='lat' dir='ltr'><strong>hujusmodi</strong></span> 
     </span>
     <span class='ocr_line' id='line_1_34' title="bbox 195 3490 1565 3576; baseline 0.001 -23"><span class='ocrx_word' id='word_1_333' title='bbox 195 3497 366 3571; x_wconf 74' lang='lat' dir='ltr'><strong>agminatim</strong></span> <span class='ocrx_word' id='word_1_334' title='bbox 394 3492 561 3553; x_wconf 82' lang='lat' dir='ltr'><strong>invadimus</strong></span> <span class='ocrx_word' id='word_1_335' title='bbox 592 3509 751 3568; x_wconf 88' lang='lat' dir='ltr'><strong>omnesque</strong></span> <span class='ocrx_word' id='word_1_336' title='bbox 779 3492 883 3550; x_wconf 91' lang='lat' dir='ltr'><strong>subtus</strong></span> <span class='ocrx_word' id='word_1_337' title='bbox 910 3492 1049 3561; x_wconf 88' lang='lat' dir='ltr'><strong>nitentes,</strong></span> <span class='ocrx_word' id='word_1_338' title='bbox 1080 3493 1108 3548; x_wconf 95' lang='lat' dir='ltr'><strong>in</strong></span> <span class='ocrx_word' id='word_1_339' title='bbox 1138 3490 1229 3549; x_wconf 89' lang='lat' dir='ltr'><strong>altum</strong></span> <span class='ocrx_word' id='word_1_340' title='bbox 1261 3508 1328 3549; x_wconf 90' lang='lat' dir='ltr'><strong>eum</strong></span> <span class='ocrx_word' id='word_1_341' title='bbox 1360 3492 1565 3576; x_wconf 50' lang='lat' dir='ltr'><strong>tollimusss).</strong></span> 
     </span>
     <span class='ocr_line' id='line_1_35' title="bbox 194 3572 1565 3658; baseline 0.002 -18"><span class='ocrx_word' id='word_1_342' title='bbox 194 3581 295 3641; x_wconf 87' lang='lat' dir='ltr'><strong>Prima</strong></span> <span class='ocrx_word' id='word_1_343' title='bbox 317 3598 453 3658; x_wconf 87' lang='lat' dir='ltr'><strong>quaeque</strong></span> <span class='ocrx_word' id='word_1_344' title='bbox 475 3580 589 3641; x_wconf 90' lang='lat' dir='ltr'><strong>molitio</strong></span> <span class='ocrx_word' id='word_1_345' title='bbox 613 3579 769 3638; x_wconf 90' lang='lat' dir='ltr'><strong>durissima</strong></span> <span class='ocrx_word' id='word_1_346' title='bbox 791 3579 848 3652; x_wconf 89' lang='lat' dir='ltr'><strong>ipsi</strong></span> <span class='ocrx_word' id='word_1_347' title='bbox 870 3572 1041 3657; x_wconf 74' lang='lat' dir='ltr'><strong>accidit⁰⁶),</strong></span> <span class='ocrx_word' id='word_1_348' title='bbox 1065 3594 1117 3637; x_wconf 91' lang='lat' dir='ltr'><strong>nec</strong></span> <span class='ocrx_word' id='word_1_349' title='bbox 1140 3579 1216 3636; x_wconf 89' lang='lat' dir='ltr'><strong>enim</strong></span> <span class='ocrx_word' id='word_1_350' title='bbox 1239 3576 1325 3637; x_wconf 90' lang='lat' dir='ltr'><strong>aliter</strong></span> <span class='ocrx_word' id='word_1_351' title='bbox 1347 3587 1503 3655; x_wconf 88' lang='lat' dir='ltr'><strong>torquetur</strong></span> <span class='ocrx_word' id='word_1_352' title='bbox 1526 3600 1565 3643; x_wconf 91' lang='lat' dir='ltr'><strong>ac</strong></span> 
     </span>
     <span class='ocr_line' id='line_1_36' title="bbox 194 3658 1567 3745; baseline 0.001 -18"><span class='ocrx_word' id='word_1_353' title='bbox 194 3671 220 3727; x_wconf 88' lang='lat' dir='ltr'><strong>si</strong></span> <span class='ocrx_word' id='word_1_354' title='bbox 244 3667 364 3745; x_wconf 86' lang='lat' dir='ltr'><strong>pulvere</strong></span> <span class='ocrx_word' id='word_1_355' title='bbox 387 3668 577 3727; x_wconf 88' lang='lat' dir='ltr'><strong>bombardico</strong></span> <span class='ocrx_word' id='word_1_356' title='bbox 600 3683 741 3726; x_wconf 83' lang='lat' dir='ltr'><strong>excussus</strong></span> <span class='ocrx_word' id='word_1_357' title='bbox 768 3672 882 3723; x_wconf 90' lang='lat' dir='ltr'><strong>montes</strong></span> <span class='ocrx_word' id='word_1_358' title='bbox 910 3673 938 3723; x_wconf 89' lang='lat' dir='ltr'><strong>et</strong></span> <span class='ocrx_word' id='word_1_359' title='bbox 961 3666 1053 3722; x_wconf 84' lang='lat' dir='ltr'><strong>maria</strong></span> <span class='ocrx_word' id='word_1_360' title='bbox 1075 3658 1261 3735; x_wconf 58' lang='lat' dir='ltr'><strong>transrctffl).</strong></span> <span class='ocrx_word' id='word_1_361' title='bbox 1306 3663 1470 3741; x_wconf 85' lang='lat' dir='ltr'><strong>Propterea</strong></span> <span class='ocrx_word' id='word_1_362' title='bbox 1491 3686 1567 3728; x_wconf 89' lang='lat' dir='ltr'><strong>nar-</strong></span> 
     </span>
     <span class='ocr_line' id='line_1_37' title="bbox 196 3744 1565 3832; baseline -0.002 -17"><span class='ocrx_word' id='word_1_363' title='bbox 196 3756 298 3815; x_wconf 91' lang='lat' dir='ltr'><strong>coticis</strong></span> <span class='ocrx_word' id='word_1_364' title='bbox 319 3763 349 3815; x_wconf 90' lang='lat' dir='ltr'><strong>et</strong></span> <span class='ocrx_word' id='word_1_365' title='bbox 372 3757 481 3831; x_wconf 89' lang='lat' dir='ltr'><strong>opiatis</strong></span> <span class='ocrx_word' id='word_1_366' title='bbox 502 3756 602 3814; x_wconf 88' lang='lat' dir='ltr'><strong>statim</strong></span> <span class='ocrx_word' id='word_1_367' title='bbox 625 3755 654 3812; x_wconf 92' lang='lat' dir='ltr'><strong>in</strong></span> <span class='ocrx_word' id='word_1_368' title='bbox 677 3754 819 3828; x_wconf 90' lang='lat' dir='ltr'><strong>principio</strong></span> <span class='ocrx_word' id='word_1_369' title='bbox 843 3749 1002 3827; x_wconf 88' lang='lat' dir='ltr'><strong>sopiendus</strong></span> <span class='ocrx_word' id='word_1_370' title='bbox 1025 3744 1123 3832; x_wconf 74' lang='lat' dir='ltr'><strong>est⁶⁸)</strong></span> <span class='ocrx_word' id='word_1_371' title='bbox 1145 3759 1174 3809; x_wconf 87' lang='lat' dir='ltr'><strong>et</strong></span> <span class='ocrx_word' id='word_1_372' title='bbox 1196 3751 1379 3811; x_wconf 88' lang='lat' dir='ltr'><strong>membratim</strong></span> <span class='ocrx_word' id='word_1_373' title='bbox 1405 3754 1565 3830; x_wconf 85' lang='lat' dir='ltr'><strong>explican-</strong></span> 
     </span>
     <span class='ocr_line' id='line_1_38' title="bbox 196 3834 1566 3920; baseline 0.001 -20"><span class='ocrx_word' id='word_1_374' title='bbox 196 3836 311 3920; x_wconf 78' lang='lat' dir='ltr'><strong>dus⁸⁰),</strong></span> <span class='ocrx_word' id='word_1_375' title='bbox 333 3860 371 3902; x_wconf 93' lang='lat' dir='ltr'><strong>ne</strong></span> <span class='ocrx_word' id='word_1_376' title='bbox 394 3858 501 3918; x_wconf 91' lang='lat' dir='ltr'><strong>corpus</strong></span> <span class='ocrx_word' id='word_1_377' title='bbox 524 3861 543 3899; x_wconf 89' lang='lat' dir='ltr'><strong>a</strong></span> <span class='ocrx_word' id='word_1_378' title='bbox 564 3839 679 3918; x_wconf 91' lang='lat' dir='ltr'><strong>podice,</strong></span> <span class='ocrx_word' id='word_1_379' title='bbox 703 3848 791 3916; x_wconf 90' lang='lat' dir='ltr'><strong>caput</strong></span> <span class='ocrx_word' id='word_1_380' title='bbox 813 3856 832 3897; x_wconf 93' lang='lat' dir='ltr'><strong>a</strong></span> <span class='ocrx_word' id='word_1_381' title='bbox 855 3854 975 3914; x_wconf 91' lang='lat' dir='ltr'><strong>corpore</strong></span> <span class='ocrx_word' id='word_1_382' title='bbox 997 3847 1135 3913; x_wconf 88' lang='lat' dir='ltr'><strong>gestetur,</strong></span> <span class='ocrx_word' id='word_1_383' title='bbox 1159 3834 1211 3896; x_wconf 92' lang='lat' dir='ltr'><strong>sed</strong></span> <span class='ocrx_word' id='word_1_384' title='bbox 1233 3846 1267 3896; x_wconf 91' lang='grc' dir='ltr'><strong>ιιι</strong></span> <span class='ocrx_word' id='word_1_385' title='bbox 1282 3838 1425 3899; x_wconf 81' lang='lat' dir='ltr'><strong>violentia</strong></span> <span class='ocrx_word' id='word_1_386' title='bbox 1451 3845 1479 3899; x_wconf 90' lang='lat' dir='ltr'><strong>in</strong></span> <span class='ocrx_word' id='word_1_387' title='bbox 1496 3846 1566 3903; x_wconf 90' lang='lat' dir='ltr'><strong>sin·</strong></span> 
     </span>
     <span class='ocr_line' id='line_1_39' title="bbox 195 3923 1566 4005; baseline -0.001 -17"><span class='ocrx_word' id='word_1_388' title='bbox 195 3930 267 4005; x_wconf 85' lang='lat' dir='ltr'><strong>gula</strong></span> <span class='ocrx_word' id='word_1_389' title='bbox 293 3931 423 3989; x_wconf 89' lang='lat' dir='ltr'><strong>membra</strong></span> <span class='ocrx_word' id='word_1_390' title='bbox 450 3926 608 3987; x_wconf 87' lang='lat' dir='ltr'><strong>dividatur.</strong></span> <span class='ocrx_word' id='word_1_391' title='bbox 653 3926 737 3985; x_wconf 84' lang='lat' dir='ltr'><strong>Tunc</strong></span> <span class='ocrx_word' id='word_1_392' title='bbox 764 3927 870 4001; x_wconf 85' lang='lat' dir='ltr'><strong>excipit</strong></span> <span class='ocrx_word' id='word_1_393' title='bbox 893 3941 972 3986; x_wconf 84' lang='lat' dir='ltr'><strong>nova</strong></span> <span class='ocrx_word' id='word_1_394' title='bbox 995 3923 1167 3996; x_wconf 90' lang='lat' dir='ltr'><strong>diiilcultas,</strong></span> <span class='ocrx_word' id='word_1_395' title='bbox 1200 3926 1303 3999; x_wconf 88' lang='lat' dir='ltr'><strong>ingens</strong></span> <span class='ocrx_word' id='word_1_396' title='bbox 1332 3923 1499 4003; x_wconf 69' lang='lat' dir='ltr'><strong>irigosw),</strong></span> <span class='ocrx_word' id='word_1_397' title='bbox 1532 3938 1566 3991; x_wconf 79' lang='lat' dir='ltr'><strong>et</strong></span> 
     </span>
     <span class='ocr_line' id='line_1_40' title="bbox 194 4006 1565 4095; baseline 0.001 -21"><span class='ocrx_word' id='word_1_398' title='bbox 194 4016 344 4093; x_wconf 88' lang='lat' dir='ltr'><strong>prohibita</strong></span> <span class='ocrx_word' id='word_1_399' title='bbox 367 4010 593 4095; x_wconf 79' lang='lat' dir='ltr'><strong>respiratio⁷¹),</strong></span> <span class='ocrx_word' id='word_1_400' title='bbox 624 4030 747 4089; x_wconf 88' lang='lat' dir='ltr'><strong>quorum</strong></span> <span class='ocrx_word' id='word_1_401' title='bbox 771 4012 812 4070; x_wconf 91' lang='lat' dir='ltr'><strong>ilii</strong></span> <span class='ocrx_word' id='word_1_402' title='bbox 837 4014 966 4089; x_wconf 90' lang='lat' dir='ltr'><strong>ingenita</strong></span> <span class='ocrx_word' id='word_1_403' title='bbox 988 4014 1074 4071; x_wconf 88' lang='lat' dir='ltr'><strong>nobis</strong></span> <span class='ocrx_word' id='word_1_404' title='bbox 1097 4006 1195 4085; x_wconf 75' lang='lat' dir='ltr'><strong>vi⁷²),</strong></span> <span class='ocrx_word' id='word_1_405' title='bbox 1226 4008 1295 4069; x_wconf 92' lang='lat' dir='ltr'><strong>huic</strong></span> <span class='ocrx_word' id='word_1_406' title='bbox 1325 4030 1395 4072; x_wconf 83' lang='lat' dir='ltr'><strong>vcro</strong></span> <span class='ocrx_word' id='word_1_407' title='bbox 1424 4020 1565 4092; x_wconf 80' lang='lat' dir='ltr'><strong>spongiis</strong></span> 
     </span>
     <span class='ocr_line' id='line_1_41' title="bbox 195 4094 1567 4177; baseline 0 -15"><span class='ocrx_word' id='word_1_408' title='bbox 195 4102 340 4162; x_wconf 88' lang='lat' dir='ltr'><strong>humectis</strong></span> <span class='ocrx_word' id='word_1_409' title='bbox 368 4104 405 4163; x_wconf 91' lang='lat' dir='ltr'><strong>ad</strong></span> <span class='ocrx_word' id='word_1_410' title='bbox 436 4119 522 4163; x_wconf 88' lang='lat' dir='ltr'><strong>nares</strong></span> <span class='ocrx_word' id='word_1_411' title='bbox 550 4101 677 4161; x_wconf 89' lang='lat' dir='ltr'><strong>admotis</strong></span> <span class='ocrx_word' id='word_1_412' title='bbox 706 4101 824 4159; x_wconf 85' lang='lat' dir='ltr'><strong>obviarn</strong></span> <span class='ocrx_word' id='word_1_413' title='bbox 855 4094 990 4177; x_wconf 79' lang='lat' dir='ltr'><strong>imus⁷³).</strong></span> <span class='ocrx_word' id='word_1_414' title='bbox 1035 4098 1177 4157; x_wconf 86' lang='lat' dir='ltr'><strong>coniecta</strong></span> <span class='ocrx_word' id='word_1_415' title='bbox 1204 4098 1297 4171; x_wconf 90' lang='lat' dir='ltr'><strong>prima</strong></span> <span class='ocrx_word' id='word_1_416' title='bbox 1326 4108 1409 4173; x_wconf 84' lang='lat' dir='ltr'><strong>parto</strong></span> <span class='ocrx_word' id='word_1_417' title='bbox 1446 4104 1567 4164; x_wconf 86' lang='lat' dir='ltr'><strong>itineris</strong></span> 
     </span>
     <span class='ocr_line' id='line_1_42' title="bbox 195 4184 1566 4265; baseline 0.001 -16"><span class='ocrx_word' id='word_1_418' title='bbox 195 4189 310 4250; x_wconf 87' lang='lat' dir='ltr'><strong>iacilior</strong></span> <span class='ocrx_word' id='word_1_419' title='bbox 332 4190 463 4250; x_wconf 91' lang='lat' dir='ltr'><strong>redditur</strong></span> <span class='ocrx_word' id='word_1_420' title='bbox 479 4184 634 4265; x_wconf 78' lang='lat' dir='ltr'><strong>vectio⁷⁸).</strong></span> <span class='ocrx_word' id='word_1_421' title='bbox 671 4187 755 4247; x_wconf 87' lang='lat' dir='ltr'><strong>Tunc</strong></span> <span class='ocrx_word' id='word_1_422' title='bbox 777 4186 869 4245; x_wconf 88' lang='lat' dir='ltr'><strong>lihcro</strong></span> <span class='ocrx_word' id='word_1_423' title='bbox 892 4189 952 4245; x_wconf 80' lang='lat' dir='ltr'><strong>aiiri</strong></span> <span class='ocrx_word' id='word_1_424' title='bbox 975 4188 1149 4260; x_wconf 85' lang='lat' dir='ltr'><strong>exponimus</strong></span> <span class='ocrx_word' id='word_1_425' title='bbox 1164 4200 1286 4259; x_wconf 88' lang='lat' dir='ltr'><strong>corpora</strong></span> <span class='ocrx_word' id='word_1_426' title='bbox 1301 4202 1466 4261; x_wconf 88' lang='lat' dir='ltr'><strong>manusque</strong></span> <span class='ocrx_word' id='word_1_427' title='bbox 1486 4192 1566 4249; x_wconf 88' lang='lat' dir='ltr'><strong>sub-</strong></span> 
     </span>
     <span class='ocr_line' id='line_1_43' title="bbox 196 4271 1566 4356; baseline 0 -19"><span class='ocrx_word' id='word_1_428' title='bbox 196 4278 340 4337; x_wconf 89' lang='lat' dir='ltr'><strong>trahimus</strong></span> <span class='ocrx_word' id='word_1_429' title='bbox 350 4273 400 4356; x_wconf 76' lang='lat'><strong>⁷⁵).</strong></span> <span class='ocrx_word' id='word_1_430' title='bbox 446 4278 545 4352; x_wconf 81' lang='lat' dir='ltr'><strong>Atque</strong></span> <span class='ocrx_word' id='word_1_431' title='bbox 567 4275 619 4333; x_wconf 92' lang='lat' dir='ltr'><strong>iila</strong></span> <span class='ocrx_word' id='word_1_432' title='bbox 641 4276 670 4331; x_wconf 91' lang='lat' dir='ltr'><strong>in</strong></span> <span class='ocrx_word' id='word_1_433' title='bbox 693 4290 758 4333; x_wconf 90' lang='lat' dir='ltr'><strong>sese</strong></span> <span class='ocrx_word' id='word_1_434' title='bbox 787 4272 1000 4347; x_wconf 84' lang='lat' dir='ltr'><strong>conglobentur</strong></span> <span class='ocrx_word' id='word_1_435' title='bbox 1022 4281 1055 4330; x_wconf 92' lang='lat' dir='ltr'><strong>ut</strong></span> <span class='ocrx_word' id='word_1_436' title='bbox 1083 4271 1199 4341; x_wconf 89' lang='lat' dir='ltr'><strong>aranei,</strong></span> <span class='ocrx_word' id='word_1_437' title='bbox 1230 4286 1307 4345; x_wconf 87' lang='lat' dir='ltr'><strong>quae</strong></span> <span class='ocrx_word' id='word_1_438' title='bbox 1329 4289 1384 4330; x_wconf 91' lang='lat' dir='ltr'><strong>nos</strong></span> <span class='ocrx_word' id='word_1_439' title='bbox 1410 4274 1476 4333; x_wconf 92' lang='lat' dir='ltr'><strong>solo</strong></span> <span class='ocrx_word' id='word_1_440' title='bbox 1502 4277 1566 4337; x_wconf 89' lang='lat' dir='ltr'><strong>iere</strong></span> 
     </span>
     <span class='ocr_line' id='line_1_44' title="bbox 197 4358 1566 4441; baseline 0 -18"><span class='ocrx_word' id='word_1_441' title='bbox 197 4374 270 4425; x_wconf 89' lang='lat' dir='ltr'><strong>suiu</strong></span> <span class='ocrx_word' id='word_1_442' title='bbox 295 4358 593 4441; x_wconf 71' lang='lat' dir='ltr'><strong>transponamusii),</strong></span> <span class='ocrx_word' id='word_1_443' title='bbox 620 4358 696 4420; x_wconf 91' lang='lat' dir='ltr'><strong>adeo</strong></span> <span class='ocrx_word' id='word_1_444' title='bbox 719 4367 751 4419; x_wconf 92' lang='lat' dir='ltr'><strong>ut</strong></span> <span class='ocrx_word' id='word_1_445' title='bbox 774 4358 899 4435; x_wconf 91' lang='lat' dir='ltr'><strong>denique</strong></span> <span class='ocrx_word' id='word_1_446' title='bbox 922 4359 1014 4418; x_wconf 89' lang='lat' dir='ltr'><strong>moles</strong></span> <span class='ocrx_word' id='word_1_447' title='bbox 1036 4374 1176 4433; x_wconf 90' lang='lat' dir='ltr'><strong>corporea</strong></span> <span class='ocrx_word' id='word_1_448' title='bbox 1197 4365 1302 4433; x_wconf 91' lang='lat' dir='ltr'><strong>sponte</strong></span> <span class='ocrx_word' id='word_1_449' title='bbox 1324 4375 1380 4417; x_wconf 92' lang='lat' dir='ltr'><strong>sua</strong></span> <span class='ocrx_word' id='word_1_450' title='bbox 1403 4372 1509 4437; x_wconf 82' lang='lat' dir='ltr'><strong>vergat</strong></span> <span class='ocrx_word' id='word_1_451' title='bbox 1533 4366 1566 4423; x_wconf 90' lang='lat' dir='ltr'><strong>in</strong></span> 
     </span>
     <span class='ocr_line' id='line_1_45' title="bbox 197 4439 1566 4530; baseline -0.001 -19"><span class='ocrx_word' id='word_1_452' title='bbox 197 4451 294 4513; x_wconf 90' lang='lat' dir='ltr'><strong>locum</strong></span> <span class='ocrx_word' id='word_1_453' title='bbox 325 4441 567 4530; x_wconf 64' lang='lat' dir='ltr'><strong>propositumiil.</strong></span> <span class='ocrx_word' id='word_1_454' title='bbox 613 4446 671 4506; x_wconf 87' lang='lat' dir='ltr'><strong>Sed</strong></span> <span class='ocrx_word' id='word_1_455' title='bbox 702 4464 804 4523; x_wconf 91' lang='lat' dir='ltr'><strong>parum</strong></span> <span class='ocrx_word' id='word_1_456' title='bbox 836 4447 921 4505; x_wconf 91' lang='lat' dir='ltr'><strong>nohis</strong></span> <span class='ocrx_word' id='word_1_457' title='bbox 952 4455 997 4505; x_wconf 92' lang='lat' dir='ltr'><strong>est</strong></span> <span class='ocrx_word' id='word_1_458' title='bbox 1030 4446 1111 4504; x_wconf 85' lang='lat' dir='ltr'><strong>utilis</strong></span> <span class='ocrx_word' id='word_1_459' title='bbox 1140 4442 1215 4502; x_wconf 89' lang='lat' dir='ltr'><strong>haec</strong></span> <span class='ocrx_word' id='word_1_460' title='bbox 1245 4439 1339 4521; x_wconf 68' lang='lat' dir='ltr'><strong>(long,</strong></span> <span class='ocrx_word' id='word_1_461' title='bbox 1372 4449 1444 4522; x_wconf 91' lang='lat' dir='ltr'><strong>qnia</strong></span> <span class='ocrx_word' id='word_1_462' title='bbox 1472 4454 1566 4511; x_wconf 86' lang='lat' dir='ltr'><strong>nimis</strong></span> 
     </span>
     <span class='ocr_line' id='line_1_46' title="bbox 197 4529 1566 4614; baseline -0.002 -15"><span class='ocrx_word' id='word_1_463' title='bbox 197 4538 280 4599; x_wconf 90' lang='lat' dir='ltr'><strong>tarda</strong></span> <span class='ocrx_word' id='word_1_464' title='bbox 289 4534 341 4612; x_wconf 76' lang='lat'><strong>⁷⁸),</strong></span> <span class='ocrx_word' id='word_1_465' title='bbox 367 4542 465 4614; x_wconf 89' lang='lat' dir='ltr'><strong>itaque</strong></span> <span class='ocrx_word' id='word_1_466' title='bbox 481 4543 553 4594; x_wconf 89' lang='lat' dir='ltr'><strong>nutu</strong></span> <span class='ocrx_word' id='word_1_467' title='bbox 578 4542 610 4593; x_wconf 91' lang='lat' dir='ltr'><strong>ut</strong></span> <span class='ocrx_word' id='word_1_468' title='bbox 625 4533 684 4592; x_wconf 81' lang='lat' dir='ltr'><strong>disi</strong></span> <span class='ocrx_word' id='word_1_469' title='bbox 702 4533 897 4593; x_wconf 88' lang='lat' dir='ltr'><strong>acceleramus</strong></span> <span class='ocrx_word' id='word_1_470' title='bbox 912 4542 941 4592; x_wconf 91' lang='lat' dir='ltr'><strong>et</strong></span> <span class='ocrx_word' id='word_1_471' title='bbox 957 4529 1157 4609; x_wconf 86' lang='lat' dir='ltr'><strong>praecedimus</strong></span> <span class='ocrx_word' id='word_1_472' title='bbox 1175 4530 1239 4605; x_wconf 83' lang='lat' dir='ltr'><strong>jans</strong></span> <span class='ocrx_word' id='word_1_473' title='bbox 1261 4547 1377 4607; x_wconf 91' lang='lat' dir='ltr'><strong>corpus,</strong></span> <span class='ocrx_word' id='word_1_474' title='bbox 1400 4551 1438 4594; x_wconf 94' lang='lat' dir='ltr'><strong>ne</strong></span> <span class='ocrx_word' id='word_1_475' title='bbox 1461 4535 1566 4597; x_wconf 90' lang='lat' dir='ltr'><strong>duris-</strong></span> 
     </span>
     <span class='ocr_line' id='line_1_47' title="bbox 197 4617 1566 4703; baseline -0.001 -19"><span class='ocrx_word' id='word_1_476' title='bbox 197 4629 271 4686; x_wconf 87' lang='lat' dir='ltr'><strong>simo</strong></span> <span class='ocrx_word' id='word_1_477' title='bbox 294 4628 424 4703; x_wconf 86' lang='lat' dir='ltr'><strong>impactas</strong></span> <span class='ocrx_word' id='word_1_478' title='bbox 447 4627 476 4683; x_wconf 89' lang='lat' dir='ltr'><strong>in</strong></span> <span class='ocrx_word' id='word_1_479' title='bbox 501 4622 615 4681; x_wconf 82' lang='lat' dir='ltr'><strong>Lunam</strong></span> <span class='ocrx_word' id='word_1_480' title='bbox 638 4620 737 4679; x_wconf 90' lang='lat' dir='ltr'><strong>damni</strong></span> <span class='ocrx_word' id='word_1_481' title='bbox 759 4620 829 4696; x_wconf 91' lang='lat' dir='ltr'><strong>quid</strong></span> <span class='ocrx_word' id='word_1_482' title='bbox 853 4622 989 4696; x_wconf 89' lang='lat' dir='ltr'><strong>patiatur.</strong></span> <span class='ocrx_word' id='word_1_483' title='bbox 1020 4618 1122 4679; x_wconf 89' lang='lat' dir='ltr'><strong>Solent</strong></span> <span class='ocrx_word' id='word_1_484' title='bbox 1144 4617 1291 4690; x_wconf 88' lang='lat' dir='ltr'><strong>homines,</strong></span> <span class='ocrx_word' id='word_1_485' title='bbox 1314 4635 1381 4678; x_wconf 83' lang='lat' dir='ltr'><strong>cunr</strong></span> <span class='ocrx_word' id='word_1_486' title='bbox 1405 4628 1566 4701; x_wconf 85' lang='lat' dir='ltr'><strong>expergis-</strong></span> 
     </span>
    </p>

    <p class='ocr_par' dir='ltr' id='par_1_7' title="bbox 174 4704 1567 4790">
     <span class='ocr_line' id='line_1_48' title="bbox 174 4704 1567 4790; baseline -0.011 -17"><span class='ocrx_word' id='word_1_487' title='bbox 174 4722 317 4789; x_wconf 70' lang='lat' dir='ltr'><strong>,caniur,</strong></span> <span class='ocrx_word' id='word_1_488' title='bbox 347 4716 430 4790; x_wconf 89' lang='lat' dir='ltr'><strong>queri</strong></span> <span class='ocrx_word' id='word_1_489' title='bbox 453 4711 490 4771; x_wconf 95' lang='lat' dir='ltr'><strong>de</strong></span> <span class='ocrx_word' id='word_1_490' title='bbox 522 4706 663 4769; x_wconf 88' lang='lat' dir='ltr'><strong>ineiiahili</strong></span> <span class='ocrx_word' id='word_1_491' title='bbox 693 4707 888 4766; x_wconf 87' lang='lat' dir='ltr'><strong>membrorum</strong></span> <span class='ocrx_word' id='word_1_492' title='bbox 918 4708 1047 4766; x_wconf 89' lang='lat' dir='ltr'><strong>omnium</strong></span> <span class='ocrx_word' id='word_1_493' title='bbox 1070 4704 1257 4777; x_wconf 86' lang='lat' dir='ltr'><strong>lassitudine,</strong></span> <span class='ocrx_word' id='word_1_494' title='bbox 1289 4721 1390 4781; x_wconf 89' lang='lat' dir='ltr'><strong>aqua</strong></span> <span class='ocrx_word' id='word_1_495' title='bbox 1413 4726 1482 4768; x_wconf 87' lang='lat' dir='ltr'><strong>sero</strong></span> <span class='ocrx_word' id='word_1_496' title='bbox 1506 4710 1567 4771; x_wconf 89' lang='lat' dir='ltr'><strong>ad.</strong></span> 
     </span>
    </p>
   </div>
   <div class='ocr_carea' id='block_1_5' title="bbox 198 4788 840 4876">
    <p class='ocr_par' dir='ltr' id='par_1_8' title="bbox 198 4788 840 4876">
     <span class='ocr_line' id='line_1_49' title="bbox 198 4788 840 4876; baseline -0.009 -17"><span class='ocrx_word' id='word_1_497' title='bbox 198 4799 319 4861; x_wconf 88' lang='lat' dir='ltr'><strong>modum</strong></span> <span class='ocrx_word' id='word_1_498' title='bbox 339 4818 374 4863; x_wconf 86' lang='lat' dir='ltr'><strong>se</strong></span> <span class='ocrx_word' id='word_1_499' title='bbox 396 4800 550 4876; x_wconf 86' lang='lat' dir='ltr'><strong>recipiunt,</strong></span> <span class='ocrx_word' id='word_1_500' title='bbox 573 4802 608 4854; x_wconf 90' lang='grc' dir='ltr'><strong>ιιι</strong></span> <span class='ocrx_word' id='word_1_501' title='bbox 627 4794 780 4855; x_wconf 84' lang='lat' dir='ltr'><strong>ambulent</strong></span> <span class='ocrx_word' id='word_1_502' title='bbox 789 4788 840 4869; x_wconf 71' lang='lat'><strong>²⁹).</strong></span> 
     </span>
    </p>
   </div>
   <div class='ocr_carea' id='block_1_6' title="bbox 0 0 1658 5534">
    <p class='ocr_par' dir='ltr' id='par_1_9' title="bbox 0 0 1658 5534">
     <span class='ocr_line' id='line_1_50' title="bbox 0 0 1658 5534; baseline 0 0"><span class='ocrx_word' id='word_1_503' title='bbox 0 0 1658 5534; x_wconf 95' lang='lat' dir='ltr'><strong> </strong></span> 
     </span>
    </p>
   </div>
  </div>
 </body>
</html>
