3308 5534
773 384 852 450 aare.
1245 353 1247 357 ’
1422 382 1488 458 sss

128 568 260 635 &niam
280 570 354 632 mibi
375 570 433 633 boc
455 569 568 644 dicere,
599 575 734 652 „cetera,
763 568 800 633 de
822 571 932 648 qulbus
953 571 1082 648 rogasti,
1112 569 1221 630 rectius
1243 585 1296 644 per
1317 565 1487 629 schedulam

128 658 331 739 expedientur,
355 677 443 735 quatu
467 667 534 737 post
556 658 669 718 ebitum
692 667 774 718 tunm
789 662 923 737 proxima
938 660 1093 719 occasione
1115 651 1296 735 mittam“*).
1334 654 1412 716 Hinc
1432 671 1487 733 ego

128 764 215 827 spem
237 748 375 824 concepi,
403 746 465 806 lure
495 754 528 805 ut
550 746 639 821 Digu.
663 747 729 805 Tne
752 740 891 807 scriberet
915 747 950 810 D.
975 743 1176 816 hildinum,
1206 745 1369 820 rogavique
1392 746 1491 821 ipsum·

128 834 224 897 umal
245 843 335 910 atque
358 836 471 906 iterum,
496 832 608 893 nihilne
630 835 684 897 ahs
707 834 798 911 Dign.
821 833 888 894 'dua
909 835 1059 894 literarum
1087 832 1263 910 accepisset,
1295 833 1403 908 quibus
1430 833 1489 892 mel

128 922 217 984 deret
244 919 379 982 mantici
416 921 490 981 Cum
513 923 602 996 igitur
630 920 703 980 nihii
736 921 796 982 tais
822 924 969 999 acciperet
998 920 1040 982 M.
1069 918 1222 1001 Hiaierus,
1254 936 1290 979 ex
1319 919 1375 978 boc
1399 919 1488 994 Dign.

128 1009 218 1071 uara
239 1008 357 1069 siientlo
379 1010 507 1086 conjeci,
531 1009 621 1083 Dign.
644 1009 739 1068 Tuam
761 1017 917 1088 propterea
938 1009 1132 1079 abstinuisse,
1165 1008 1235 1082 quia
1258 1009 1283 1065 si
1306 1005 1488 1082 quinetiam

128 1095 317 1159 scribendum
340 1105 419 1157 esset
441 1095 480 1156 ad
502 1097 539 1155 D.
562 1095 713 1156 Hiriernm
736 1095 773 1158 de
795 1095 853 1157 boc
875 1095 1052 1157 exclusionis
1074 1097 1212 1170 negotio,
1236 1093 1266 1152 id
1288 1093 1359 1153 mihi
1382 1093 1490 1154 adrer-

128 1202 199 1245 aarm
222 1201 318 1260 eoque
339 1186 485 1260 ingratum
507 1184 636 1243 laturum
659 1186 888 1257 existimaverit,
917 1186 988 1260 qula
1011 1203 1058 1244 sc.
1089 1181 1211 1242 videbat
1233 1198 1269 1241 ex
1293 1199 1359 1242 rnea
1380 1181 1490 1242 sebeda

128 1272 289 1349 Tubiugae
311 1271 349 1331 ad
372 1266 404 1331 aa
427 1274 525 1343 missa,
550 1288 597 1330 me
619 1270 698 1331 nolle
720 1270 828 1350 depelli
847 1272 887 1332 ab
902 1273 1074 1350 exceptione
1089 1287 1156 1330 mea
1171 1276 1272 1329 contra
1287 1268 1392 1328 iibrnm
1409 1267 1490 1327 Con·

130 1358 265 1422 cordiae.
310 1357 463 1437 Perpende
486 1361 672 1419 occasionem
695 1358 836 1434 querelas
859 1366 889 1419 et
911 1376 1056 1437 cognosce
1079 1358 1216 1429 obsecro,
1240 1356 1322 1417 iilam
1345 1355 1490 1417 immode-

128 1454 210 1508 stam
232 1463 291 1506 non
314 1447 414 1519 luisse,
437 1463 493 1506 nec
514 1448 635 1525 petiisse
657 1446 758 1506 literas
781 1449 866 1522 quasi
888 1445 927 1506 ad
949 1464 996 1507 me
1017 1448 1115 1526 ipsum
1138 1444 1315 1517 exerendas,
1345 1444 1397 1505 sed
1420 1461 1491 1523 pro·
1604 1518 1610 1528 Ι

128 1535 240 1597 laetam
263 1551 328 1594 esse
351 1551 388 1594 ex
410 1535 507 1592 auimo
530 1536 641 1604 saucio,
664 1540 820 1612 propterea
841 1532 921 1610 quod
943 1551 996 1611 spe
1019 1533 1113 1593 excidi
1136 1533 1364 1594 intercessionis.

240 1620 327 1698 Quod
349 1623 438 1698 igitur
461 1620 558 1681 dolere
581 1627 610 1680 te
633 1621 694 1692 als,
716 1621 796 1697 quod
819 1621 1022 1682 auxiliatorem
1045 1622 1189 1699 excipiam
1213 1621 1310 1679 uerbis
1332 1619 1490 1679 acerbissi-

129 1710 207 1771 mier
229 1710 419 1770 acerbitatem
442 1725 498 1785 ego
520 1708 630 1767 nuliam
652 1725 841 1785 recognosco,
864 1724 942 1787 quae
964 1708 1076 1769 directa
1097 1711 1137 1768 alt
1157 1709 1189 1767 in
1211 1706 1247 1768 R.
1271 1706 1361 1782 Dign.
1384 1706 1489 1780 Tuam,

130 1804 168 1859 at
188 1796 280 1858 talem
303 1799 420 1856 omniuo
443 1796 633 1855 acerbitatem
655 1795 763 1869 fateor,
796 1815 857 1873 qua
880 1798 970 1856 animi
1000 1799 1058 1856 mei
1081 1795 1165 1856 dolor
1194 1796 1386 1873 exprimatur,
1417 1810 1491 1855 eon·

128 1891 241 1963 ceptus
263 1902 299 1944 ex
322 1883 528 1944 ratihabitione
552 1883 640 1959 hujus
661 1901 745 1944 meac
767 1883 954 1944 exclusionis.
991 1882 1023 1944 Si
1046 1883 1122 1944 laisa
1144 1885 1298 1961 imputari,
1320 1898 1380 1941 non
1399 1898 1490 1942 renuo

130 1972 242 2053 pieutl3
273 1973 319 2031 sin
343 1988 426 2045 vera,
451 1970 530 2047 quod
553 1970 665 2031 scilicet
687 1970 832 2047 theologi,
858 1973 909 2047 qni
931 1970 1074 2032 iormuiac
1096 1968 1271 2030 concordiae
1294 1970 1490 2043 subscribunt,

130 2060 248 2121 halant
279 2076 315 2119 ex
338 2058 369 2120 S.
393 2058 495 2119 Coena
524 2067 665 2118 tesseram
692 2058 969 2136 particularlssimae
996 2058 1076 2118 lilius
1103 2058 1310 2131 consessionis,
1342 2073 1419 2133 quae
1447 2064 1493 2117 est

131 2146 349 2225 comprehensa
371 2149 400 2204 in
422 2145 499 2206 libro
522 2144 719 2219 Concordiae,
742 2145 794 2206 iila
816 2145 952 2222 equidem
973 2146 1135 2223 theologis,
1166 2147 1218 2221 qul
1240 2163 1272 2205 ss
1295 2151 1374 2205 recte
1396 2146 1492 2204 iacere

129 2235 328 2306 estimantur,
351 2234 497 2293 acerbitas
519 2240 572 2292 aut
595 2234 781 2311 exprobratio
803 2234 895 2294 rideri
917 2250 976 2294 non
1000 2232 1102 2304 debet,
1133 2239 1184 2292 ant
1206 2235 1232 2292 si
1254 2233 1399 2293 acerbitas
1420 2232 1494 2312 ipsis

131 2321 269 2396 ridetur,
301 2329 424 2399 possunt
455 2329 519 2380 eam
551 2323 607 2398 ipsi
629 2323 781 2397 mitigare,
805 2320 1000 2383 concedentes
1022 2320 1093 2379 mihi
1117 2319 1290 2380 beneficium
1314 2319 1402 2395 iilud,
1432 2335 1492 2395 qnu

130 2408 267 2488 gandent
296 2409 427 2487 plerique
456 2407 596 2467 laicorum
626 2408 819 2488 simplicium,
849 2411 987 2485 quinon
1007 2408 1149 2484 jubentur
1176 2408 1367 2468 subscribere.
1413 2406 1492 2483 Quid

129 2513 228 2578 usco
253 2513 326 2575 pras
353 2495 433 2555 illisi
470 2494 646 2556 stultescere
674 2504 802 2574 oportet,
834 2497 941 2572 inquis.
986 2497 1092 2569 Facio,
1122 2498 1238 2571 quoties
1269 2493 1307 2554 ad
1337 2510 1421 2555 sacra
1443 2511 1491 2555 me

131 2601 291 2663 rompono,
316 2583 450 2643 valedico
473 2585 552 2642 omni
575 2585 701 2642 acumini
724 2583 844 2643 humaui
867 2585 988 2660 ingenii.
1033 2583 1092 2643 Cur
1114 2600 1173 2642 non
1195 2592 1227 2642 ut
1249 2581 1374 2660 simplex
1397 2582 1490 2642 iaicas

130 2671 280 2751 recipior?
318 2669 350 2729 Si
372 2670 430 2730 boc
452 2670 598 2746 theologis
620 2679 723 2731 movet
743 2673 951 2750 suspicionem,
974 2663 1053 2746 quod
1075 2687 1180 2730 recuso
1195 2671 1387 2742 subscribere,
1411 2668 1493 2746 quod

130 2776 194 2822 non
217 2759 291 2819 iacit
312 2757 435 2834 simplex
457 2758 566 2817 iaicas:
599 2756 729 2834 theologi
758 2759 828 2818 mihi
850 2761 931 2838 prius
953 2760 1151 2836 suspicionem
1174 2763 1311 2831 movent,
1342 2757 1421 2832 quod
1444 2773 1491 2818 rue

128 2848 239 2927 jubent
260 2845 452 2917 subscribere,
476 2863 541 2904 cum
564 2862 621 2905 non
641 2847 768 2922 jubeant
789 2846 897 2907 laicum
919 2847 1092 2923 simplicem.
1138 2845 1317 2922 Simplicitas
1340 2860 1400 2905 uon
1423 2862 1492 2921 per·

129 2937 260 2997 mittitur
283 2935 319 3003 ei,
342 2951 361 2992 a
384 2949 443 3009 quo
463 2933 607 3008 judicium
630 2935 801 3009 requiritur,
824 2934 903 3011 quod
926 2933 977 2993 iile
1000 2941 1122 2993 testetur
1143 2930 1365 2995 subscribendo.
1410 2931 1491 2992 Sub·
1584 2985 1585 2991 ,

129 3022 256 3100 scriptio
283 3023 494 3098 praesupponit
524 3020 794 3097 comprobationem
821 3024 950 3081 omniurn
982 3028 1011 3081 et
1033 3019 1231 3096 singulorum,
1262 3037 1339 3096 quae
1369 3027 1438 3081 suut
1460 3022 1491 3078 ln

129 3110 210 3173 ilbro
232 3110 404 3187 perscripta.
452 3108 544 3182 Atqui
574 3107 668 3167 muita
695 3114 765 3167 sunt
791 3124 849 3167 non
880 3107 990 3168 directe
1018 3107 1200 3185 dogmatica,
1232 3126 1309 3184 qnae
1333 3124 1390 3167 non
1415 3124 1491 3186 opus

130 3205 179 3261 tet
200 3197 389 3258 subscribere
410 3197 466 3255 nisi
497 3195 594 3267 ilium,
625 3197 675 3271 qui
699 3196 920 3257 concionabitur
941 3196 1067 3274 populo,
1091 3205 1125 3254 ut
1146 3204 1288 3257 careatur
1309 3194 1438 3255 schisma
1461 3197 1491 3253 iu

129 3285 271 3349 mdeste.
317 3283 392 3342 Sunt
413 3285 503 3343 etiam
525 3283 663 3358 piurima,
685 3285 714 3341 in
738 3283 845 3359 quibus
869 3282 960 3344 dubia
982 3290 1031 3343 est.
1049 3286 1242 3357 cousbuctlo,
1266 3283 1373 3344 dubiae
1395 3284 1491 3362 partl-

128 3374 220 3437 calae
242 3371 403 3444 relativae3
426 3370 463 3429 de
486 3373 593 3445 quihus
615 3373 641 3429 si
664 3387 813 3446 quaeram,
836 3374 968 3431 eudorus
991 3370 1118 3445 habeor,
1142 3373 1166 3431 si
1189 3387 1248 3431 non
1272 3389 1421 3448 quaeram,
1444 3375 1491 3448 ig·

128 3478 218 3535 men,
244 3460 295 3536 qui
318 3459 406 3535 igitur
427 3459 620 3517 subscribam.
665 3455 780 3534 Collegi
803 3458 905 3518 talium
929 3457 1082 3520 dubiorum
1100 3466 1141 3519 60
1165 3477 1200 3518 ex
1224 3459 1347 3519 articulo
1371 3459 1407 3518 de
1422 3476 1491 3536 per·

128 3566 207 3611 ma
230 3546 348 3609 christi.
393 3545 459 3604 Non
488 3545 611 3622 impedit
636 3563 683 3605 me
706 3546 781 3607 haec
802 3547 983 3623 ignorantia,
1015 3549 1172 3623 quominus
1203 3547 1282 3606 bona
1312 3548 1492 3607 conscientia

128 3637 248 3717 possins
272 3635 501 3703 communicare,
530 3650 595 3693 cum
618 3633 766 3694 snidciant
789 3635 880 3694 verba
902 3633 1009 3695 Christi
1031 3634 1195 3695 Bibliorum
1219 3634 1320 3694 brevia
1343 3642 1373 3695 et
1394 3650 1492 3713 pauca

128 3739 273 3786 mmor
297 3729 329 3781 at
351 3720 473 3796 impedit
496 3737 551 3794 me,
575 3727 608 3780 ut
630 3738 690 3780 non
712 3721 836 3782 debsarn
859 3722 1060 3796 subscribere,
1083 3729 1117 3781 ut
1138 3738 1175 3781 ns
1198 3721 1300 3782 videar
1322 3723 1490 3783 auctoritati

128 3815 234 3893 potius
255 3808 440 3870 subscribere
464 3822 552 3884 quam
575 3809 703 3868 veritati.
738 3888 742 3893 ᾖ

237 3896 376 3958 Celebrat
398 3895 433 3956 R.
458 3896 554 3972 Dign.·
569 3896 635 3956 'dua
658 3918 733 3957 κατα
754 3900 839 3956 daura
860 3912 956 3954 meam
978 3896 1008 3952 lu
1031 3897 1211 3955 astronomia
1226 3897 1434 3971 cognitionem,
1456 3902 1491 3954 ut

128 3982 192 4051 ιη’
218 3982 307 4063 cipum
329 3983 507 4058 theologiam
530 3982 601 4042 mihi
624 3989 720 4059 neget.
758 3979 880 4043 Utinam
910 3986 998 4042 etiam
1025 3981 1108 4041 iilius
1130 3983 1393 4056 oblivisceretulni3
1421 3999 1490 4041 nam

128 4072 252 4137 ridetur
272 4070 326 4130 iila
347 4071 433 4129 vobis
456 4073 596 4138 incentivi
623 4071 691 4131 ioco
719 4087 784 4131 esse
812 4069 921 4130 adme
947 4078 1115 4146 suspectum
1146 4069 1321 4129 laciendum.
1370 4068 1489 4144 „Quare

128 4178 189 4225 uun
220 4158 289 4220 vuit
316 4157 521 4217 subscribere?
546 4159 699 4222 -Nimirurn
729 4160 800 4234 qula
825 4159 1037 4218 astronomicae
1068 4157 1248 4217 subtilitates
1277 4160 1307 4217 iu
1339 4157 1491 4234 theologia

128 4242 279 4329 quaerit.“
319 4243 450 4304 Obsecro
466 4249 578 4323 parcite
592 4247 678 4306 vobis
701 4249 783 4325 ipsis,
806 4263 844 4306 ue
859 4247 1004 4305 insontem
1028 4243 1076 4305 bic
1099 4262 1164 4305 curu
1187 4245 1358 4306 exclusione
1379 4248 1490 4321 punis·

128 4340 176 4400 b,
222 4333 291 4396 Non
321 4331 471 4393 subtilitas
503 4342 548 4393 est
578 4335 703 4408 ingenii,
733 4333 787 4394 sed
818 4335 985 4394 aestimatio
1015 4332 1166 4393 charitatis
1196 4334 1341 4393 fraternae
1364 4335 1407 4407 (in
1431 4348 1491 4411 qua

128 4422 204 4487 nili
226 4420 407 4499 parcendum
429 4429 475 4480 est
497 4421 651 4497 acumini),
684 4420 764 4499 quod
796 4437 866 4495 coe,
897 4423 948 4497 qni
977 4437 1043 4480 cum
1071 4421 1248 4496 antiquitate
1275 4420 1437 4497 loquuntur
1459 4427 1489 4480 et

128 4516 374 4589 argumentantur
396 4507 479 4584 (quid
503 4511 580 4568 enim
604 4526 668 4569 curn
692 4510 869 4584 antiquitate
883 4511 992 4568 sentiat
1008 4509 1141 4584 quisque,
1167 4508 1250 4569 Deus
1265 4514 1490 4585 anpdrcysmurqc

128 4592 262 4676 hadieat),
285 4595 425 4655 damnare
448 4595 527 4669 noio,
551 4594 604 4656 sed
627 4595 695 4656 llius
717 4598 817 4674 potins
832 4595 982 4673 loquendo
997 4598 1113 4669 imitari,
1137 4613 1226 4672 quam
1241 4595 1396 4656 formulam
1416 4610 1489 4655 eon-

232 4798 324 4868 'iiiie
342 4799 534 4853 Haleursiierus
552 4803 700 4866 adscripsit:
725 4816 771 4865 ego
790 4806 935 4868 exspectari
954 4804 1036 4872 ipsius
1053 4801 1152 4866 literar,
1178 4817 1210 4853 aa
1227 4817 1350 4855 aurarum
1368 4802 1489 4869 scriptiu-

128 4888 190 4927 ιιι
203 4874 311 4927 initium
327 4870 445 4926 mmm.
