3308 5534
514 412 603 471 liotae
621 412 655 469 ad
674 413 860 484 Appendicem
877 409 1145 481 Sclenograpbicum.
1464 409 1508 477 71

152 598 256 655 damma
274 596 411 667 concepta
428 592 540 650 eliditur
562 590 731 661 impellitque
754 590 906 657 globulum,
930 604 986 659 qua
1002 589 1025 643 is
1045 590 1138 647 obstat
1156 591 1322 664 extensioui;
1348 610 1408 651 cum
1427 597 1509 665 igitur

152 681 240 735 obstet
257 690 309 747 per
325 682 414 731 tetam
432 670 627 741 longitudinem
644 668 754 725 fistulae
772 668 888 740 ferreae,
911 668 943 724 flt
961 683 1010 738 per
1027 669 1101 725 iilam
1119 672 1262 741 impressio
1280 672 1399 728 violenta
1416 683 1508 731 extru-

150 756 233 810 sionis
250 752 418 810 rectilineae.
443 752 488 809 Sic
506 757 596 806 motus
614 750 735 818 gravium
753 755 818 803 sunt
832 746 972 816 rectilinei,
991 756 1021 804 ut
1039 753 1075 808 sit
1091 754 1161 809 haec
1179 754 1284 822 species
1303 753 1418 823 ordinis,
1437 754 1509 811 linea

148 836 258 903 iuquam
280 841 371 897 meta,
395 830 594 902 quodammodo
618 830 728 899 propria
749 843 892 897 corporum
914 829 1034 897 gravium
1062 838 1090 887 et
1112 832 1229 887 maxime
1251 832 1320 886 lucis
1343 832 1441 903 radiis,
1462 836 1509 905 qni

148 921 212 969 runt
228 911 317 968 ueluti
335 911 474 979 quoddam
492 925 591 978 corpus
608 909 829 975 immateriatum,
853 908 926 977 quod
944 916 1068 964 movetur
1092 910 1119 964 in
1137 911 1258 981 instapti.
1295 912 1340 967 Sic
1363 912 1508 970 testudinis

146 991 314 1047 domuncula
332 991 485 1046 ordinatam
508 988 590 1044 babet
610 988 724 1055 liguram
742 987 852 1057 helicis,
875 1003 908 1042 ea
926 994 1016 1042 tamen
1034 1005 1088 1042 non
1108 994 1151 1043 est
1169 1005 1186 1043 a
1204 996 1295 1044 mente
1312 990 1508 1062 architectrice,

146 1071 194 1128 sed
213 1089 231 1127 a
249 1071 415 1127 necessitato
437 1069 583 1127 materiali:
609 1068 746 1123 convolvit
768 1067 839 1121 enim
863 1081 894 1121 se
911 1067 1020 1121 testudo
1038 1084 1132 1123 uersus
1155 1068 1270 1123 hiemem
1289 1070 1317 1124 iu
1335 1076 1423 1126 metae
1440 1072 1509 1131 flun-

144 1168 211 1213 ratu.
230 1150 273 1207 sic
291 1150 455 1206 convolutae
467 1147 673 1219 superfunditur
683 1148 807 1202 viscosus
824 1147 929 1213 humor,
949 1147 995 1214 qui
1013 1146 1162 1205 indurescit
1178 1152 1207 1206 in
1224 1158 1342 1209 crustam
1361 1162 1388 1210 ct
1407 1154 1509 1210 addun-

146 1242 190 1289 tur
212 1230 312 1285 circuli
335 1230 370 1286 ad
393 1245 535 1286 nnmerum
558 1227 782 1283 contractionum.
825 1225 870 1280 Sic
894 1226 947 1280 ieri
976 1242 1057 1294 apum
1084 1228 1155 1282 fiunt
1182 1230 1323 1298 sexanguli
1347 1233 1510 1289 necessitate

145 1309 285 1366 materiali
301 1324 457 1378 corporum,
476 1307 539 1363 dum
557 1322 587 1361 se
599 1307 702 1375 stipant
719 1322 801 1375 quam
814 1306 972 1362 arctissime.
999 1306 1173 1362 Econtrario
1191 1308 1331 1377 quinarius
1349 1310 1377 1365 in
1396 1309 1510 1367 floribus

146 1390 306 1445 ordinatum
324 1388 391 1457 quid
409 1395 468 1453 eat,
494 1393 522 1443 et
539 1388 603 1456 quia
620 1386 716 1455 nequit
733 1400 793 1440 essa
812 1401 828 1439 a
845 1386 971 1443 materia.
990 1385 1107 1442 retertur
1125 1386 1208 1456 igitur
1226 1388 1260 1443 ad
1279 1388 1436 1445 facultatem
1454 1390 1508 1446 ior·

146 1469 303 1535 matricem,
325 1467 432 1524 numeri
449 1467 534 1522 etsie
551 1466 664 1521 rationis
687 1463 885 1533 quodammodo
903 1466 1072 1535 participem.
1109 1468 1251 1536 Disputari
1273 1468 1307 1523 de
1326 1469 1377 1525 hac
1394 1472 1510 1526 materia

146 1549 173 1603 in
190 1548 240 1603 lrb.
261 1547 298 1603 de
316 1545 403 1602 Stella
414 1546 493 1603 liora
504 1560 563 1615 cap.
576 1545 617 1601 26,
638 1549 666 1599 ct
677 1545 720 1613 27,
739 1559 773 1598 an
792 1545 888 1599 crebra
905 1544 1051 1601 multarum
1068 1560 1158 1600 rerum
1178 1548 1365 1605 conuenientia
1381 1550 1409 1605 in
1428 1566 1509 1606 unam

147 1626 291 1682 decentem
309 1625 407 1679 seriem
425 1623 513 1694 possit
530 1622 604 1677 casui
623 1638 705 1678 caeco
723 1622 888 1678 mansacrmt.

251 1704 369 1760 XXVII.
387 1701 565 1774 ⁴tpparentia.
602 1700 739 1756 cavitates
763 1701 824 1756 illae
851 1701 997 1771 depressae
1015 1702 1042 1757 in
1060 1703 1155 1758 Lunae
1179 1706 1301 1762 maculas
1327 1712 1390 1764 sunt
1414 1716 1510 1767 exacta

149 1783 295 1853 murudae,
313 1790 446 1852 qnantum
465 1780 552 1836 oculis
570 1780 702 1848 consequi
719 1796 879 1849 possumus,
897 1797 952 1835 non
970 1788 1034 1837 sunt
1052 1792 1142 1838 tamen
1161 1801 1255 1841 omnes
1273 1788 1380 1857 aequali
1399 1790 1510 1846 ambitu.

149 1862 201 1918 Eat
218 1863 268 1917 nbi
287 1862 369 1917 etiam
388 1860 456 1915 ordo
474 1858 584 1929 quidam
603 1855 790 1927 dispositionis
808 1873 909 1928 earum,
928 1860 1001 1913 reiut
1019 1861 1047 1915 in
1065 1861 1252 1930 quincuncem,
1271 1872 1393 1934 apparet

253 1938 382 1994 XXVIII.
403 1938 434 1993 Si
451 1936 619 2007 applicemus
638 1937 746 1992 axioma
763 1938 942 2006 praemissum
955 1939 990 1993 nd
1004 1938 1053 1991 has
1066 1940 1249 2008 apparentiae,
1269 1952 1416 2000 nascentur
1430 1944 1510 2001 nobis

149 2018 344 2073 conclusiones
362 2017 446 2071 istae:
470 2016 498 2070 in
517 2018 672 2070 universum
689 2017 798 2086 quidem
815 2017 842 2072 in
863 2017 1005 2087 superticie
1023 2018 1125 2072 lunaris
1143 2018 1228 2087 globi,
1251 2022 1341 2089 quoad
1365 2023 1510 2078 mixturam

149 2097 269 2170 partium
287 2093 405 2151 altarum
423 2102 452 2150 et
470 2094 673 2165 depressarum,
697 2111 791 2151 casum
809 2101 837 2151 et
855 2096 1045 2152 necessitatem
1063 2097 1230 2152 materialem
1249 2099 1393 2171 dominari,
1414 2101 1511 2157 abradi

148 2186 250 2232 tunm
269 2176 389 2230 acuetis
406 2174 593 2229 subterraneis
612 2175 727 2240 saxosis,
752 2173 806 2230 elui
825 2174 918 2243 ualles,
937 2180 968 2228 ut
985 2181 1094 2230 exstent
1106 2184 1220 2241 montes,
1239 2178 1326 2234 undas
1345 2178 1465 2234 defluere
1482 2180 1511 2237 in

148 2256 276 2324 regiones
295 2254 456 2324 depressae,
481 2251 594 2308 maculis
611 2253 770 2323 insignitas,
796 2254 888 2324 ibique
905 2254 934 2309 in
951 2251 1130 2321 aequilibrnm
1156 2254 1263 2325 disponi
1287 2258 1349 2312 nisu
1372 2256 1511 2313 rectilineo

148 2335 271 2404 partium
289 2332 410 2388 omnium
428 2347 524 2386 sersus
541 2330 612 2386 idem
631 2341 754 2387 centrum
773 2331 847 2401 globi
871 2331 987 2398 lunaris3
1012 2340 1041 2386 at
1058 2332 1086 2386 in
1105 2332 1228 2401 partibus
1245 2335 1341 2390 Lunae
1364 2336 1511 2393 maculosis

148 2416 265 2485 dgnram
283 2415 431 2468 caritatnm
454 2418 551 2466 exacte
575 2410 717 2466 rotundam
744 2419 772 2467 et
790 2411 993 2481 dispositionem
1014 2427 1106 2466 earum
1131 2426 1179 2466 seu
1198 2412 1403 2469 interstitiorum
1425 2431 1511 2484 quan-

147 2493 211 2549 dam
228 2490 427 2561 aequalitatem
450 2505 511 2545 esse
532 2490 666 2546 factitium
692 2490 757 2560 quid
781 2499 809 2544 et
827 2489 861 2545 ab
880 2489 972 2557 aliqua
993 2497 1084 2545 mente
1108 2491 1303 2546 architectrice.
1340 2493 1403 2548 Non
1420 2502 1513 2563 potest

148 2576 220 2631 enim
238 2573 290 2626 illa
307 2570 451 2625 excusatio
476 2576 573 2637 sponte
598 2571 625 2626 iu
649 2569 743 2626 circuli
766 2567 880 2623 formam
904 2566 963 2622 fieri
986 2569 1025 2623 ab
1046 2568 1102 2623 ullo
1125 2576 1201 2623 motu
1224 2569 1432 2636 elementorum,
1457 2572 1511 2628 nisi

148 2651 264 2719 dixeris,
290 2646 464 2719 superficiem
482 2647 578 2703 Lunae
600 2650 742 2703 instratum
765 2662 827 2701 esse
851 2663 934 2702 arena
952 2648 1163 2715 profundissima
1185 2649 1315 2718 factoque
1332 2651 1465 2707 foramina
1482 2653 1510 2707 in

149 2730 242 2791 tundo.
263 2728 316 2784 snb
335 2736 430 2783 crusta
448 2742 511 2783 esse
529 2727 618 2782 locum
636 2743 760 2793 uacuum,
778 2726 805 2779 in
825 2742 904 2794 quem
924 2740 1007 2780 arena
1026 2725 1136 2783 defluat.
1174 2728 1306 2797 Hocque
1325 2729 1413 2785 minus
1426 2730 1512 2785 statui

149 2810 249 2879 pessit,
272 2806 389 2877 impedit
406 2807 483 2863 XXI.
518 2806 623 2861 Humor
641 2807 711 2860 enim
730 2805 835 2860 obtinet
852 2804 913 2859 illas
939 2814 1032 2873 partes
1050 2813 1133 2875 atque
1151 2806 1174 2861 is
1194 2807 1258 2863 data
1280 2813 1360 2876 porta
1378 2808 1511 2864 deflueret

148 2900 298 2959 partesque
321 2887 382 2943 illas
402 2886 567 2956 denudaret,
591 2893 622 2941 nt
639 2900 673 2938 ex
697 2883 845 2940 maculosis
869 2885 969 2939 tierent
992 2883 1143 2940 albicantes
1168 2892 1196 2940 et
1220 2883 1388 2956 splendidae.
1424 2887 1512 2944 Multo

148 2967 237 3021 minna
256 2972 352 3035 potest
369 2963 515 3034 dispositio
533 2962 652 3033 plurium
670 2964 742 3019 inter
760 2980 790 3018 sc
808 2963 974 3018 macularum
993 2978 1055 3018 esse
1072 2979 1090 3016 a
1107 2971 1183 3018 motu
1202 2961 1407 3019 elementorum.

252 3042 357 3099 XXIX.
378 3043 422 3096 Ex
440 3042 591 3112 praemissa
608 3042 826 3098 concludendum
843 3041 961 3108 ridetur,
986 3042 1015 3096 in
1032 3042 1112 3096 Luna
1132 3050 1271 3095 creaturas
1298 3056 1359 3098 esse
1382 3043 1512 3113 virentes,

147 3122 265 3178 rationis
285 3120 322 3176 ad
341 3119 465 3175 ordinata
483 3120 537 3174 ista
554 3119 679 3176 iacienda
698 3136 821 3191 capaces,
840 3134 984 3188 corporum
1002 3135 1066 3175 vero
1086 3120 1156 3175 mele
1174 3121 1311 3189 praeditas
1329 3138 1386 3179 non
1405 3139 1512 3194 compa.

151 3201 236 3256 rande
255 3200 396 3256 montibus
415 3199 477 3268 illis,
496 3207 528 3253 ut
546 3215 581 3254 ex
599 3201 696 3270 quibus
716 3201 783 3256 ordo
802 3200 893 3255 nullus
912 3199 1009 3255 clucet.
1035 3198 1081 3253 Sic
1098 3198 1169 3253 cuim
1189 3207 1216 3253 et
1228 3200 1351 3254 homines
1370 3201 1398 3255 in
1411 3202 1512 3256 Terrae

150 3281 299 3353 superficie
317 3287 426 3335 montes
445 3279 553 3350 quidem
571 3287 600 3335 et
617 3279 701 3334 maria
720 3297 774 3336 nou
793 3279 898 3335 iaciunt
916 3279 982 3348 (rari
1001 3278 1072 3332 enim
1091 3278 1211 3331 existunt
1230 3278 1344 3343 Xerxes,
1362 3280 1415 3333 rari
1427 3280 1512 3335 Nero·

149 3378 211 3429 nes,
238 3376 275 3416 ac
291 3373 344 3414 nec
361 3359 458 3413 horum
478 3373 561 3427 opera
580 3360 762 3429 comparanda
782 3366 845 3414 sunt
863 3375 923 3415 cum
941 3356 1112 3412 naturalibus
1130 3356 1260 3411 montium
1280 3364 1307 3411 ct
1325 3358 1464 3426 marinml,
1484 3367 1513 3414 at

149 3441 256 3495 iaciunt
275 3439 304 3493 in
324 3452 357 3492 ea
375 3439 458 3493 urbes
477 3447 505 3490 et
522 3438 645 3507 castella,
664 3441 690 3493 in
710 3439 808 3506 quibus
828 3436 951 3492 ordinem
969 3442 997 3489 et
1014 3440 1100 3489 artem
1113 3433 1177 3487 licet
1190 3450 1346 3504 agnoscere.
1377 3437 1511 3505 Equidem

148 3520 183 3573 ab
202 3519 231 3574 id
249 3519 342 3589 ipsum
360 3517 519 3586 superficies
537 3517 678 3586 globorum
696 3517 805 3572 ridetur
822 3515 956 3585 permissa
974 3528 1056 3568 coeco
1075 3513 1158 3578 casui,
1177 3513 1253 3567 utin
1271 3530 1304 3569 ea
1322 3515 1471 3572 ordinanda
1484 3522 1513 3572 et

149 3598 275 3655 ornanda
292 3614 344 3667 per
360 3606 454 3667 partes
472 3597 548 3652 locus
567 3602 641 3652 esset
658 3595 788 3651 exercitio
806 3593 929 3649 rationis.

252 3675 344 3731 XXX.
363 3676 538 3745 Apparentia.
570 3674 599 3729 Si
617 3674 747 3729 cavitates
765 3671 923 3740 hujusmodi
941 3670 1099 3740 diligentius
1117 3670 1260 3741 intuearis,
1280 3672 1361 3727 ducta
1379 3688 1428 3742 per
1446 3673 1511 3729 ima-

147 3756 319 3826 mundonem
336 3754 409 3808 linea
427 3761 503 3808 recta
520 3769 554 3809 cx
572 3752 637 3808 Sole
655 3767 704 3821 per
723 3750 847 3806 caritatis
866 3758 1001 3817 centrum,
1021 3765 1069 3803 sex
1089 3759 1236 3807 occurrunt
1253 3754 1280 3806 in
1299 3768 1331 3809 ea
1350 3752 1513 3834 discrimina,

148 3835 221 3889 trina
238 3833 310 3889 lucis
328 3832 497 3901 totidemque
516 3833 640 3899 umbram
659 3831 738 3900 quasi
757 3830 859 3885 caritas
877 3830 913 3884 sit
931 3830 1003 3883 intra
1021 3830 1178 3897 caritatem,
1202 3831 1312 3899 majoris
1332 3832 1402 3885 enim
1421 3840 1512 3888 etex.

148 3914 259 3969 terioris
277 3912 407 3967 umbrosa
425 3927 489 3980 pars
508 3911 589 3966 dorso
608 3926 703 3966 versus
716 3909 807 3963 Solem
826 3915 868 3962 est
885 3915 1004 3977 climata,
1023 3908 1116 3964 lucida
1135 3925 1200 3964 uero
1219 3927 1320 3966 cornua
1332 3911 1440 3980 quidem
1454 3928 1512 3967 rer·

149 4008 196 4047 ans
214 3988 308 4047 Solem
334 3998 361 4043 et
379 3991 534 4045 umbrosam
558 3996 664 4060 partem
688 3989 833 4052 conuertit,
858 3995 1030 4043 curvaturam
1056 4004 1120 4042 vcro
1143 3989 1242 4044 asela
1265 3992 1370 4045 auertit.
1408 3992 1512 4046 Eadem

149 4072 256 4142 speeies
275 4074 392 4137 apparet
408 4067 437 4120 in
456 4068 549 4123 intimo
569 4067 694 4124 caritatis
713 4068 849 4122 interioris
868 4074 1013 4135 augustae,
1039 4075 1068 4123 at
1086 4082 1145 4121 eam
1165 4069 1285 4125 exterius
1306 4085 1402 4125 versus
1422 4070 1513 4127 Solem

147 4152 240 4205 lumen
260 4163 346 4201 cumo
365 4146 448 4201 dorso
467 4145 524 4200 Soli
542 4148 658 4233 qbrerso
678 4148 768 4214 vestit,
787 4162 822 4200 ex
840 4146 967 4216 opposito
987 4147 1090 4209 sambra,
1109 4147 1238 4201 cornibus
1257 4147 1291 4203 ed
1310 4147 1400 4203 Solem
1418 4149 1512 4205 versis.

149 4232 187 4287 Et
205 4229 281 4283 circa
299 4226 411 4281 limbum
430 4226 539 4294 quidem
558 4229 688 4283 extimum
707 4227 842 4294 reperitur
861 4226 953 4295 aliqua
971 4224 1122 4279 diversitas.
1148 4225 1179 4278 ln
1192 4224 1252 4280 aliis
1266 4226 1336 4280 enim
1350 4226 1512 4284 caritatibus

147 4308 250 4366 limbus
269 4307 314 4362 hic
334 4322 388 4361 uon
408 4315 451 4361 est
470 4306 621 4361 evidentior
639 4320 728 4373 neque
747 4305 844 4361 clarior
857 4306 992 4360 exteriore
1004 4305 1124 4373 regione,
1143 4320 1223 4374 quam
1237 4305 1270 4359 ad
1285 4306 1379 4361 Lunae
1391 4306 1512 4362 maculas

148 4390 290 4461 pertinere
309 4386 375 4451 dixi,
395 4385 543 4453 statimque
561 4385 596 4440 ab
614 4384 661 4439 illo
675 4384 761 4452 gradu
772 4384 850 4452 lucia,
870 4401 923 4452 quo
942 4384 1047 4450 fulgent
1065 4385 1196 4451 maculae,
1215 4386 1310 4454 incipit
1327 4386 1439 4456 nigredo
1453 4402 1512 4440 cur·

147 4478 226 4532 rata,
246 4475 330 4521 etex
348 4465 430 4535 plaga
447 4464 519 4521 Solis
538 4464 688 4530 contraria,
712 4469 776 4532 post
794 4462 906 4517 densam
924 4462 1012 4517 lucem
1029 4463 1155 4532 parietis,
1179 4464 1224 4534 qui
1244 4464 1315 4520 Solis
1334 4464 1417 4519 radiis
1435 4472 1512 4520 recta

149 4548 292 4617 objicitur,
311 4545 434 4601 succedit
452 4544 584 4599 claritudo
601 4540 703 4610 minor,
728 4541 855 4596 continua
873 4556 923 4609 per
940 4542 1077 4610 regionem
1096 4543 1270 4596 maculosam.
1306 4544 1337 4597 ln
1355 4542 1417 4598 aliis
1433 4544 1511 4598 vicis·

149 4629 199 4682 mm
217 4625 320 4680 limbus
344 4624 463 4679 extimus
487 4635 582 4678 versus
600 4619 692 4674 Solem
710 4619 819 4688 quidem
842 4620 966 4674 amicitur
989 4622 1063 4674 tenui
1081 4620 1153 4676 linea
1175 4621 1245 4677 lucis
1267 4621 1446 4691 clarissimae,
1475 4637 1509 4678 ex

150 4706 281 4776 opposito
299 4718 365 4757 vero
384 4701 456 4756 Solis
475 4701 551 4756 tenui
567 4699 639 4754 linea
656 4698 775 4767 umbrae,
794 4713 864 4766 quae
882 4698 992 4753 limbum
1012 4713 1028 4751 a
1045 4702 1155 4767 regione
1173 4700 1280 4770 reliqua
1298 4700 1475 4758 discriminat.

256 4780 356 4838 XXXI.
375 4780 447 4835 Hinc
465 4780 677 4844 demonstratur,
701 4794 735 4833 ex
753 4778 836 4833 tundo
855 4777 964 4847 quidem
983 4777 1107 4835 caritatis
1124 4796 1270 4848 exsurgere
1293 4779 1398 4850 collem,
1417 4782 1465 4849 qui
1482 4782 1511 4838 in

150 4862 241 4920 medio
259 4861 337 4917 relnt
355 4859 483 4916 umbilico
501 4860 599 4916 iterum
617 4859 653 4915 sit
670 4859 699 4915 in
716 4859 841 4914 lacunam
860 4859 1014 4930 depressus,
1034 4867 1065 4914 ut
1078 4858 1136 4930 jam
1154 4876 1226 4915 anno
1247 4859 1315 4915 1625
1333 4859 1361 4915 in
1373 4860 1510 4932 Hyperas-
