3308 5534
148 375 236 448 1022
547 392 551 397 ·
665 372 862 432 nutemus
876 372 1001 447 equs.

146 553 322 632 talem),
351 553 488 617 Proetum
511 553 697 616 Diadoebum
720 553 912 637 (‚,obseraunt
933 551 1006 632 quid
1024 551 1128 614 reterri
1147 551 1275 632 βαΰ
1302 550 1364 634 -),
1384 553 1491 616 Ιιιΐι·

147 660 219 703 aum
248 641 398 719 capellam
428 644 538 724 („satis
565 641 737 719 seuputoae
772 644 918 720 expressit
945 641 1151 703 retractionem
1181 639 1419 703 borisoataiem“
1439 650 1491 719 -t,

148 729 310 791 Antonium
331 729 458 789 Mariam
480 729 611 811 („iorsan
634 729 701 790 bino
721 738 776 804 est,
795 727 879 807 qaod
893 730 1081 805 existimavit,
1102 728 1290 790 altitudiaea
1310 729 1374 807 poli
1393 733 1423 790 ia
1440 749 1492 791 aa·

149 819 237 878 nlbtrs
259 816 365 878 ltaliae
387 816 462 878 loeis
482 814 696 897 decrevisee“),
719 812 920 890 tuamen,
939 816 1148 876 Berabnrda·
1170 816 1377 879 Waltlaasurre
1417 817 1492 879 Pne-

153 914 234 966 terea
257 903 397 980 adjuncta
420 910 465 965 est
487 906 638 980 inquisitio
662 905 878 965 observationis
901 903 1127 976 Hollandoeusn,
1150 905 1205 980 qni
1229 908 1264 964 in
1289 906 1374 986 ,alto
1394 915 1493 984 repu-

152 993 246 1051 trions
268 995 331 1063 (lat
351 997 412 1063 76⁰)
444 990 597 1052 haerentes
620 995 651 1050 in
672 991 767 1069 glaeie
795 1008 876 1052 auno
901 993 995 1053 tols.
1017 990 1117 1052 Solem
1144 997 1182 1051 tt
1212 989 1325 1053 diebna
1345 1001 1414 1053 aate
1433 993 1493 1071 legi·

152 1081 256 1139 burum
280 1089 395 1155 tempus
415 1076 662 1156 ooaspeserunt“.
709 1079 754 1140 De
777 1077 943 1153 talonibus,
967 1079 1103 1155 pareliia,
1129 1078 1264 1140 iridibna
1286 1082 1364 1142 aette
1386 1081 1493 1157 qaid·

150 1166 205 1228 sed
227 1169 314 1225 nimis
338 1168 454 1226 ooneiss
476 1167 507 1224 in
530 1168 721 1227 annotatione
743 1170 857 1226 tantum
875 1169 982 1243 agitur.

258 1254 398 1329 Capite
426 1255 566 1329 quinto
592 1252 738 1330 Keplerus
768 1255 833 1330 agit
857 1252 922 1335 „de
952 1251 1063 1313 modo
1086 1253 1302 1328 visionis‘,
1325 1258 1493 1332 psa-'tto

150 1341 252 1423 „oculi
273 1344 460 1414 anatomsn“,
483 1357 572 1417 quarn
604 1358 668 1400 eum
698 1341 780 1400 libris
806 1340 985 1401 mertuorum
1006 1338 1272 1400 celeberrimorum
1298 1340 1492 1404 Platori«

151 1426 175 1490 J
183 1430 337 1499 essenii,
361 1437 429 1487 tura
445 1428 623 1486 institutioni
645 1427 791 1501 desseaii,
812 1430 900 1488 ambi
921 1430 985 1501 sui,
1014 1435 1170 1504 aoeeptsrn
1191 1428 1300 1489 ret'ert.
1345 1429 1492 1490 Viaiaais

150 1514 295 1576 tandum
327 1515 373 1574 bis
408 1516 524 1574 innixas
554 1515 695 1574 asbaidiis
734 1515 890 1588 describit,
928 1530 1039 1596 „sana
1071 1532 1090 1573 a
1122 1517 1280 1576 nemine
1315 1515 1492 1586 baeteaas

129 1601 253 1680 =quod
276 1619 340 1679 ego
363 1605 497 1676 seiam,
521 1619 689 1680 sonsque
711 1603 1020 1679 pervestigatum
1048 1606 1088 1660 et
1109 1601 1413 1679 deprebenaun.
1444 1602 1493 1663 lta-

152 1706 210 1766 qua
232 1705 304 1765 rogo
329 1689 566 1763 mathematicos,
598 1697 632 1748 nt
654 1689 809 1766 diligenter
830 1690 890 1750 ista
910 1686 1110 1763 subsiderent,
1135 1707 1198 1765 quo
1223 1691 1279 1751 vel
1302 1689 1421 1752 unde·
1438 1694 1494 1753 ω’

152 1775 227 1854 qaid
250 1775 286 1836 de
308 1776 494 1837 nobilissima
515 1776 572 1836 bae
593 1776 742 1838 innodone
762 1779 792 1834 in
815 1775 1003 1854 philosophia
1024 1780 1152 1836 astet«

257 1863 403 1940 Keplerns
426 1873 524 1924 antem
545 1880 606 1924 rem
629 1872 713 1924 unta
733 1866 905 1941 innodate,
920 1863 1091 1924 subtilitate
1112 1870 1145 1923 et
1166 1865 1287 1940 ingenii
1317 1863 1494 1926 toeeafflrtt

153 1953 310 2028 eremiti,
341 1959 374 2010 nt
395 1969 481 2011 nemo
511 1950 578 2011 inde
607 1952 647 2010 ab
676 1952 743 2028 ejus
764 1959 895 2028 tempore
916 1951 974 2011 buo
998 1967 1092 2026 usqne
1117 1954 1293 2027 emiterii,
1321 1954 1376 2029 qni
1395 1950 1495 2013 dn

155 2037 284 2098 traderet
299 2046 328 2099 et
343 2055 444 2099 omnes
460 2038 498 2098 ad
514 2055 604 2099 unum
619 2041 650 2099 in
665 2055 701 2099 eo
716 2041 911 2112 eumeniam,
934 2054 970 2098 ne
985 2039 1138 2097 minimum
1154 2039 1284 2116 quidem
1307 2057 1397 2117 pona
1409 2043 1494 2101 netad

152 2125 202 2186 rel
225 2128 256 2184 in
278 2124 383 2186 malins
406 2129 481 2187 verti
504 2142 614 2199 eorum,
638 2143 715 2202 quae
736 2124 883 2203 Keplerus
905 2125 954 2185 bie
975 2124 1012 2185 de
1028 2127 1094 2185 rien
1109 2125 1282 2200 tradiderit,
1306 2138 1399 2204 atqaa
1412 2126 1494 2187 ath

151 2228 247 2289 usque
269 2215 445 2274 insoneussa
466 2220 525 2274 atet
547 2215 639 2290 ipsius
663 2213 699 2273 de
720 2212 808 2273 modo
831 2212 951 2273 stdandi
972 2213 1058 2272 ratio.
1096 2211 1219 2289 Digna
1244 2224 1293 2274 eat
1315 2214 1494 2292 paragr*

152 2301 210 2361 ista
232 2304 439 2374 (ΜΩ-269)
463 2309 496 2360 ut
518 2301 556 2360 ab
579 2303 662 2359 initio
685 2299 725 2359 ad
746 2299 834 2360 fluam
849 2299 1071 2377 diligentissime
1086 2299 1300 2376 pervolvatur,
1322 2319 1391 2362 eum
1409 2301 1494 2361 trab

152 2395 283 2447 mentum
305 2387 447 2463 praebeat
468 2389 609 2448 scientiae
631 2389 760 2464 optione,
793 2395 935 2466 qnantum
965 2393 995 2447 et
1017 2387 1056 2449 ad
1077 2386 1243 2467 physicam
1266 2398 1299 2450 et
1321 2389 1362 2450 ad
1382 2398 1495 2450 asbus

152 2477 243 2535 mium
265 2476 400 2550 pertinet.

257 2562 331 2621 Pars
360 2560 484 2638 Optioae
510 2560 632 2639 Keplsri
661 2560 790 2621 seeunda
820 2564 1032 2635 (lilio—398)
1058 2563 1268 2623 astronomiae
1299 2570 1332 2623 et
1362 2565 1495 2642 praecipu

153 2647 284 2710 tbsorias
300 2648 464 2708 defectuum
479 2647 558 2708 Solis
572 2648 734 2725 Lunaeque
748 2647 895 2708 destinata
910 2656 962 2708 est.
991 2647 1344 2724 tuqntrmtaryetarum
1366 2661 1397 2713 at
1414 2668 1495 2710 reesa·

153 2738 261 2797 tiorum
285 2737 506 2797 observationes
527 2738 605 2797 eirea
626 2735 777 2796 stellarum
798 2734 910 2810 luoem,
934 2734 1037 2794 Lunae
1057 2735 1178 2812 pbaaas,
1204 2736 1357 2812 defeetua,
1378 2738 1495 2803 ιι*

152 2823 192 2885 de
214 2823 409 2884 illnatratione
438 2832 541 2883 mutua
566 2822 670 2882 Lunae
699 2830 728 2882 et
757 2823 879 2898 Terrae,
909 2839 1033 2882 errrores
1062 2822 1184 2882 illorum
1216 2824 1401 2902 deteguntur
1425 2826 1495 2885 et’a

153 2911 259 2971 melius
282 2919 446 2985 vertuntur,
478 2928 557 2970 nora
581 2927 699 2988 qnoque
722 2909 801 2970 baud
829 2926 925 2986 pausa
947 2909 983 2970 de
1006 2909 1052 2968 bis
1074 2912 1323 2988 apparitionibus
1351 2914 1495 2973 adm

154 2999 201 3060 Ex
224 2999 273 3059 bis
294 3007 431 3058 notamus
453 2998 679 3074 disputationem
705 2997 761 3079 „de
783 2999 890 3057 rubore
904 2996 1007 3057 Lunae
1022 2995 1223 3072 deficientis&
1249 2999 1398 3061 moriam
1417 2999 1495 3077 pud·

153 3086 279 3160 latium,
302 3086 421 3145 modum
444 3085 621 3145 observandi
644 3084 827 3145 delectaret
849 3084 1105 3145 dtameuosSotts
1129 3094 1159 3146 at
1180 3085 1312 3162 Lunae,
1343 3090 1495 3148 indru-

154 3182 216 3234 tunt
239 3177 268 3232 in
292 3173 368 3232 buno
392 3191 477 3234 usum
499 3191 518 3232 a
539 3172 668 3250 Keplero
691 3174 844 3232 inventum
866 3180 922 3232 eto.

260 3261 363 3320 Lunae
386 3261 530 3320 tbeoriam
552 3261 709 3337 plurimum
732 3263 861 3337 agitatae
876 3257 1038 3336 Keplernm
1059 3261 1182 3337 saepius
1206 3259 1360 3338 disimna;
1382 3260 1495 3339 μὴ

154 3348 264 3409 studiis
285 3366 337 3425 per
359 3347 478 3424 longam
494 3365 636 3407 annorum
650 3349 755 3407 seriem
769 3347 901 3424 protaoit,
925 3347 1073 3421 oongessit
1087 3349 1118 3405 ln
1135 3345 1228 3422 libre,
1254 3367 1347 3426 quem
1370 3349 1409 3410 ad
1425 3348 1496 3409 eb

155 3435 225 3496 dunt
253 3453 288 3496 ex
316 3445 399 3512 parte
428 3443 632 3511 praeparatum
658 3452 756 3511 neque
782 3451 853 3496 varo
882 3432 1050 3494 absolutum
1081 3433 1220 3511 reliquit,
1253 3455 1346 3513 qua·
1374 3436 1496 3512 νεῖμ’

155 3520 465 3600 ,Ηὶρραῐοὴυω“.
511 3522 608 3582 Multa
630 3525 719 3585 stiam
742 3523 848 3598 partim
878 3537 958 3582 nova
984 3522 1142 3597 partimin
1166 3521 1284 3584 melius
1306 3543 1395 3586 versa
1413 3523 1497 3599 ispe

152 3611 313 3672 bendimus
343 3613 373 3668 in
399 3611 670 3689 „Astronomia
698 3609 831 3669 Lunari
857 3608 906 3669 vel
930 3607 1141 3681 ‚,Somnio“‚
1174 3627 1269 3685 quem
1302 3611 1412 3673 libre·
1436 3610 1495 3669 iia

152 3698 324 3758 {rudovicus
347 3697 439 3758 edidit
470 3706 538 3773 post
561 3697 673 3757 obitum
703 3698 805 3773 patris.
853 3693 984 3771 Uterque
1012 3694 1085 3754 liber
1113 3696 1368 3772 supplementum
1395 3698 1496 3775 opita

152 3785 257 3866 (partis
279 3783 437 3855 secundae)
460 3783 614 3844 habendus
636 3792 696 3858 est,
727 3785 858 3843 innixum
883 3783 1137 3860 speculationibus
1167 3783 1310 3862 pbysio’aa
1334 3800 1365 3847 et
1385 3800 1496 3846 astron·¹

151 3876 245 3945 minis,
271 3872 430 3947 interjectis
455 3872 636 3948 temporibus
662 3873 765 3947 captis.
804 3870 889 3930 Prior
912 3878 1008 3929 exstat
1029 3871 1059 3927 in
1084 3879 1187 3929 nostra
1214 3872 1356 3934 editioaa
1380 3873 1436 3933 val.
1454 3867 1495 3929 ut

152 3978 182 4037 p.
206 3962 393 4032 bol-iii,
425 3976 491 4018 eum
522 3959 589 4018 aliis
613 3959 649 4019 da
679 3958 782 4018 eadem
805 3975 835 4018 rs
857 3956 979 4030 studiis,
1009 3974 1046 4016 ex
1076 3955 1236 4018 oodieibus
1267 3959 1495 4022 Pnlborieasii·

152 4046 308 4118 desumus,
338 4048 483 4121 posterior
510 4047 594 4105 initio
622 4045 783 4106 voluminis
805 4044 895 4121 bujns
920 4046 1021 4103 oetari
1044 4049 1083 4116 (p.
1107 4048 1264 4119 27-123).
1322 4049 1495 4111 asmat-

152 4134 194 4193 ibi
217 4132 461 4208 deprehendimus
484 4132 685 4210 Tyebnnieam
707 4132 851 4193 theoriam
873 4131 1019 4203 lunarem,
1043 4148 1152 4191 ausas
1175 4132 1378 4210 Tyolaonieae
1400 4136 1495 4199 .ιυί-

25 4254 29 4259 -
152 4218 260 4278 tionis“
285 4222 487 4294 investigatae,
511 4237 619 4280 novom
642 4220 793 4296 adipsiurn
815 4219 974 4293 theoriam,
997 4235 1086 4295 qnam
1109 4222 1495 4301 usmumrtxepbrar'·

153 4305 332 4367 Tabularum
356 4305 611 4383 Rudolpbinarnm
634 4306 888 4368 introductionem.

258 4393 315 4452 His
339 4411 415 4467 quae
439 4393 475 4452 de
498 4392 636 4470 Optiea
657 4394 778 4471 Kepleri
802 4392 954 4453 retulimus
977 4390 1170 4468 adjungenda
1191 4406 1269 4456 eunt
1292 4415 1347 4471 aa,
1377 4414 1445 4474 qaae
1462 4395 1495 4449 b·

152 4485 241 4538 vento
269 4480 343 4539 tubo
370 4482 467 4556 optteo
498 4479 644 4557 Keplerns
674 4482 848 4558 suscripsit
877 4488 906 4541 et
931 4481 1098 4555 eonaoripta
1126 4480 1226 4541 edidit
1264 4485 1356 4545 titulo
1382 4484 1495 4557 insu*

150 4564 371 4641 Dioptriee.
416 4567 484 4641 Ipse
506 4568 626 4643 quidem
640 4568 788 4646 Keplerua
808 4570 871 4629 suis
894 4568 987 4643 ipsius
1008 4567 1281 4632 observationibus
1304 4573 1378 4633 niidl
1399 4570 1458 4631 aeri
1472 4570 1494 4623 ἰ

150 4652 236 4712 eoelo
260 4653 383 4724 deterit,
406 4656 502 4728 priore
525 4662 655 4733 tempore
678 4658 871 4716 instrumento
894 4654 945 4712 illo
968 4652 1143 4728 destitutus,
1175 4668 1307 4733 postea,
1331 4679 1397 4720 aa·
1414 4664 1494 4717 aad!

149 4747 229 4798 esset
251 4740 353 4797 tubum
368 4743 513 4816 optinum,
537 4744 760 4804 observationes
783 4750 896 4803 tantan
910 4739 1040 4801 Galileei
1063 4746 1249 4806 anctoritate
1264 4765 1325 4806 sna
1338 4748 1494 4809 enm

256 4823 364 4887 Modus
385 4828 522 4889 mouendi
538 4831 736 4908 retractiom
755 4833 812 4909 qni
827 4831 857 4891 in
871 4827 991 4893 exordio
1006 4828 1182 4909 Dioptrioaa
1202 4838 1392 4917 promitur,
1410 4829 1495 4895 tut·
