3308 5534
151 430 217 500 996
666 425 862 485 suumne
879 424 1000 497 neum.

150 609 257 670 Mortis
279 607 346 684 est).
392 607 444 666 list
467 614 565 667 sutem
588 622 670 666 emor
694 607 766 681 reri,
788 603 912 684 pulchri,
935 603 1060 680 bonesti,
1084 603 1196 678 landis,
1219 603 1342 681 gloriae
1361 608 1499 667 namin

150 706 213 757 tum
236 704 266 757 et
288 696 354 754 linis
376 693 465 769 hujus
488 692 668 770 cupiditatis.
700 694 792 755 Porro
815 711 852 753 ax
872 691 926 752 ills
947 693 1108 769 cupiditate
1130 692 1194 753 boc
1216 695 1377 770 seqnitur,
1398 698 1501 772 παρ’·

150 783 265 861 aliquid
286 781 397 842 incidat
421 781 584 855 dicendum,
613 798 702 858 qnam
724 780 865 858 perpendi
887 783 981 856 possit
1003 798 1092 858 quem
1115 781 1234 841 bonurn
1259 783 1313 842 sit.
1360 781 1435 841 true
1451 782 1500 841 tri

150 871 297 931 lueinatnr
319 876 460 946 perpetuo
483 870 513 927 in
535 885 679 942 sermone,
702 868 770 929 binc
791 886 829 929 ne
852 866 971 944 qnidam
985 868 1144 945 epistolam
1161 867 1243 928 bens
1259 870 1372 929 scribit
1392 887 1427 930 ex
1443 880 1501 929 tn·

149 975 230 1036 pore.
276 955 396 1016 Modica
427 973 498 1016 vero
522 958 702 1016 correctione
725 955 873 1030 adbibita,
903 957 1001 1015 omnia
1022 954 1097 1015 iinnt
1118 957 1252 1032 optima.
1302 955 1389 1017 Bene
1408 957 1501 1033 nib

150 1044 280 1122 loquitur
303 1052 332 1104 et
355 1044 430 1103 bene
453 1043 566 1118 scribit,
599 1042 741 1119 qnsmdlu
770 1041 844 1101 nibil
875 1045 981 1118 premit
1001 1041 1168 1119 nisiqnod
1191 1042 1434 1119 praemeditat-
1449 1042 1501 1104 sb

148 1133 253 1193 inernt.
299 1131 358 1190 Sed
388 1131 534 1206 loquenti,
566 1130 704 1190 scribenti
741 1136 884 1206 perpetua
912 1131 1076 1190 intercurrit
1105 1131 1258 1207 cogitatio
1291 1129 1333 1191 da
1364 1133 1445 1191 nos'n
1466 1129 1501 1191 vd

150 1220 250 1280 serbis
272 1218 321 1278 rel
343 1219 431 1277 rebus
454 1218 502 1277 rel
524 1216 620 1277 modis
642 1216 785 1293 loquendi
813 1225 866 1278 aut
887 1217 1121 1294 argumentandi,
1146 1216 1199 1277 vel
1223 1216 1266 1278 de
1289 1235 1376 1279 nero
1396 1218 1502 1295 effi

151 1307 198 1367 rel
221 1306 257 1367 de
280 1305 429 1365 reticendo
452 1304 504 1363 iilo
527 1304 621 1381 ipso,
640 1303 719 1380 quod
742 1303 880 1380 loquitur.
926 1304 1101 1380 Imaginatio
1125 1311 1159 1364 et
1182 1308 1415 1368 reminiscentia
1438 1308 1501 1365 ὴ

151 1411 187 1454 ex
210 1393 271 1453 elio
295 1410 360 1453 esse
384 1391 501 1451 ridetur
522 1387 598 1472 αφ)
614 1399 645 1450 et
667 1391 844 1453 ascendente
867 1407 935 1452 cnm
955 1391 1049 1453 stellis
1072 1391 1226 1468 plurimis,
1251 1409 1327 1454 cnm
1349 1402 1502 1455 mn·

151 1484 254 1552 moris,
278 1481 375 1556 qualis
399 1482 427 1536 in
452 1479 526 1552 aliis,
550 1496 701 1555 rrunqnam
723 1480 780 1538 init
801 1479 889 1553 bons,
913 1478 942 1538 ir.
958 1495 984 1542 e.
999 1495 1077 1555 qnae
1091 1481 1216 1556 species
1238 1497 1282 1541 ex
1296 1481 1366 1542 sola
1380 1480 1501 1541 affl·-

140 1576 203 1628 ·aut
225 1568 352 1627 lectione
375 1570 521 1627 retineret.
555 1565 684 1625 'l'antnm
708 1567 785 1626 enim
806 1566 924 1626 illorum
947 1575 976 1626 et
998 1568 1144 1642 tantisper
1168 1571 1324 1643 meminit,
1347 1568 1417 1629 dn
1433 1584 1500 1629 n

119 1662 125 1673 “
149 1657 233 1733 prius
255 1662 358 1713 notum
381 1654 501 1712 alterins
524 1653 695 1712 recordandi
719 1669 810 1713 causa
833 1662 878 1713 est
899 1660 929 1713 et
950 1670 1015 1713 cum
1045 1653 1097 1715 ilio
1119 1653 1282 1716 cohaeret.
1329 1654 1416 1717 Haec
1433 1670 1501 1717 u

150 1749 196 1802 est
220 1741 410 1819 plurimarum
434 1740 652 1816 parenthesium
676 1744 705 1798 in
727 1757 870 1814 sermone,
895 1739 963 1800 dnm
987 1742 1099 1814 omnis,
1131 1759 1218 1817 quae
1249 1745 1313 1820 ipsi
1344 1744 1429 1803 simnl
1446 1744 1500 1803 ἸΙ-

149 1829 239 1902 dunt,
273 1838 391 1905 propter
419 1828 606 1887 fortissimam
640 1830 867 1887 commotionem
899 1831 1028 1887 omnium
1061 1831 1271 1903 cogitaturum
1302 1831 1500 1908 species-‘a

149 1918 298 1988 memorie,
322 1919 364 1975 sic
388 1918 475 1974 etiam
499 1915 598 1974 ciierrc
623 1913 770 1991 loquendo
793 1917 883 1991 cupit.
914 1915 957 1973 lix
981 1931 1017 1975 eo
1040 1915 1182 1976 taediosa
1205 1927 1263 1976 ant
1287 1928 1370 1979 certe
1390 1917 1500 1997 qu

150 2011 179 2065 et
201 2006 298 2063 minus
320 2002 516 2079 intelligibilis
539 2002 662 2061 eifieitur
684 2003 750 2078 ejus
772 2004 875 2063 aretio.
918 2000 1088 2063 Notandum
1110 2014 1234 2077 sutem,
1260 2023 1358 2083 snpra
1379 2009 1431 2067 etri
1447 2004 1498 2065 Ε

149 2108 214 2150 asse
237 2090 427 2166 cupiditatem
451 2090 526 2148 benc
550 2093 649 2149 vivam
671 2091 700 2146 in
724 2091 821 2150 otiose
844 2091 919 2162 vita,
950 2106 1006 2147 non
1031 2098 1130 2150 temen
1159 2094 1331 2154 uerisimile
1354 2096 1499 2155 eratin

148 2180 183 2237 iri
206 2180 236 2235 in
258 2180 423 2254 negotiosa.
470 2177 545 2235 Nem
570 2194 606 2236 ne
621 2179 664 2236 sie
687 2176 814 2252 quidem,
838 2179 973 2253 quamvis
995 2186 1141 2253 perpetuo
1167 2183 1430 2256 occupatissimus
1447 2182 1499 2241 ὼ·

150 2267 224 2325 tinet
247 2283 265 2323 a
289 2265 500 2342 cupiditatibus
523 2266 601 2337 suis,
625 2266 695 2341 quin
719 2266 818 2340 potius
840 2267 951 2324 emisse
977 2263 1213 2325 honestissimae
1236 2269 1404 2328 functionis
1420 2282 1499 2329 αα·

148 2355 227 2413 saris
250 2369 321 2410 eura
343 2369 379 2412 eo
402 2353 473 2422 abit,
497 2368 556 2427 quo
578 2352 669 2410 iertur
692 2353 783 2426 ipsine
806 2353 929 2423 animus,
954 2359 986 2409 ut
1007 2352 1277 2429 reprehensionem
1302 2373 1364 2415 non
1379 2357 1498 2433 elapsu

148 2441 204 2498 nisi
238 2447 354 2517 promta
385 2437 550 2499 eruditione
586 2446 813 2516 extemporanea
846 2439 1028 2498 satisfaceret
1069 2448 1227 2517 utcunque
1264 2441 1411 2504 teneriori
1438 2458 1497 2503 ιιι

149 2525 287 2588 Summa:
316 2527 372 2587 etsi
394 2526 537 2585 functioni
562 2525 713 2601 invigilat,
744 2525 777 2583 iit
798 2525 855 2585 boc
878 2532 972 2585 temon
996 2543 1063 2584 cnm
1088 2525 1149 2586 illis
1175 2529 1418 2606 impedimentis,
1442 2544 1497 2605 pt

150 2613 221 2673 dixi.
265 2614 423 2689 Nunquam
453 2616 530 2671 enim
560 2615 616 2689 ipsi
640 2611 723 2672 deest
744 2613 869 2672 materis
896 2611 1064 2691 cupiditati,
1094 2613 1215 2688 ardori,
1249 2619 1406 2679 scrutandi
1424 2616 1497 2678 ab

150 2700 291 2761 difficilia.
339 2701 375 2759 lit
398 2700 491 2759 millia
513 2700 601 2759 simul
624 2698 773 2769 incidunt,
805 2700 913 2776 qnibns
942 2699 1145 2776 explicandis,
1180 2719 1252 2763 curn
1284 2716 1417 2786 tempore
1437 2702 1496 2763 aab

151 2790 348 2848 circumscribi
372 2789 475 2864 possit,
501 2789 595 2863 magis
619 2785 776 2863 impeditur
798 2803 868 2847 curs
890 2788 919 2844 in
941 2787 1039 2846 cilicio
1061 2805 1155 2863 quam
1181 2792 1316 2855 incuria.
1355 2795 1392 2854 Et
1410 2792 1495 2853 aad

150 2876 210 2936 iore
232 2878 328 2954 ipsum
352 2877 381 2932 in
405 2875 539 2933 militiam
562 2873 723 2944 intulisset,
754 2874 838 2933 tortis
866 2877 984 2933 omnino
1011 2875 1132 2934 inisset:
1165 2877 1259 2938 adest
1290 2884 1351 2953 ira,
1382 2880 1495 2941 trid

152 2962 224 3037 doli,
249 2963 417 3036 vigilantis,
441 2960 570 3021 assultus
593 2962 752 3038 repentini,
776 2978 830 3021 nec
850 2961 974 3021 tortasse
997 2961 1114 3021 deesset
1137 2964 1277 3026 ielieitas
1279 3011 1393 3031 .....
1431 2964 1495 3043 (ipi-

150 3067 231 3109 mum
253 3057 307 3123 est,
331 3051 382 3110 ubi
403 3049 536 3125 Juugitur
568 3048 711 3107 industria
733 3049 863 3124 iugenio.
907 3049 944 3107 lit
966 3048 1014 3108 bic
1036 3052 1148 3126 optime
1181 3052 1303 3114 babent
1326 3059 1434 3125 omnis,
1455 3052 1494 3111 Ε

149 3136 255 3196 Martis
278 3135 378 3195 radius
401 3136 562 3213 quadratus
586 3134 666 3194 illum
689 3136 809 3194 nimiam
824 3142 915 3212 suget
927 3139 1186 3214 praecipitantium
1203 3150 1235 3199 ct
1252 3143 1412 3203 muitarum
1424 3154 1493 3201 rs·

150 3225 216 3283 ince
239 3226 377 3283 tionem.“
405 3256 444 3267 -

219 3243 327 3370 pJarn
350 3312 500 3370 recensitis
525 3309 753 3389 „adversariis“,
777 3325 852 3384 qnos
875 3308 980 3368 habuit
1003 3309 1209 3388 lidelbergse,
1240 3315 1432 3396 Mnlpronae,
1448 3314 1492 3375 dr·

151 3397 260 3473 bingae
283 3407 313 3457 et
337 3398 433 3456 Grotii
456 3400 567 3473 pergit:
595 3396 713 3470 „Habet
736 3396 824 3455 bomo
847 3398 902 3456 iste
925 3406 1058 3456 natursm
1083 3399 1287 3479 undiqueque
1303 3408 1446 3477 ennium
1460 3410 1492 3461 Ι

152 3487 245 3544 instar
268 3485 366 3544 catelli
390 3485 542 3543 domestici
568 3483 695 3543 deiieati.
742 3483 855 3561 Corpus
878 3492 923 3544 est
944 3483 1032 3560 egila,
1055 3485 1185 3559 aridum,
1210 3491 1292 3551 bene
1316 3494 1491 3571 properti·-

152 3580 224 3632 tnm.
261 3573 365 3632 Victus
389 3574 491 3646 ntique
515 3570 786 3643 idem,'delcctstur
807 3570 944 3630 rodendis
966 3574 1092 3642 ossibus,
1117 3573 1203 3634 duris
1227 3581 1321 3655 panis
1342 3580 1445 3647 cruda
1460 3588 1490 3635 rs

150 3677 242 3721 vorax
258 3662 321 3719 sino
339 3659 449 3732 ordine,
474 3668 505 3718 ut
521 3658 717 3734 quodcunque
734 3658 906 3718 obversetur
924 3657 1018 3718 oculis
1032 3660 1177 3738 arripint;
1202 3682 1314 3743 parurn
1330 3676 1423 3745 potet,
1439 3678 1489 3723 en·

152 3755 250 3808 tentus
274 3755 318 3806 est
342 3746 500 3807 vilissimis.
531 3745 630 3805 liores
653 3745 804 3804 simillimi.
834 3746 1041 3823 Superioribus
1062 3742 1110 3828 (ut
1134 3754 1221 3809 cenis
1246 3753 1424 3825 comesses)
1440 3764 1487 3829 po

150 3842 241 3912 petuo
264 3852 328 3895 ecee
351 3835 517 3905 insimulat,
543 3851 579 3892 ex
602 3830 669 3891 aliis
691 3832 800 3911 pendet
822 3850 873 3912 per
896 3836 1001 3904 omnis,
1025 3833 1084 3893 illis
1100 3837 1271 3913 ministrat,
1297 3842 1358 3901 illis
1377 3857 1430 3901 nas
1445 3840 1486 3895 h·

149 3925 249 3993 seitnr,
273 3925 299 3979 si
322 3921 567 3998 reprehendetur,
592 3922 670 3978 omni
693 3919 781 3980 modo
804 3919 903 3979 studet
925 3920 1018 3980 redire
1041 3923 1070 3979 in
1094 3927 1237 3998 graiium.
1286 3928 1345 3988 Per
1365 3946 1397 3988 ss
1414 3924 1485 3987 d

85 4025 89 4033 ·
150 4010 271 4067 rimatur
295 4011 323 4065 in
347 4008 525 4085 disciplinis,
557 4009 585 4063 in
609 4007 731 4083 politia,
754 4008 784 4064 in
806 4024 838 4067 re
860 4006 1035 4079 domestica,
1059 4017 1089 4068 et
1112 4011 1284 4073 vilissimas
1307 4032 1418 4094 opens.
1451 4010 1484 4069 i!

146 4095 177 4153 in
201 4103 343 4171 perpetuo
366 4114 452 4155 cursu
477 4104 506 4155 et
529 4093 677 4170 quoslibet
705 4093 850 4168 quidlibet
881 4105 1001 4170 egentes
1024 4105 1216 4158 consectatur
1248 4102 1331 4162 idem
1351 4098 1483 4179 aguils

149 4182 352 4257 excogitando.
397 4184 449 4241 Est
472 4184 626 4259 impatiens
651 4183 883 4240 corrnersationis
906 4192 935 4241 et
958 4182 1058 4242 crebro
1087 4185 1117 4240 in
1141 4187 1237 4246 aedes
1263 4195 1483 4251 sensim·

148 4285 234 4327 secus
257 4269 367 4328 saintet
390 4287 425 4329 ee
448 4272 538 4329 cenis.
570 4266 627 4328 Ubi
651 4271 717 4343 quis
740 4271 767 4328 ei
791 4270 941 4327 minimum
964 4270 1048 4346 eripit
1069 4284 1248 4347 murmurat,
1274 4278 1359 4338 ardet
1379 4274 1481 4335 st&

148 4354 201 4413 liet
225 4364 320 4427 senex,
345 4359 503 4415 insectator
526 4356 838 4433 quorumlibetprave
861 4359 1020 4433 agentium,
1043 4356 1132 4417 latrat
1155 4361 1288 4422 scilieet.
1328 4366 1481 4425 Erret*

147 4439 221 4500 dax:
246 4441 367 4502 dicteria
390 4446 551 4520 pungentia
573 4443 664 4502 babet
687 4445 717 4501 in
739 4450 865 4520 promtu.
896 4444 1033 4503 Plurimis
1056 4446 1148 4521 igitur
1170 4464 1286 4509 exosus
1309 4464 1354 4511 eat
1367 4462 1395 4513 ct
1412 4444 1480 4508 ri'·

147 4530 274 4600 vitetur,
298 4529 349 4589 sed
372 4534 537 4607 superiores
561 4546 660 4589 cerum
683 4531 807 4604 habent,
834 4546 894 4590 non
917 4548 1002 4591 recns
1024 4548 1059 4591 ec
1083 4531 1244 4595 domestici
1269 4540 1378 4600 musra
1396 4546 1477 4597 a·

145 4613 255 4674 Horret
277 4615 392 4689 belnae,
417 4621 581 4690 tinctiones,
605 4617 733 4677 lotiones
756 4625 788 4678 ut
811 4620 903 4678 canis.
949 4619 1083 4680 Summa:
1107 4623 1135 4680 ei
1162 4624 1290 4687 inirsula
1304 4620 1477 4688 tamesin·

147 4709 192 4760 est
216 4721 234 4760 a
256 4703 401 4775 quadrato
426 4704 561 4764 Mercurii
586 4713 615 4764 et
639 4704 753 4778 Martis,
776 4705 863 4765 lanne
884 4707 914 4763 in
937 4705 1083 4781 triangulo
1107 4707 1225 4773 lisura

260 4788 411 4849 Hactenus
434 4793 493 4852 lere
517 4791 553 4853 de
577 4794 752 4863 temeritate,
774 4791 912 4865 audacia,
935 4795 985 4866 irs,
1009 4792 1174 4871 eupiditate
1197 4798 1301 4875 deone
1323 4805 1371 4871 iis,
1390 4802 1474 4876 Ν

147 4890 223 4950 quse
247 4877 459 4957 utplurimum
488 4878 565 4942 solet
592 4879 775 4961 reprebendi.
821 4879 987 4942 Dicendum
1011 4880 1075 4959 jum
1103 4892 1151 4945 eat
1182 4884 1220 4947 de
1244 4889 1284 4951 iia
1310 4886 1471 4951 nsaw

1529 3700 1532 3777 i
