3322 5534
394 446 397 451 .
520 402 555 459 11„
572 401 711 460 notaria
728 407 756 460 et
773 400 953 487 Philologieo.
1229 487 1237 500 ·
1353 400 1418 473 219

60 582 232 656 rationibus,
255 599 334 659 qnae
356 582 540 658 responsioni
561 581 741 656 sufficereut,
765 599 926 659 ponamus,
949 598 1018 642 eum
1039 582 1130 643 laima
1150 580 1330 658 jubilaeum,
1352 600 1419 644 oum
1510 620 1517 641 .

59 672 226 748 Bantinguo
246 689 275 732 a„
301 676 387 732 3360
410 670 511 729 mundi
533 669 740 731 sabbathioum
762 678 862 747 ponat

349 770 420 827 3360
438 769 657 827 -tuo=2870

320 789 348 948 (
583 837 763 909 amassiae
784 796 1154 964 ‘²⁵⁷⁶'⁴⁹²{llll

61 1001 233 1063 Differentiae
262 1007 309 1061 est
337 1017 480 1062 annorum
509 1008 549 1063 22
574 1009 625 1061 aut
656 1007 706 1063 27.
758 999 939 1061 Accederant
966 1004 1050 1061 annia
1081 1003 1144 1062 too
1173 1003 1241 1060 anni
1273 1008 1313 1062 22
1345 1002 1421 1062 inter

61 1090 238 1162 Simeonem,
262 1087 307 1147 Eli
333 1097 362 1149 et
385 1086 540 1162 Davidem,
564 1092 623 1148 imo
647 1091 720 1148 inter
743 1088 829 1147 linem
852 1091 1002 1148 servitutis
1017 1088 1198 1149 Pliilietaaaa
1222 1096 1251 1149 et
1274 1089 1421 1151 Davidem

60 1195 173 1253 ngenn3
196 1186 289 1237 antea
311 1184 395 1235 erent
418 1181 469 1249 26,
489 1176 552 1252 jam
576 1182 625 1237 48.
649 1175 814 1236 Mittamuo.
859 1174 935 1252 Quin
961 1179 1059 1252 potius
1083 1174 1221 1250 dicamne,
1246 1176 1326 1252 quod
1350 1176 1420 1237 olim

61 1264 125 1343 tin,
148 1276 206 1324 aut
224 1264 288 1341 jam
311 1265 372 1322 aia:
396 1261 561 1324 admonitos
583 1280 661 1323 anno
683 1264 857 1323 sabbatliioo
881 1262 1044 1323 celebrasse
1055 1262 1232 1340 jubilaeum.
1264 1260 1326 1340 Ipsi
1343 1267 1421 1324 anim

61 1370 111 1413 noa
134 1360 278 1429 poterant
301 1353 373 1410 inira
396 1368 538 1410 aunimam
561 1368 714 1424 annorum,
738 1350 817 1427 quod
840 1353 1005 1427 potuissent
1028 1349 1181 1425 facillime,
1209 1353 1234 1410 ai
1259 1353 1421 1413 tenuissent

61 1442 202 1500 rationem
222 1438 358 1515 jubilaei.
393 1439 466 1507 ¹Aut
488 1441 546 1497 aie:
566 1438 692 1515 juranum
716 1447 806 1498 uteo
829 1456 907 1498 anno
931 1436 1055 1515 quilibet
1078 1456 1114 1499 ex
1136 1441 1229 1498 norvia
1253 1456 1321 1515 oon,
1346 1457 1420 1517 quon

63 1532 249 1605 immanium
272 1535 334 1584 tum
356 1534 499 1600 tenuerat,
523 1529 748 1586 manumitteret.

161 1613 234 1675 Hoc
255 1611 414 1674 Maentlino
431 1614 547 1690 objicio.
578 1613 710 1690 Hoplmi,
733 1612 861 1673 Phineas
884 1622 914 1671 et
929 1620 1011 1689 palor
1033 1611 1078 1671 Eli
1094 1614 1200 1672 mortui
1223 1620 1291 1673 aunt
1312 1630 1419 1674 secun·

63 1701 124 1763 olam
148 1721 198 1764 ma
223 1718 301 1761 enno
326 1707 398 1774 391,
421 1699 494 1759 Saul
518 1702 633 1761 oooiaua
656 1718 734 1761 anno
760 1707 838 1761 437:
867 1700 927 1759 dili.
952 1707 1003 1760 46.
1049 1699 1120 1759 Esto
1145 1709 1176 1758 ut
1199 1702 1284 1760 annia
1308 1702 1326 1760 6
1350 1711 1419 1762 ante

62 1798 182 1850 nortem
205 1788 290 1849 Senll
313 1786 465 1848 Jonathan
488 1788 575 1848 luerit
597 1790 873 1849 excommunicatae.
899 1788 941 1864 (l.
964 1787 1043 1846 Sam.
1071 1789 1153 1862 14.);
1182 1790 1256 1847 vixit
1279 1789 1368 1864 igitur
1390 1791 1419 1848 in

61 1878 227 1939 aoerdooio
250 1877 329 1935 Anto
359 1876 483 1953 ejusque
513 1876 593 1935 fratri
618 1874 808 1937 Abimeleaho
837 1883 924 1935 natun
954 1874 1106 1950 matjam
1137 1874 1295 1948 Abiatluur,
1326 1893 1421 1937 anno·

61 1974 143 2027 nme
169 1982 198 2025 e.
225 1970 276 2025 16.
312 1960 419 2039 ltaque
440 1970 586 2022 mortuum
609 1961 688 2022 huno
709 1969 825 2039 oportet
842 1960 1013 2022 nuimoleeu
1037 1963 1337 2023 excommunicatione
1353 1963 1419 2036 Del,

62 2052 135 2130 qaod
160 2051 254 2128 liajno
281 2051 382 2127 stirpis
410 2067 495 2109 nemo
527 2053 565 2111 ait
595 2049 633 2111 ad
657 2058 801 2111 mouturam
831 2058 959 2110 aetatem
990 2064 1140 2109 venturae.
1186 2050 1265 2109 Abia
1287 2068 1358 2110 nero
1381 2053 1420 2110 ait

60 2158 202 2201 annornm
227 2157 253 2199 o.
278 2143 338 2211 25,
371 2145 402 2196 ut
426 2139 624 2214 quinquennio
647 2148 715 2197 ante
738 2146 860 2198 montom
883 2137 975 2213 patria
998 2139 1037 2196 ait
1059 2145 1155 2200 natus.
1200 2136 1284 2197 Haec
1307 2154 1419 2198 conve·

61 2231 151 2287 niuno
199 2227 243 2285 At
264 2242 323 2284 non
346 2228 390 2286 aia
412 2224 580 2284 Maeetlino.
617 2224 648 2284 Ia
671 2224 762 2285 habet
784 2243 802 2285 a
826 2235 918 2284 morte
942 2224 987 2282 Eli
1011 2225 1136 2301 primum
1159 2241 1253 2283 annon
1277 2231 1328 2297 20,
1352 2224 1421 2285 inde

60 2317 94 2375 ii
117 2312 161 2374 atl
183 2312 355 2375 Salomoni·
377 2315 494 2372 tertium
517 2328 635 2384 antium,
658 2330 772 2372 summa
788 2318 840 2374 82.
879 2311 972 2372 Deme
989 2317 1007 2371 3
1024 2310 1202 2385 Salomonis,
1226 2319 1266 2373 40
1284 2311 1419 2386 Davidio,

58 2409 169 2463 mant
191 2407 236 2462 39
259 2401 299 2460 ab
321 2417 444 2461 exonam
467 2397 512 2458 llll
544 2399 581 2459 ad
608 2416 761 2460 axeemum
784 2398 891 2460 Saulis.
935 2397 1047 2459 Eadem
1069 2414 1161 2459 musa
1189 2407 1234 2459 eat
1256 2402 1418 2475 utriunque.

58 2489 129 2550 llam
151 2491 181 2548 ei
204 2496 322 2565 lempna
345 2489 448 2547 initum
472 2488 561 2546 breve
582 2488 712 2547 tatarum
729 2493 784 2560 eat,
807 2486 952 2561 fugiemus
974 2484 1013 2546 ad
1034 2486 1074 2561 io,
1099 2485 1178 2564 quod
1202 2483 1327 2548 Aehllab
1351 2495 1420 2550 ante

57 2593 211 2639 mum
235 2574 282 2635 tiit
304 2584 393 2635 natue
422 2583 468 2636 eat
489 2582 717 2651 quantocunque
740 2582 881 2650 tompore.

157 2667 239 2722 Haeo
251 2665 377 2734 aequitat
389 2664 483 2720 mbule
494 2663 694 2733 chronologica,
713 2679 794 2734 qnam
807 2664 932 2733 adjunxit
944 2663 1080 2736 Kepleraa
1092 2662 1171 2727 libro,
1184 2664 1316 2735 inaeripto
1330 2665 1420 2722 Oano-

58 2747 244 2804 aarum
262 2744 328 2813 (nol.
343 2742 389 2799 lv.
406 2761 433 2814 p.
445 2743 516 2812 49³),
534 2753 562 2798 et
579 2744 730 2801 tentamina
747 2743 924 2813 comparandi
942 2760 1069 2801 numeros
1087 2744 1140 2802 350
1152 2752 1180 2800 at
1192 2744 1252 2813 480,
1271 2760 1343 2814 quiae
1360 2745 1422 2803 tinio

56 2825 227 2882 mumma:
246 2823 312 2880 Hoc
327 2823 508 2893 inanimam
524 2823 730 2880 incertitudinis
746 2823 868 2894 aequori
984 2884 986 2889 ,
