3308 5534
633 420 655 479 1.
673 420 876 481 Mathematiea.

670 608 783 700 Caput
812 603 845 679 2.

136 746 193 807 Do
215 748 378 819 Sublacio
399 745 659 805 mathematicas
681 744 826 818 ejuaque
849 740 1062 821 ἐξαφαιρεσεως
1084 745 1364 806 confirmatione.

179 867 245 929 Etsi
267 871 297 927 in
312 865 556 947 praecedentibus
569 866 642 924 satis
657 864 749 925 multa
772 863 809 925 de
832 864 968 940 subiecto
991 864 1078 939 hujus
1101 866 1242 924 scientiae
1265 864 1344 926 dicta
1365 872 1435 926 suut

71 956 101 1015 lu
125 972 248 1031 genere,
271 964 370 1016 tamen
392 971 439 1014 res
460 956 525 1029 ipsa
547 954 677 1027 requirit,
699 959 733 1010 ut
748 952 796 1011 ltic
811 952 970 1027 objectioni
985 951 1073 1011 alicui
1089 952 1326 1029 respondeamus.
1361 953 1434 1013 Dic-

70 1052 135 1102 tum
158 1044 241 1103 enim
264 1049 309 1103 est
332 1058 430 1120 snpra,
454 1040 679 1101 mathematicos
698 1040 812 1116 jactare
827 1039 993 1115 subjectum
1008 1038 1182 1112 universale,
1206 1039 1262 1099 hoc
1276 1047 1321 1099 est
1337 1049 1434 1101 aeter-

71 1147 143 1189 num
166 1138 201 1190 et
223 1128 384 1191 immobile.
431 1127 471 1186 at
492 1136 638 1203 quotquot
660 1143 714 1186 nos
736 1128 766 1185 ln
788 1127 875 1186 rebus
897 1129 1078 1203 quantitates
1100 1128 1254 1200 cernimus,
1279 1126 1348 1187 lllae
1371 1131 1434 1187 sin-

72 1216 200 1295 gulatim
232 1220 378 1279 intereunt
406 1232 471 1275 cum
494 1215 595 1288 rebus,
626 1231 696 1291 ergo
724 1214 888 1290 subjectum
916 1214 1004 1274 iactet
1032 1214 1089 1273 sibi
1111 1213 1317 1275 mathematice
1341 1215 1433 1291 allud,

72 1322 163 1383 quam
187 1304 245 1364 ltas
269 1308 298 1364 iu
320 1303 478 1365 sensilibus
500 1302 688 1378 quantitates.
719 1302 837 1377 Eritque
861 1301 993 1361 fictitium
1009 1299 1148 1378 quiddam
1171 1310 1201 1361 et
1220 1304 1432 1379 imaginarium,

75 1394 121 1453 etri
143 1391 222 1452 nibil
246 1395 288 1451 rei
310 1392 421 1464 subsit,
452 1388 615 1466 cujusmodi
643 1392 823 1465 quantitates
853 1388 1053 1449 confinxerunt
1083 1390 1202 1463 quidam
1226 1406 1260 1449 ex
1284 1391 1434 1450 veteribus

74 1479 272 1559 phtloaophls.
319 1476 493 1537 auctorales
515 1493 634 1553 quoquc
656 1476 744 1535 XIII.
769 1476 839 1535 Met.
864 1492 927 1554 cap.
953 1482 980 1538 2.
1004 1477 1117 1553 probat,
1141 1493 1187 1535 res
1210 1476 1432 1538 matbematlcas

73 1566 153 1626 nullo
177 1566 269 1627 modo
292 1583 358 1627 esse
381 1574 532 1644 separatas
547 1583 565 1624 a
580 1564 747 1636 sensilibus,
770 1573 801 1623 et
821 1563 1005 1642 reprehendit
1027 1563 1082 1622 boc
1103 1565 1220 1624 nomine
1236 1572 1357 1639 veteres,
1381 1568 1433 1642 qul

73 1654 147 1714 baec
170 1652 303 1714 absurda
326 1652 535 1713 conduxerunt
583 1653 622 1710 rit
644 1653 695 1728 qui
716 1649 924 1711 mathematica
953 1650 1054 1710 dicunt
1077 1660 1196 1711 aeterna
1218 1660 1248 1711 et
1270 1652 1433 1712 immobilia

73 1758 137 1803 crac
159 1750 192 1801 et
215 1740 298 1814 talia,
322 1740 358 1801 da
381 1740 488 1818 quibus
512 1738 692 1799 universales
707 1740 885 1798 certIssimae
900 1746 928 1798 et
944 1736 1147 1815 dparoarrqwt
1170 1738 1432 1799 demonstrationes

72 1830 173 1888 baberi
198 1830 324 1908 possint,
348 1829 465 1887 omnino
488 1826 596 1903 fingere
619 1826 762 1897 videntur,
786 1825 1006 1885 mathematicas
1021 1842 1068 1884 res
1083 1842 1147 1885 esse
1162 1834 1314 1904 separatas
1329 1846 1348 1887 a
1362 1843 1433 1887 sen-

72 1916 189 1976 silibus.
237 1914 285 1975 Ad
310 1915 386 1975 hanc
409 1913 620 1973 dubitationem
643 1911 799 1990 respondet
813 1913 986 1973 Aristoteles
1009 1912 1111 1972 eodem
1127 1912 1215 1972 XIII.
1231 1913 1302 1974 Met.
1319 1930 1383 1992 cap.
1401 1920 1430 1975 Β.

72 2004 117 2063 bia
141 2003 347 2063 lere·verblsr
370 2018 438 2061 natu
454 2002 530 2060 slcut
544 2001 688 2076 contingit
710 2003 739 2058 lu
761 2000 956 2073 mathematis,
981 2007 1013 2059 ut
1035 2001 1200 2060 universale
1214 2000 1285 2075 quid
1309 1999 1432 2060 demon-

71 2099 181 2151 matur
211 2089 249 2150 de
277 2089 543 2166 magnitudinibus,
575 2089 723 2163 aquIbus
747 2089 859 2146 numeri
883 2090 1013 2165 separati
1034 2104 1092 2146 nou
1120 2096 1204 2160 sunt,
1236 2096 1364 2149 attamen
1388 2091 1432 2149 aie

72 2178 107 2239 da
129 2177 390 2255 magnitudinibus
413 2175 635 2247 demonstretur,
659 2185 692 2234 ut
714 2181 809 2233 mente
830 2175 892 2250 jam
915 2192 1118 2235 removeamus
1140 2184 1303 2253 respectum
1326 2192 1432 2237 nume·

71 2282 188 2337 rorum,
221 2264 325 2324 eodem
353 2262 441 2323 modo
463 2263 590 2322 dubitari
613 2278 672 2320 non
696 2268 807 2339 potest,
837 2264 907 2337 quin
930 2263 992 2322 lieri
1013 2264 1123 2340 possit,
1147 2269 1179 2323 ut
1201 2264 1260 2323 siut
1283 2264 1371 2327 etlam
1394 2262 1432 2324 de

71 2351 233 2412 sensilibus
257 2350 507 2427 magnitudinibus
531 2351 688 2409 enunciata
711 2355 740 2408 et
762 2347 1025 2409 demonstrationes
1049 2349 1179 2425 aliquae,
1204 2368 1262 2409 uon
1285 2361 1431 2429 quatenus

72 2438 209 2509 tenellas,
232 2437 286 2497 aed
309 2446 454 2515 quatenus
475 2438 533 2497 hoc
555 2443 632 2509 sunt,
656 2435 736 2513 quod
759 2435 894 2495 dicuntur
916 2437 998 2515 (putu
1021 2435 1258 2516 magnitudines).

176 2523 434 2601 Quemadmodum
458 2527 534 2585 enim
555 2524 648 2582 multa
663 2522 699 2584 de
714 2523 801 2583 rebus
817 2523 1030 2601 praedicantur,
1054 2532 1200 2600 quatenus
1216 2525 1285 2585 illae
1302 2531 1432 2585 tantum·

73 2611 159 2673 modo
183 2613 329 2687 mobiles,
360 2614 489 2690 seposita
519 2611 700 2688 singulorum
729 2614 874 2671 esseutiae
905 2611 1158 2687 accidentiumque
1189 2611 1431 2688 consideratione,

74 2717 168 2777 neque
193 2698 263 2759 ideo
286 2716 406 2759 necesse
429 2706 482 2772 est,
506 2699 545 2771 id,
567 2697 648 2774 quod
671 2714 743 2757 rece
759 2698 875 2757 mobilis
891 2701 1068 2777 exprimitur,
1091 2710 1258 2777 separatum
1280 2698 1431 2776 quidesse

74 2786 290 2861 utensilibus,
318 2796 372 2847 aut
393 2789 482 2846 statui
505 2794 639 2846 naturam
666 2784 814 2861 quandam
842 2784 1063 2846 determinatam
1086 2788 1116 2844 in
1143 2787 1300 2848 seusiIIbus
1323 2788 1430 2863 inesse,

75 2875 175 2936 rodem
199 2872 289 2954 plane
312 2871 401 2934 modo
424 2876 512 2934 etiam
536 2873 571 2933 de
593 2873 753 2932 mobilibus
776 2871 868 2932 multa
892 2873 949 2933 dici
964 2880 1088 2953 possunt
1110 2881 1139 2933 et
1156 2875 1296 2935 scientiae
1319 2877 1430 2935 consti·

74 2966 121 3033 tul,
143 2978 207 3021 non
231 2969 379 3038 quatenus
402 2960 533 3034 mobilia,
555 2960 609 3021 sed
630 2967 776 3037 quatenus
791 2969 843 3020 aut
858 2978 980 3038 corpora
995 2961 1197 3021 tantummodo
1212 2962 1429 3038 mathematica,

74 3061 120 3109 aut
141 3058 294 3126 quatenus
316 3048 420 3125 plana,
451 3055 502 3108 aut
530 3056 674 3125 quatenus
698 3047 809 3120 liueae,
841 3059 892 3107 aut
915 3057 1059 3125 quatenns
1082 3065 1229 3108 numerus.
1275 3049 1380 3126 Itaque
1403 3053 1428 3109 si

74 3154 172 3197 rerum
198 3136 295 3196 dicere
318 3135 458 3208 telituus,
488 3153 547 3194 non
570 3144 684 3194 tautum
708 3152 758 3207 ea,
788 3152 864 3210 quae
887 3138 1016 3213 separari
1040 3146 1177 3213 possunt,
1208 3138 1352 3208 existunt,
1375 3137 1428 3197 scd

74 3228 159 3285 etlam
184 3241 265 3299 quae
287 3240 346 3282 nott
368 3230 502 3300 possunt,
525 3231 597 3300 puta
619 3230 648 3281 et
670 3221 792 3281 mobilia
814 3230 844 3282 et
866 3224 1072 3283 mathematica
1087 3233 1117 3282 et
1133 3225 1230 3282 omnia
1248 3224 1429 3298 hujusmodi.

73 3312 106 3371 lit
126 3311 221 3389 paulo
244 3318 329 3388 post:
352 3312 382 3368 ln
400 3313 560 3387 geometria
582 3328 647 3370 cum
671 3312 767 3385 agitur
790 3309 825 3369 dc
848 3310 893 3369 bis
916 3312 1013 3385 rebus,
1037 3312 1143 3385 quibua
1165 3311 1280 3384 accidit,
1305 3319 1337 3370 ut
1359 3329 1428 3370 sen·

73 3398 134 3459 tilia
157 3400 229 3471 sint,
254 3400 352 3472 agitur
373 3415 444 3457 vero
468 3397 504 3458 de
528 3400 564 3457 ils
586 3414 644 3456 non
661 3410 693 3456 ut
705 3396 871 3467 sensilibus,
896 3415 932 3458 ex
947 3398 1003 3456 boc
1026 3414 1083 3456 uon
1107 3400 1256 3473 sequitur,
1280 3406 1331 3457 aut
1354 3398 1427 3458 nibil

73 3503 156 3563 agere
179 3484 406 3545 mathematicas
428 3487 565 3544 scientim
588 3485 624 3544 de
647 3485 817 3556 sensilibus,
842 3493 974 3544 autnon
996 3502 1084 3561 agere
1107 3484 1143 3544 de
1165 3485 1322 3545 sensilibus
1344 3504 1429 3545 seor·

73 3578 131 3647 tim,
156 3576 247 3650 quasi
269 3571 330 3630 alia
351 3580 488 3649 separata
509 3575 577 3632 sint.
622 3571 717 3631 Multa
739 3589 866 3648 namque
897 3572 1034 3632 accidunt
1062 3572 1149 3632 rebus
1178 3572 1345 3648 hansmodi
1376 3590 1428 3652 per

73 3678 100 3722 te
119 3664 220 3740 lptas,
253 3666 399 3736 quatenus
422 3658 570 3736 quaelibet
593 3658 694 3719 borum
718 3662 826 3718 existit.
872 3660 958 3720 Aliae
981 3678 1107 3736 namque
1130 3668 1198 3719 sunt
1220 3661 1357 3719 animalis
1380 3661 1428 3721 al·

73 3749 211 3809 lectiones
245 3756 392 3823 quatenus
423 3765 499 3819 mas,
531 3747 607 3807 aliae
638 3755 782 3823 quatenus
812 3747 944 3819 femella,
975 3765 1070 3824 neque
1098 3756 1195 3807 temen
1221 3746 1267 3808 vel
1291 3765 1354 3806 mas
1378 3748 1426 3808 vel

73 3838 177 3897 lamina
199 3842 371 3913 separatum
394 3833 465 3910 quid
488 3842 532 3895 est
554 3836 592 3893 ab
615 3834 802 3895 nulrnallbus.
843 3834 892 3894 Sic
915 3838 1014 3910 itaque
1038 3837 1127 3895 etiam
1150 3836 1237 3895 rebus
1259 3834 1352 3894 multa
1374 3852 1427 3894 ac·

73 3923 177 3995 udum
201 3932 351 3998 quatenus
373 3928 426 3979 aut
448 3921 648 3981 tantummodo
664 3921 779 3997 longae,
803 3931 855 3980 aut
870 3922 1071 3982 tantummodo
1086 3921 1173 3984 latae.
1205 3923 1242 3981 Et
1257 3939 1316 3998 quo
1332 3924 1427 3998 magis

74 4011 104 4072 de
127 4011 279 4090 prioribus
303 4017 333 4067 et
354 4008 581 4085 simplicioribus
604 4011 710 4084 agitur,
734 4009 790 4068 hoc
803 4011 898 4085 major
921 4010 1070 4069 evidentia
1085 4012 1147 4069 erit.
1177 4009 1312 4086 Exempli
1327 4027 1426 4081 causa,

71 4099 233 4179 simplicius
257 4094 506 4156 considerabimus
528 4113 575 4155 res
597 4099 659 4156 sine
681 4096 890 4171 magnitudine,
914 4116 1002 4174 quam
1018 4115 1083 4157 cum
1099 4096 1160 4170 illa,
1184 4100 1339 4175 prachpue
1355 4115 1426 4157 vero

71 4190 127 4248 tine
150 4195 248 4245 metu.
295 4184 332 4242 Iit
354 4192 466 4242 mutum
488 4186 583 4261 Ipsum
607 4187 632 4243 si
656 4184 887 4256 consideremus,
919 4192 980 4244 tum
1003 4186 1127 4243 maxime
1157 4188 1280 4262 primum
1304 4193 1425 4259 motum,

72 4286 96 4335 rt
116 4292 153 4334 ex
179 4275 276 4350 primo
299 4277 380 4330 motu
404 4270 650 4348 simplicissimus,
680 4274 730 4346 qui
754 4271 886 4347 aequalis
910 4282 962 4332 est.
1008 4271 1119 4331 Eadem
1143 4282 1189 4332 est
1210 4273 1284 4331 ratio
1307 4272 1426 4331 barmo-

70 4365 144 4422 tiecs
168 4368 199 4421 et
223 4360 348 4436 opticen.
379 4358 490 4417 Neutra
506 4361 582 4418 enim
597 4376 682 4417 suum
706 4360 880 4434 subjeetum,
904 4365 1047 4435 quatenus
1071 4360 1099 4418 id
1123 4368 1174 4418 aut
1197 4359 1296 4418 radius
1312 4362 1425 4418 visivus

71 4460 116 4509 aut
138 4465 199 4509 tux
222 4454 279 4521 eat,
305 4444 481 4519 considerat,
504 4445 556 4505 sed
579 4454 724 4523 quatenus
740 4446 812 4504 titud
827 4446 905 4506 linea
920 4456 973 4519 eat,
996 4448 1070 4506 baec
1090 4464 1159 4506 vero
1175 4465 1321 4508 uumerus.
1359 4446 1424 4504 Nou

72 4540 142 4596 cuim
166 4532 386 4613 contemplatur
407 4550 503 4610 neque
526 4534 599 4593 baec
621 4533 734 4592 radium
758 4537 906 4606 visorium,
930 4536 984 4593 ulsi
1001 4542 1145 4610 quatenus
1160 4533 1237 4594 linea
1253 4544 1305 4606 cat,
1330 4550 1426 4607 neque

73 4624 264 4697 illatorem,
296 4623 355 4680 niai
378 4628 523 4697 quatenus
552 4638 699 4680 numerus.
745 4621 811 4681 Hae
834 4625 910 4681 enlm
940 4630 1007 4681 sunt
1030 4621 1145 4681 illorum
1168 4623 1312 4697 genuInae
1334 4620 1425 4678 atl'ec·

74 4713 173 4772 donet.
220 4710 271 4770 Sic
295 4718 325 4769 et
348 4707 527 4769 mechanica
559 4708 664 4784 Itaque
687 4710 712 4766 si
735 4712 801 4784 quis
826 4709 862 4768 de
885 4709 992 4768 talibus
1022 4718 1091 4785 egat
1114 4719 1253 4785 tunquam
1277 4707 1313 4766 de
1336 4724 1425 4784 sepa·

74 4802 138 4857 ratis
162 4799 199 4858 ab
223 4797 294 4856 aliis
316 4795 527 4868 accidentibus,
551 4805 580 4856 et
604 4804 750 4873 quatenus
774 4797 844 4855 talia
867 4806 943 4870 sunt,
967 4799 991 4855 is
1015 4799 1043 4853 iu
1066 4795 1177 4854 nullum
1201 4803 1354 4873 propterea
1377 4811 1425 4853 ers

75 4902 161 4950 rorem
183 4884 306 4959 mcidet,
328 4886 407 4947 sieut
427 4901 524 4962 neque
547 4891 625 4962 tuuc,
649 4901 713 4944 eum
737 4885 766 4943 in
790 4882 891 4945 tabule
913 4884 1019 4945 lineam
1035 4886 1129 4966 pingit
1144 4900 1267 4960 eamque
1289 4880 1424 4963 pedalem
