3308 5534
139 384 214 469 ’580
402 398 406 403 ’
461 392 641 457 somatum
657 396 796 457 Pistoriae
812 396 1002 457 mauronius
1018 394 1113 455 monle
1129 396 1205 457 xrt.

146 574 232 631 nude
249 580 293 630 est
309 574 490 645 ιιιιοιοιιιίι,
518 590 600 645 qoem
618 576 653 631 de
669 576 775 646 integro
794 574 1006 631 exaedificanda.
1041 574 1216 633 Ptolemaeus
1237 570 1332 643 potuit
1356 568 1496 641 plerisque

146 670 268 721 veterum
285 664 453 735 hypotheses
477 665 512 719 ad
530 664 628 719 seriem
652 663 740 719 omnis
763 662 927 719 diversitatis
949 670 1084 734 motuum,
1108 678 1179 733 quae
1204 662 1257 719 sibi
1274 678 1310 717 ex
1328 660 1438 717 tantillo
1454 662 1495 717 ob

146 753 330 807 mmstiooom
353 759 477 821 tempore
501 751 596 822 elapso
620 759 686 807 nota
709 760 781 820 erat,
805 752 871 806 satis
893 751 1025 807 concinne
1047 752 1266 821 accommodare3
1290 750 1354 805 ideo
1376 756 1451 803 recte
1472 758 1495 803 et

146 839 296 909 prudenter
313 853 361 895 eas
380 840 463 909 elegit
479 840 658 910 hypotheses,
683 854 754 908 quae
773 846 800 894 et
817 840 917 895 rationi
938 838 1094 909 unamque
1111 840 1237 895 sensibus
1260 838 1350 907 magis
1368 848 1495 893 consonae

146 940 209 983 esse
227 928 396 995 videbantur,
415 936 443 981 et
461 928 559 995 quibus
571 928 668 983 summi
685 934 750 981 ante
767 942 828 981 eum
846 928 965 982 artifices
983 928 1026 981 nsi
1044 926 1162 984 fuerant,
1188 928 1256 983 Cum
1272 936 1365 981 ιιιιιιιι
1385 924 1495 979 omniun

147 1014 281 1069 artidcum
299 1014 504 1071 observationes
522 1024 551 1071 et
568 1018 673 1072 coelam
691 1018 779 1085 ipsam
799 1032 831 1071 ac
849 1016 1038 1071 mathematica
1063 1016 1133 1070 ratio
1158 1032 1209 1069 nos
1226 1014 1407 1077 convincant,
1431 1008 1494 1079 qnod

147 1100 296 1157 Ptolemaei
314 1111 342 1157 ct
360 1118 515 1157 communes
534 1103 702 1173 hypotheses
719 1119 889 1173 nequaquam
908 1102 944 1157 ad
964 1112 1123 1172 perpetuam
1142 1102 1249 1170 sibique
1260 1100 1378 1155 laricem
1392 1114 1494 1153 consen

145 1188 257 1245 dientem
274 1187 475 1257 colligationem
487 1197 515 1245 et
526 1190 693 1243 harmoniam
711 1206 802 1245 rerum
819 1192 977 1246 coelestium
996 1188 1235 1245 demonstrandam
1252 1194 1281 1243 et
1298 1188 1327 1241 iu
1345 1184 1453 1241 tabulas
1467 1200 1494 1237 se

147 1281 294 1347 praecepto
316 1276 497 1345 colligendam
520 1277 670 1341 sufficiant,
695 1276 892 1343 necessaium,
919 1288 950 1333 ιι
967 1280 1002 1335 D.
1022 1280 1187 1347 Praeceptor
1210 1292 1289 1331 meus
1315 1290 1402 1330 noras
1420 1274 1493 1343 type

145 1364 238 1421 theses
256 1366 438 1433 excogitaret,
457 1366 555 1435 quibas
574 1367 671 1434 parisitis
688 1366 757 1421 tales
771 1374 890 1421 motuum
906 1368 1024 1423 rationes
1035 1366 1198 1435 geometrice
1211 1374 1239 1419 et
1250 1364 1421 1419 arithmetice
1434 1360 1494 1415 boue

146 1454 343 1520 consequentia
361 1452 520 1519 deduceret,
546 1454 641 1522 «puiades
666 1462 772 1509 veteres
796 1462 824 1509 et
841 1454 1014 1513 Ptolemaeus
1040 1454 1103 1509 olim
1122 1475 1155 1523 op
1173 1458 1238 1523 θιιφ
1256 1472 1340 1519 qens
1357 1448 1451 1515 tieem
1470 1446 1493 1501 5¹¹

146 1538 234 1594 altum
252 1539 351 1595 elevati
369 1539 614 1611 deprehenderunt,
632 1543 782 1611 qualesque
800 1542 881 1597 hodie
898 1551 1020 1596 veterum
1038 1542 1151 1609 vestigia
1169 1538 1363 1608 colligentibus
1382 1536 1410 1591 iu
1427 1534 1494 1591 coelo

149 1640 211 1681 esse
229 1626 372 1697 diligentes
391 1629 594 1683 observationes
613 1630 734 1684 edocent.
765 1629 810 1684 Sic
828 1630 856 1684 in
875 1636 1014 1698 posteram
1026 1629 1156 1685 ridebunt
1173 1625 1299 1693 studiosi,
1318 1640 1401 1695 quem
1413 1623 1492 1679 Ptole

147 1728 243 1769 mueus
261 1722 289 1769 ct
305 1714 403 1782 reliqui
421 1722 526 1769 veteres
544 1724 669 1771 auctores
688 1732 767 1770 usiam
785 1715 913 1779 habeant,
934 1734 988 1786 quo
1000 1732 1047 1771 eos
1060 1716 1193 1770 hactenns
1204 1722 1335 1783 tanquam
1356 1728 1391 1765 ex
1404 1708 1493 1765 scholis

147 1800 274 1857 exclusos
292 1809 420 1857 revocent
438 1810 466 1858 et
484 1802 512 1856 iu
529 1803 673 1870 pristinam
691 1804 822 1858 honorem
841 1804 1013 1861 restituant(-
1046 1802 1102 1859 Sub
1114 1802 1195 1855 finem
1208 1798 1343 1869 epistolae
1362 1795 1493 1857 Rhetieut,

148 1890 226 1957 quasi
244 1904 379 1945 excusans
397 1889 577 1959 Coperuicum
595 1900 622 1945 et
640 1890 789 1947 defendens
808 1891 882 1945 illurn
901 1899 994 1947 eontra
1009 1890 1190 1961 suspicionem
1209 1886 1338 1943 nouitatis
1351 1884 1443 1951 studii,
1459 1882 1493 1937 sie

146 1976 281 2045 loquitur:
302 1976 405 2041 ,Velim
423 1984 451 2031 te
469 1978 502 2031 de
523 1980 554 2031 D.
568 1979 600 2033 Ι).
620 1994 680 2031 meai
698 1987 874 2048 praeceptore
892 1978 944 2032 hoc
959 1985 1088 2047 statuere,
1107 1978 1180 2047 opud
1192 1991 1255 2029 cum
1272 1972 1341 2027 nihil
1360 1972 1435 2043 prius
1451 1984 1493 2025 uet

146 2064 285 2134 antiquius
309 2080 370 2119 esse
392 2066 550 2134 quicquam,
577 2078 657 2134 qnam
681 2065 801 2133 vestigiis
819 2063 968 2120 Ptolemaei
994 2074 1024 2121 ιιι
1048 2066 1157 2119 insistat
1178 2070 1207 2117 ct
1231 2070 1338 2115 ueteres
1364 2066 1486 2127 sequatur

146 2150 219 2205 Dum
237 2158 328 2207 antem
346 2173 377 2205 ra
396 2174 548 2221 corconna,
567 2169 637 2221 quae
655 2162 840 2208 astronomum
857 2162 967 2222 regunt,
987 2164 1015 2208 et
1032 2152 1222 2207 mathematica
1241 2164 1272 2203 se
1290 2160 1389 2215 cogere
1407 2140 1491 2199 intelli·

147 2244 231 2305 geret,
250 2240 386 2309 quaedam
404 2250 513 2309 praeter
531 2240 698 2295 voluntatem
723 2241 805 2297 etiam
822 2252 853 2297 ut
876 2250 1008 2310 sumeret,
1034 2240 1101 2296 satis
1123 2239 1230 2293 interim
1257 2252 1319 2291 esse
1338 2228 1491 2303 putarit,si

147 2324 242 2381 eadem
260 2335 319 2381 arte
336 2327 364 2381 in
383 2326 499 2381 eundem
516 2344 629 2397 scopum
655 2346 716 2383 cum
735 2329 890 2385 Ptolemaeo
914 2330 969 2384 tela
992 2344 1043 2384 sua
1067 2327 1207 2395 dirigeret,
1236 2324 1343 2377 etiamsi
1366 2334 1454 2375 arcum
1469 2326 1491 2369 et

149 2411 206 2467 tela
223 2429 257 2468 ex
276 2413 357 2479 longe
375 2414 428 2469 alio
451 2416 580 2469 rnateriae
599 2431 698 2484 genere
716 2430 798 2485 quam
817 2415 861 2469 ille
880 2426 1040 2471 assumeret.
1077 2416 1213 2477 Ceterum,
1233 2410 1307 2479 quod
1324 2409 1440 2463 alienum
1456 2414 1490 2459 ert

149 2500 185 2555 ab
202 2500 310 2570 iugenio
330 2502 395 2556 boni
413 2503 570 2571 capuslibet,
596 2504 711 2557 maxime
728 2516 791 2557 sero
810 2519 827 2555 a
847 2512 944 2557 natura
956 2501 1159 2571 philosophica,
1178 2500 1212 2553 ab
1232 2516 1264 2553 eo
1278 2508 1309 2551 at
1328 2497 1376 2565 qui
1388 2496 1489 2549 maxime

150 2586 278 2643 abhorret
297 2588 328 2641 l).
348 2590 512 2659 Praeceptor
530 2606 621 2655 meus,
641 2600 746 2646 tautum
763 2592 843 2646 abest
861 2600 892 2645 at
910 2591 961 2645 sibi
980 2610 996 2643 a
1015 2597 1136 2643 setarum
1155 2586 1310 2649 sententiis,
1328 2583 1381 2640 nisi
1400 2582 1489 2649 magnit

150 2671 184 2729 de
201 2676 291 2730 causis
310 2694 342 2729 ac
360 2676 441 2731 rebus
458 2679 525 2747 ipsis
544 2678 773 2748 efflagitantibus,
792 2678 882 2733 stadio
901 2680 1020 2747 quodam
1039 2677 1167 2731 nouitatis
1189 2682 1292 2729 temere
1310 2670 1488 2727 discedendum

151 2762 261 2829 putarit.
297 2764 359 2817 ntia
376 2772 419 2819 est
436 2774 525 2831 aetas,
547 2765 602 2819 adia
626 2782 731 2821 morum
755 2768 872 2835 gravitas
895 2766 1086 2835 doctrinaeque
1111 2764 1286 2829 excellentia,
1313 2760 1368 2813 alia
1388 2760 1488 2825 denique

151 2848 252 2917 ingenii
269 2851 402 2906 celsitudo
421 2852 556 2921 animique
574 2854 746 2925 magnitudo,
765 2873 845 2924 quam
865 2864 894 2910 ιιι
912 2854 967 2909 tale
984 2852 1049 2921 quid
1067 2852 1095 2907 in
1114 2868 1174 2905 eam
1193 2850 1292 2903 eadere
1311 2860 1405 2917 queat.
1428 2840 1487 2911 quod

153 2937 261 3003 quidem
280 2945 322 2992 est
340 2939 381 2993 vel
399 2940 497 2993 aetatis
512 2940 641 3007 juvenilis
660 2942 701 2995 rel
721 2942 872 2997 ardentium
892 2941 1070 3010 ingeniorum,
1089 2956 1158 3007 spirate
1171 2956 1185 2990 a
1200 2936 1323 3007 «paradihet
1342 2946 1420 2989 teuto
1432 2930 1485 2985 saie

151 3040 204 3091 que
222 3022 365 3081 affectibus
383 3035 526 3082 metientur
547 3044 580 3083 ac
598 3040 737 3097 reguntur.
773 3030 869 3099 h'eqae
889 3048 951 3085 sero
969 3032 1003 3085 υ.
1021 3031 1186 3097 Praeceptor
1209 3030 1342 3081 bonorum
1366 3035 1393 3079 et
1411 3024 1485 3077 docto

152 3126 211 3166 rum
230 3114 346 3169 rirorum
361 3114 465 3183 judicia
483 3133 600 3185 unquam
619 3117 783 3188 obhorrebit,
803 3126 872 3187 spirate
893 3120 983 3171 strltire
1003 3118 1073 3171 ultro
1092 3116 1220 3183 cogitat·
1242 3144 1276 3153 ·-

256 3206 296 3257 lie
315 3219 398 3274 opere
416 3207 558 3275 Caperuici
581 3208 650 3263 haec
673 3208 756 3263 refert
775 3207 920 3261 Rhetieas:
948 3206 996 3267 ,tt
1016 3206 1050 3259 tt.
1070 3205 1235 3271 Praeceptor
1253 3220 1330 3257 meas
1354 3218 1400 3255 ses
1418 3200 1484 3253 libres

152 3293 323 3362 conseripsit,
347 3294 496 3361 inquibus
522 3296 557 3349 ad
583 3296 758 3353 imitationem
781 3296 928 3351 Ptolemaei
951 3294 1057 3361 singula
1080 3299 1265 3359 praeposterato,-
1289 3300 1316 3343 ιι
1342 3282 1484 3357 geomettitt

153 3380 279 3434 methodo
302 3380 425 3436 docendo
444 3390 472 3435 ct
490 3382 699 3438 demonstrando
725 3392 809 3438 totam
836 3386 1028 3437 astronomiam
1052 3380 1211 3448 corripientis
1237 3388 1287 3431 est.
1324 3376 1426 3431 Priores
1440 3382 1483 3425 tres

152 3464 237 3523 libros
253 3468 394 3538 perdidici,
412 3472 502 3539 quarti
520 3471 672 3539 generalem
691 3473 779 3526 ideam
797 3472 918 3540 concepi,
938 3472 1103 3539 reliquorum
1123 3482 1185 3521 serat
1203 3464 1371 3533 hypotheses
1388 3460 1483 3531 prinu!

152 3556 242 3612 auimo
260 3558 419 3628 complexus
437 3575 505 3614 sitm.
535 3562 670 3627 Quassatam
690 3562 725 3615 ad
743 3561 846 3629 priores
859 3560 928 3615 duos
941 3560 1046 3621 ιιιιίιιιι,
1065 3556 1131 3612 nihil
1150 3554 1198 3607 tihi
1217 3550 1388 3606 scribendum
1400 3542 1482 3615 putari

153 3642 227 3711 qnod
246 3642 370 3698 doctrina
388 3647 467 3714 primi
485 3647 593 3701 mobilis
612 3646 678 3701 nihil
699 3664 715 3699 ιι
733 3656 843 3716 recepta
860 3648 964 3702 ratione
983 3646 1112 3703 discedit.
1132 3644 1183 3697 nisi
1201 3639 1274 3709 quod
1294 3637 1401 3691 tabulas
1416 3628 1482 3687 detli-

153 3730 308 3801 nationum,
335 3736 523 3789 ascensionum
546 3744 681 3790 rectarum
699 3742 751 3791 etc.
778 3736 817 3788 ita
842 3734 876 3787 de
899 3736 1005 3803 integra
1028 3730 1192 3785 construxit.
1216 3736 1245 3781 ut
1269 3720 1482 3781 obsecratoribus

152 3818 270 3875 omnium
295 3828 414 3876 aetatum
443 3837 493 3891 per
516 3832 620 3891 pentem
644 3822 873 3893 proportionalem
896 3820 1092 3875 accommodari
1119 3816 1231 3886 possint.
1273 3820 1350 3881 Quae
1372 3812 1398 3865 in
1421 3808 1482 3863 tertit

152 3906 223 3963 libro
242 3909 332 3977 tradit,
351 3910 399 3963 tihi
417 3910 534 3965 dilucide
552 3910 680 3965 recitabo.
700 3940 732 3947 --
753 3912 819 3964 Cum
838 3912 870 3963 lt.
892 3910 993 3963 ltoetor
1015 3924 1091 3961 inens
1109 3904 1247 3959 Bononiae.
1272 3918 1326 3955 narn
1349 3910 1401 3955 tam
1418 3892 1481 3949 ma·

153 3993 244 4061 pulus,
263 4008 345 4062 qnam
362 3996 472 4063 ιιιιιιιιοι·
490 4006 516 4051 ιι
535 4000 612 4053 testis
630 3998 847 4053 olisersationum
872 3997 1019 4051 doctissimi
1038 3996 1087 4048 riri
1108 3992 1238 4047 ltominiei
1259 3992 1379 4045 histriae.
1401 3986 1482 4039 house

154 4088 246 4135 autem
265 4092 297 4141 tc.
316 4102 339 4137 a.
360 4090 436 4143 1500)
454 4096 535 4139 natus
552 4095 638 4140 taurios
656 4087 719 4155 plus
737 4086 826 4140 minus
845 4086 877 4139 27
895 4096 992 4143 (rustum
1011 4088 1176 4148 soporato-om
1196 4084 1306 4129 roto-root
1325 4080 1349 4129 ὖ·
1371 4083 1408 4127 ¹⁹·
1425 4074 1481 4123 Μ·

158 4172 232 4226 llil)
250 4168 389 4235 professor
407 4172 600 4227 anathematum
619 4174 646 4227 in
664 4189 760 4241 magna
778 4172 1000 4227 scholasticorum
1019 4168 1167 4235 frequentia
1187 4176 1213 4220 et
1232 4181 1334 4219 carrona
1346 4168 1481 4229 rumen!

154 4254 269 4307 uirorum
288 4266 313 4309 et
333 4258 465 4313 artitieam
485 4260 512 4312 in
530 4260 582 4313 hoc
600 4260 739 4315 doctrinae
756 4276 862 4330 genere,
881 4258 977 4313 deinde
996 4258 1040 4309 hic
1059 4255 1195 4307 ll'armiae
1214 4254 1272 4307 sais
1291 4266 1388 4303 saraias
1405 4240 1482 4301 studiis

154 4358 259 4395 summa
275 4360 338 4398 curat
359 4346 560 4403 observationes
578 4356 743 4418 aanrrotasset,
761 4350 844 4418 elegit
861 4365 932 4415 aaran,
952 4362 1032 4415 spiram
1051 4360 1123 4397 antri·
1143 4342 1220 4395 ttae.
1240 4338 1275 4393 de
1293 4338 1368 4405 spice
1386 4328 1483 4401 l'liffl

155 4426 260 4483 habuit.
295 4434 441 4487 (Jorrstttuit
458 4443 559 4503 autem,
577 4452 635 4491 eatan
654 4439 808 4505 clarigatam
826 4437 911 4489 luisse
923 4452 938 4487 a
952 4443 1052 4503 pruneto
1071 4427 1221 4485 autumnali
1243 4428 1288 4479 1ῖ··
1299 4430 1343 4481 21¹
1361 4424 1422 4479 iere.
1435 4430 1484 4473 ιιΙΙ

155 4516 240 4584 ipsius
258 4517 463 4576 declinationem
476 4526 649 4579 rraeridianam
661 4532 692 4579 «ι’
705 4530 746 4579 lti'
759 4525 980 4595 deprehenderet.
1018 4519 1121 4575 lieinde
1139 4514 1284 4571 conterens
1301 4528 1396 4567 timaee
1411 4506 1485 4561 Μ

156 4606 277 4659 rationes
290 4618 429 4662 auctarum
442 4628 502 4665 eura
516 4614 581 4679 suis,
601 4614 701 4667 irrrenit
715 4613 908 4669 rescriptionem
922 4608 1072 4663 aaaronraliao
1091 4622 1140 4661 scu
1154 4602 1247 4659 circuli
1260 4599 1423 4655 diversitatis
1438 4604 1488 4649 m

155 4692 316 4759 completam
335 4712 437 4763 orisque
456 4707 549 4752 nostra
572 4710 674 4769 aetate,
699 4720 715 4751 a
733 4702 893 4755 Timochare
912 4712 1012 4767 usqam.
1036 4696 1063 4748 ia
1086 4692 1207 4749 secunda
1229 4689 1489 4743 restrictionem·

156 4776 207 4831 llis
224 4778 289 4835 dicit
308 4782 438 4839 llbcticus
457 4796 557 4841 sinaitam
576 4788 691 4844 medium
715 4790 854 4843 stellarum
878 4790 992 4841 fixatrnm
1013 4782 1196 4849 inaequalem,
1223 4792 1296 4845 quac
1322 4787 1440 4847 tempor!
1454 4768 1493 4825 'll'

156 4866 290 4929 mocbuis
305 4869 385 4929 euna
401 4870 436 4925 ιι
451 4886 502 4941 per
518 4890 601 4933 uuam
617 4876 732 4947 gadum
748 4892 910 4949 progressae
927 4874 1040 4943 luerint,
1064 4870 1100 4925 ab
1117 4866 1279 4939 llielfflffl
1296 4866 1334 4921 ⁸⁴¹
1352 4858 1497 4921 m
