3308 5534
153 368 219 439 100
670 368 834 429 Plutarchus
852 370 886 428 de
903 370 986 429 Facie

150 569 204 629 pes
227 568 320 625 meus,
341 552 384 610 uti
407 548 532 624 dicebat,
556 558 585 609 et
608 548 726 610 Saturni
748 551 909 610 ministerio
932 568 1053 627 vacans,
1075 551 1209 613 sideralis
1224 552 1344 632 quidem
1365 554 1511 615 scientiae

152 656 189 699 eo
210 656 305 717 usque
320 656 458 715 quorsum
482 640 516 713 is,
541 640 591 715 qui
614 640 790 714 geometriae
815 638 896 697 dedit
918 655 1045 715 operam,
1068 658 1155 717 quam
1178 640 1350 718 longissime
1372 641 1511 720 progredi

151 735 258 807 potest,
283 727 491 803 experientiam
516 734 691 785 consecutus
707 734 760 795 est,
783 744 819 785 ex
835 725 1023 802 philosophia
1045 745 1115 789 vero
1133 727 1246 804 reliqua
1267 736 1381 807 partem
1403 728 1511 809 phyal-

151 832 216 876 cam
238 831 397 890 usurpans,
428 811 589 890 cupiditate
611 814 665 871 luit
687 815 824 873 incensus
847 821 877 872 et
899 812 1041 873 desiderio
1067 816 1289 892 perlustrandae
1311 833 1440 893 magnae
1462 818 1512 875 ln·

151 902 249 977 sulae,
278 904 322 961 sic
345 902 422 960 enirn
444 911 477 960 ut
505 899 621 960 videtur
648 903 844 960 continentem
866 900 963 973 illam,
990 903 1019 959 in
1041 920 1101 979 qua
1123 920 1177 963 nos
1200 903 1379 977 habitamus,
1402 902 1511 981 appal-

150 988 222 1049 lant.
267 988 430 1064 Postquam
459 1005 529 1047 reru
552 989 672 1063 triginta
699 990 766 1046 anni
790 1006 882 1046 morae
900 992 960 1060 ejus
978 992 1006 1047 in
1024 992 1129 1063 Ogygia
1154 991 1338 1067 effluxerunt,
1362 1008 1432 1052 curn
1453 1008 1512 1069 ap·

150 1076 295 1154 pulisaent
316 1091 501 1136 successores
523 1092 539 1135 e
562 1076 657 1151 patria
679 1092 734 1133 sua
749 1080 887 1149 America,
907 1074 973 1135 vale
995 1077 1098 1135 amicis
1120 1075 1199 1137 dicto
1215 1078 1351 1139 discessit
1365 1086 1397 1138 at
1411 1086 1511 1139 cetera

149 1168 310 1223 instructus
338 1162 521 1221 mediocriter
543 1170 573 1221 et
599 1163 737 1221 viaticum
766 1166 917 1240 copiosum
946 1165 973 1220 in
1004 1163 1118 1239 poculis
1150 1167 1248 1225 aureis
1275 1160 1509 1245 deportarem).

151 1249 236 1326 Quae
259 1253 347 1327 igitur
370 1260 399 1309 et
421 1257 532 1326 quanta
559 1266 665 1325 passus
687 1252 739 1321 sit,
768 1259 842 1326 quot
864 1250 968 1310 adierit
995 1260 1114 1326 gentes,
1144 1267 1219 1325 quos
1241 1253 1271 1309 ln
1293 1253 1385 1313 libres
1408 1269 1511 1313 sacrus

149 1338 284 1399 inciderit
307 1341 384 1413 ipse,
409 1340 460 1413 qui
476 1337 611 1396 omnibus
633 1339 723 1395 sacris
746 1347 808 1396 erat
831 1340 977 1409 initiatus,
1001 1354 1059 1397 non
1083 1339 1169 1398 unius
1193 1338 1250 1400 diel
1274 1358 1350 1417 opus
1372 1350 1419 1400 est
1440 1357 1511 1417 per-

149 1428 244 1503 sequi,
268 1434 301 1485 ut
322 1427 385 1500 ipse
409 1422 526 1501 quidem
548 1425 634 1483 nobis
657 1423 765 1497 retulit,
789 1426 863 1485 benc
885 1423 1042 1485 admodum
1066 1434 1094 1484 ct
1116 1426 1287 1503 siugulatim
1311 1429 1411 1487 emnia
1427 1444 1511 1487 cunr·

148 1530 323 1573 memorans.
371 1510 455 1587 Quae
486 1528 556 1573 vere
584 1509 622 1569 ad
653 1520 836 1586 praesentem
866 1515 1119 1572 conversationem
1146 1515 1306 1589 pertinent,
1338 1531 1375 1574 ea
1396 1513 1510 1577 audite.

148 1600 312 1660 Plurimum
328 1601 405 1659 enim
421 1602 559 1674 temporis
575 1596 753 1674 Carthagine
776 1610 905 1659 meratus
919 1608 973 1674 est,
997 1608 1029 1658 ιιι
1051 1600 1102 1676 qui
1116 1599 1195 1678 apud
1210 1618 1265 1661 nes
1287 1604 1378 1664 etlam
1392 1604 1511 1679 magnis

148 1688 312 1748 honoribus
334 1686 430 1747 cultus
452 1685 515 1755 luit,
539 1687 611 1763 quia
632 1703 731 1745 sacras
754 1688 878 1762 paginas
901 1695 972 1760 tum,
995 1685 1113 1762 quande
1129 1689 1208 1763 prior
1229 1688 1300 1748 urbs
1322 1706 1430 1750 eversa
1444 1690 1510 1761 luit,

149 1775 226 1836 clam
248 1785 395 1852 surreptas
409 1773 561 1849 multoque
583 1782 713 1849 ternpore
735 1772 885 1833 latitantes
905 1775 1019 1850 subque
1043 1784 1148 1833 terram
1170 1772 1304 1836 defossas
1326 1778 1392 1854 ipse
1415 1778 1511 1839 vesti-

147 1863 247 1941 gando
270 1865 389 1922 invenit.
436 1860 604 1920 l'isibilium
628 1862 716 1935 igitur
738 1878 790 1919 seu
814 1863 1036 1937 conspicuorum
1064 1859 1185 1921 deorum
1215 1862 1332 1923 dicebat
1362 1874 1509 1941 opertere,

148 1968 255 2028 meque
277 1948 352 2009 adeo
372 1948 499 2025 jubebat
521 1948 681 2006 honoribus
703 1950 868 2024 praecipuis
890 1948 984 2007 colere
1000 1947 1123 2020 Lunam,
1147 1956 1179 2008 ιιι
1195 1966 1271 2024 quae
1286 1952 1316 2007 in
1332 1954 1397 2011 vita
1410 1951 1511 2029 pluri·

147 2056 228 2098 mum
250 2037 374 2115 polleret
396 2034 517 2112 (quippe
541 2034 710 2095 elementari
732 2036 844 2109 regioni
866 2046 1042 2110 nostraeque
1065 2035 1252 2116 habitationi)
1275 2040 1459 2118 contiguam.

253 2125 327 2183 Cum
351 2140 406 2200 ego
429 2126 548 2182 mirarer
570 2125 628 2179 ista
650 2138 840 2198 rogaremque
862 2131 894 2181 ut
917 2124 1011 2199 magis
1029 2125 1180 2199 perspicue
1204 2141 1240 2184 ea
1254 2124 1357 2186 audire
1377 2143 1508 2204 possem,

147 2210 250 2285 multa,
274 2213 378 2287 inquit,
402 2210 528 2288 oSylla‚
553 2208 589 2268 de
605 2209 670 2277 diis,
694 2219 725 2267 at
746 2226 805 2268 non
828 2212 926 2268 ornnia
949 2220 1026 2269 reete
1051 2208 1186 2269 dicuntur
1208 2210 1376 2273 aGraecis.
1414 2212 1508 2274 Verhl

148 2317 253 2372 causa,
277 2302 360 2359 utin
386 2301 450 2374 ipso
476 2298 601 2373 vestigio
625 2295 733 2368 dicam,
756 2304 849 2369 reete,
879 2314 944 2355 cum
968 2298 1101 2356 Cererem
1125 2306 1153 2357 et
1177 2298 1323 2376 Pupulam
1347 2300 1508 2375 celebrant,

146 2404 205 2445 non
239 2404 306 2447 sero
335 2396 413 2445 reete
444 2395 598 2459 utrumque
627 2392 655 2442 et
683 2384 770 2441 simul
798 2392 827 2443 et
857 2386 933 2443 circa
961 2383 1084 2443 eundem
1114 2383 1211 2443 locum
1238 2404 1303 2447 esse
1326 2390 1508 2449 existimant.

148 2475 252 2535 Altera
275 2477 351 2533 enirn
375 2476 404 2530 in
426 2471 518 2530 Terra
540 2478 584 2529 est
606 2478 636 2529 et
659 2469 776 2529 domina
799 2474 991 2544 terrestrium,
1021 2469 1114 2531 altera
1137 2473 1166 2529 in
1190 2471 1290 2545 Luna,
1314 2491 1392 2549 quse
1416 2478 1508 2537 etiarn

147 2563 186 2623 ab
210 2563 279 2633 illis,
303 2563 353 2636 qul
377 2562 405 2617 iu
430 2558 516 2617 Luna
538 2565 615 2628 sunt,
639 2558 730 2631 (lore,
754 2557 784 2614 id
806 2566 851 2616 est
873 2558 991 2635 l'upula
1013 2559 1179 2617 nominatur
1202 2568 1231 2618 et
1253 2560 1433 2639 Proserpina
1446 2558 1508 2645 ¹⁰⁶),

147 2649 205 2710 hoc
226 2647 359 2725 quidem,
392 2655 423 2705 ιιι
446 2664 522 2723 quac
544 2647 583 2704 sit
606 2642 781 2720 Luciporta,
815 2644 932 2722 Populo
954 2661 1037 2718 vero,
1067 2648 1137 2722 quia
1167 2649 1255 2705 etiarn
1277 2658 1380 2709 contra
1402 2649 1508 2711 oculos

146 2736 249 2813 fuiget,
272 2741 301 2794 in
325 2736 432 2811 quibus
454 2730 643 2793 simulacrum
665 2742 709 2791 est
731 2736 900 2807 spectantis,
923 2750 1010 2808 quoni
1033 2733 1174 2808 pupulam
1196 2734 1400 2811 appellamus,
1428 2740 1509 2799 sicut

144 2824 233 2901 jubar
254 2823 334 2885 Solis
357 2825 386 2879 in
410 2818 497 2881 Luna
518 2827 675 2896 spectatur.
707 2817 790 2893 Quae
815 2837 883 2879 rere
906 2818 942 2879 de
965 2820 1110 2879 erroribus
1133 2822 1262 2895 ipsarum
1286 2823 1382 2900 deque
1406 2826 1508 2903 inqui-

146 2914 255 2972 sitione
277 2921 396 2969 narruut
420 2908 525 2967 Graeci
547 2906 617 2985 (oon
641 2910 739 2965 omnia
762 2906 1001 2981 fabulosarum,
1030 2906 1082 2965 sed
1105 2907 1219 2982 aliquid
1243 2912 1333 2971 etiam
1355 2912 1405 2989 lia)
1430 2914 1509 2974 inest

147 3002 219 3061 veri.
263 2997 419 3059 Desiderio
443 2998 520 3055 enirn
544 3004 678 3053 tenentur
700 3004 817 3066 mutuo,
846 3011 911 3052 cum
935 2995 972 3054 ab
995 2997 1121 3054 invicem
1146 3004 1214 3054 sunt
1237 2995 1351 3057 divisae
1374 3007 1406 3057 at
1428 3002 1509 3061 circa

147 3088 281 3147 umbram
303 3102 393 3161 saepe
416 3101 481 3143 sese
504 3092 606 3141 mutuo
630 3081 867 3157 complectuntur.
914 3080 990 3140 lllud
1014 3099 1098 3155 vero,
1130 3081 1210 3159 quod
1232 3101 1310 3144 nunc
1332 3084 1453 3160 quidem
1476 3089 1507 3147 in

147 3174 231 3235 coelo
254 3177 293 3233 sit
316 3182 345 3233 et
368 3175 396 3230 iu
421 3171 544 3242 luniine,
575 3186 651 3227 nunc
675 3170 703 3226 iu
728 3169 854 3227 tenebris
876 3176 906 3226 et
928 3161 1029 3243 noete,
1054 3169 1090 3228 de
1113 3168 1231 3246 Pupula
1253 3172 1360 3231 laisum
1384 3173 1507 3248 quidem

146 3279 205 3321 non
229 3274 284 3340 est,
307 3270 338 3319 at
360 3260 499 3335 temporis
523 3256 737 3332 longinquitate
753 3273 889 3314 numerus
906 3273 1030 3315 errorem
1053 3259 1207 3318 contraxit.
1243 3258 1309 3318 lion
1333 3262 1411 3319 enim
1435 3264 1507 3323 tutis

147 3368 200 3409 ser
223 3349 388 3421 mensibus,
420 3346 471 3405 sed
495 3353 563 3420 post
585 3356 699 3403 sextum
723 3360 851 3402 mensem
883 3341 963 3402 illam
986 3342 1119 3403 videmus
1141 3364 1160 3403 a
1182 3344 1289 3418 Terra,
1320 3354 1466 3425 tauquam
1487 3367 1509 3410 ι

147 3438 249 3496 matris
272 3436 375 3493 umbra
397 3444 530 3508 raptem,
559 3448 624 3489 raro
647 3448 718 3489 vero
742 3430 819 3489 istud
849 3441 917 3505 post
940 3432 1072 3505 quintum
1094 3435 1211 3508 patitur.
1258 3430 1368 3510 Utique
1392 3439 1508 3514 impes·

146 3522 233 3583 sibile
255 3532 301 3581 est
323 3520 382 3593 illi,
405 3530 474 3579 tunc
497 3520 639 3577 iuleruum
662 3516 822 3591 declinare,
846 3517 963 3593 quando
986 3520 1082 3593 ipsum
1104 3520 1247 3578 infernum
1272 3522 1396 3598 trajicit,
1424 3522 1507 3601 quod

149 3620 178 3671 et
200 3610 346 3669 Homerus
369 3608 491 3667 obscure
514 3605 643 3683 quidem,
665 3615 697 3663 at
718 3622 775 3663 non
799 3604 875 3664 male
899 3604 988 3663 dixit:

444 3695 484 3753 ln
506 3712 628 3769 campos
652 3710 720 3752 uero
744 3692 872 3769 Elysios,
900 3692 1027 3750 Telluris
1049 3692 1091 3751 ud
1112 3710 1192 3751 orus.

148 3780 207 3845 Ubi
237 3786 314 3843 enirn
345 3781 448 3841 umbra
473 3800 562 3857 super
584 3781 701 3840 Terram
730 3778 885 3838 distributa
914 3778 1033 3853 desinit,
1064 3779 1094 3837 id
1118 3780 1168 3839 ille
1190 3798 1272 3841 crana
1294 3790 1324 3842 et
1346 3786 1504 3845 terminum

147 3870 274 3933 Telluris
297 3888 361 3929 esse
385 3874 484 3947 posuit
497 3864 558 3947 ¹⁰⁷).

253 3958 287 4016 lu
303 3958 381 4016 lruuc
397 3974 466 4015 vero
482 3975 605 4029 campum
631 3957 744 4025 elysium
759 3972 845 4013 nemo
861 3952 955 4012 malus
979 3952 1025 4011 vel
1042 3954 1207 4028 inexpletus
1231 3954 1410 4031 ingreditur;
1434 3957 1506 4019 huni

148 4062 219 4105 reru
242 4055 271 4105 et
294 4046 379 4119 frugi,
402 4057 470 4121 post
493 4043 605 4102 ebituur
629 4040 698 4101 illuc
722 4040 820 4113 delati,
843 4044 885 4099 sic
908 4040 1026 4116 quidem
1051 4042 1140 4098 vilem
1156 4052 1248 4117 agunt
1271 4043 1453 4117 facillimum,
1476 4059 1507 4107 at

148 4150 207 4191 non
235 4143 265 4192 et
288 4133 404 4191 beataum
436 4148 530 4205 neque
561 4128 708 4201 dirina1n3
738 4129 786 4187 hic
810 4146 901 4203 usque
924 4128 961 4187 ad
983 4125 1140 4187 secundam
1171 4140 1294 4189 mortem
1321 4144 1506 4207 permanent.

149 4218 233 4295 Quae
257 4238 327 4278 uero
350 4223 389 4277 sit
411 4222 476 4291 isto,
500 4216 625 4293 oSplle,
649 4216 685 4275 ‹le
708 4215 753 4274 liis
768 4234 804 4274 nc
820 4218 968 4292 quaerito,
989 4215 1112 4291 jamjam
1135 4218 1211 4275 enim
1234 4219 1384 4293 ipserum
1409 4221 1509 4298 expli-

149 4321 276 4367 caturus.
308 4306 464 4366 llorniueru
480 4314 558 4365 recte
574 4304 692 4379 quidem
714 4302 804 4377 uulgo
828 4304 1021 4378 compositum
1045 4302 1125 4379 quid,
1148 4320 1182 4363 ex
1205 4302 1320 4364 duabus
1344 4324 1415 4367 vero
1431 4308 1507 4369 solis

149 4396 237 4456 rebus
253 4396 446 4471 compositum
462 4410 520 4451 nou
536 4404 613 4451 recte
629 4392 804 4459 existimant,
828 4390 1000 4466 particulam
1016 4394 1093 4449 euim
1110 4389 1240 4465 aliquam
1254 4395 1370 4453 animae
1394 4394 1509 4455 iaciunt

149 4477 350 4547 mentemm).
387 4482 450 4541 lino
467 4497 536 4540 rere
559 4497 641 4537 mens
665 4487 746 4537 tanto
769 4476 923 4537 melioret
946 4476 1071 4537 divinior
1086 4487 1130 4537 est
1145 4481 1253 4552 anima,
1278 4486 1509 4557 quantominus

150 4588 281 4646 corpore.
320 4570 417 4629 Ellieit
439 4569 630 4627 ceremoniis
653 4584 716 4637 epiro
736 4590 817 4637 ergit
835 4568 895 4635 lege
914 4582 954 4621 mi
978 4566 1143 4641 conjunctio
1159 4568 1312 4639 rationem,
1336 4586 1372 4627 cx
1395 4570 1508 4645 qulbus

149 4657 274 4715 alterurn
298 4658 416 4733 quidem
440 4654 600 4728 voluptatis
623 4664 667 4713 est
690 4654 863 4728 principium
887 4664 917 4711 ct
932 4652 1050 4725 doloris,
1073 4652 1196 4711 alterum
1220 4655 1338 4713 virtutis
1360 4664 1391 4714 et
1413 4658 1507 4717 ritio-

149 4761 223 4801 rum.
269 4744 310 4803 Ex
335 4745 428 4803 trihus
458 4758 528 4801 vero
550 4740 597 4799 bis
620 4742 694 4799 inter
716 4758 747 4799 se
778 4742 938 4816 compactis
961 4758 1066 4817 corpus
1098 4740 1216 4814 quidem
1239 4740 1344 4815 Terra,
1375 4745 1507 4805 animam

149 4828 244 4905 Luna,
266 4838 392 4891 manum
407 4828 460 4891 Sel
482 4828 619 4905 praebuit
640 4829 670 4886 in
692 4828 884 4891 arduitatem
914 4826 1168 4903 Quemadmodum
1189 4830 1278 4907 igitur
1292 4826 1397 4891 uuae
1414 4830 1508 4909 jubar
