3308 5534
246 350 313 419 114
787 354 878 411 Notae
895 354 922 412 J.
941 355 1053 425 liepleri

246 526 476 583 obumbraturum.
513 524 588 593 Ergo
611 541 665 581 non
690 528 816 594 sequitur
833 528 986 595 conclusio,
1010 538 1038 585 et
1055 531 1125 586 bcne
1143 532 1216 601 quod
1235 548 1289 587 non
1307 536 1441 604 sequitur.
1477 536 1605 594 blacnlaa

245 606 316 661 enim
336 606 400 659 illae
413 605 507 659 Lunae
520 602 637 671 majores
656 612 684 659 et
702 604 784 673 rulgo
803 608 968 675 conspicuae
987 624 1042 663 non
1060 617 1124 664 sunt
1141 628 1216 665 mera
1234 611 1338 681 umbra,
1354 614 1430 679 jacta
1448 614 1476 670 iu
1495 616 1606 685 deprcs-

244 702 303 740 sant
322 684 492 755 superficiem
510 698 527 735 ιι
546 684 684 739 montibus
702 686 877 753 editioribus,
902 688 952 743 sed
977 695 1042 743 sunt
1064 689 1223 759 superficies
1239 689 1336 745 Lunae
1359 690 1472 747 bumida
1489 702 1540 749 aut
1557 710 1604 765 pa-

244 762 348 831 lustris,
368 778 398 817 rc
416 778 480 818 sera
499 760 666 831 longissimis
684 775 800 820 extensa
818 767 922 834 spatiis.

349 844 392 897 litt
410 841 535 896 Occurrit
547 840 709 906 objectioni:
728 844 750 899 si
764 845 887 901 maculae
900 852 992 903 essent
1003 848 1116 904 umbrae
1128 847 1268 917 montium,
1285 848 1440 905 rideremus
1453 859 1481 905 et
1496 856 1604 905 montes

243 922 320 991 illos,
339 931 368 978 at
385 938 440 975 non
459 920 590 979 ridemus.
609 934 675 989 ergo
694 964 701 977 .
720 964 728 977 .
748 965 755 977 .

347 1003 391 1057 til.
409 998 512 1053 Lucius
531 996 579 1053 tot.
598 998 641 1053 ic.
667 1009 856 1071 argumentum
875 1018 892 1057 a
909 1004 1057 1059 reflexione
1080 1004 1190 1059 luminis
1214 1004 1326 1071 solaria,
1355 1022 1410 1075 qno
1434 1004 1604 1075 probabatur

242 1083 349 1138 Lunam
367 1094 428 1135 esse
447 1083 579 1131 terream.
602 1076 758 1135 dimiserat.
784 1091 969 1147 transeressus
988 1082 1023 1135 ad
1041 1081 1125 1136 uliud.
1160 1082 1223 1136 Jaut
1241 1084 1415 1151 Plutarchus,
1435 1084 1471 1140 de
1489 1084 1604 1155 siugulis

241 1178 319 1217 suant
338 1160 419 1215 etiam
439 1158 562 1213 dicturus
581 1160 753 1225 sententiam,
772 1160 918 1213 ret-erutor
935 1159 970 1213 ad
988 1160 1166 1215 reflexionem
1184 1170 1212 1216 et
1231 1166 1350 1219 occurrit
1367 1164 1533 1233 objectioni,
1556 1180 1604 1219 cnr

241 1258 296 1296 non
314 1241 396 1297 etiam
415 1238 554 1293 rideamus
573 1238 717 1305 imaginem
736 1236 807 1293 Solis
826 1239 853 1291 in
874 1240 970 1294 latina?

347 1322 389 1375 δ’).
409 1316 604 1385 Subiutcllipe:
626 1318 714 1371 ,Saulis
733 1318 822 1385 imago
841 1334 875 1371 ex
894 1334 966 1386 aqua
983 1316 1087 1373 reilcxo
1106 1317 1183 1373 radio
1202 1318 1342 1375 tornatae

346 1402 388 1457 ta.
409 1400 484 1453 llaec
503 1398 620 1463 objectio
640 1398 766 1465 dirigitur
783 1405 858 1451 recta
876 1406 971 1449 contra
988 1398 1194 1465 responsionem
1207 1398 1294 1454 Lucii.
1313 1398 1491 1453 reflexionem
1510 1398 1601 1453 deien-

241 1478 330 1535 dentis
349 1492 433 1545 supra
446 1476 494 1530 iol.
507 1478 551 1531 tu«.
572 1488 598 1529 et
616 1492 703 1530 areuna
722 1486 813 1529 notam
825 1476 887 1541 (ιῖ).
918 1474 988 1529 Natu
1007 1475 1152 1531 delineatio
1171 1476 1209 1529 ibi
1226 1492 1243 1530 a
1262 1492 1305 1531 nte
1324 1477 1453 1549 suppleta
1469 1487 1601 1546 punuuar

240 1556 368 1613 ostendit.
387 1556 414 1609 iu
433 1572 488 1625 quo
506 1557 590 1611 rideri
608 1555 688 1612 debet
704 1556 792 1625 imago
812 1554 892 1609 Solis.

344 1634 378 1689 bl
407 1635 488 1689 Ratio
506 1634 574 1690 nibil
591 1635 625 1689 ad
643 1652 708 1689 rem.
729 1652 779 1690 nec
791 1640 913 1703 praestat
930 1633 1125 1687 immunitatem
1142 1634 1366 1700 repraesentandi
1379 1634 1451 1691 Solis
1463 1636 1516 1691 sub
1527 1633 1599 1691 boti-

239 1722 319 1769 sonte
337 1716 471 1769 versantis
491 1716 558 1769 situs
578 1716 681 1783 speculi
700 1715 790 1769 idonci
808 1714 836 1768 in
854 1711 973 1769 sublimi.

343 1794 386 1847 tib.
407 1792 481 1847 llaec
500 1796 642 1862 responsio
661 1810 724 1849 rera
744 1792 853 1861 quidem
872 1806 915 1845 cst
933 1800 961 1846 ct
979 1807 1014 1845 ex
1032 1798 1099 1847 arte.
1118 1798 1146 1843 at
1164 1805 1219 1846 nott
1237 1792 1304 1845 satis
1322 1790 1460 1861 explicata
1476 1800 1505 1847 et
1518 1792 1601 1847 clara.

240 1872 286 1927 Sic
306 1872 424 1927 debebat
441 1874 573 1942 proponi:
592 1874 699 1928 etiamsi
719 1872 806 1932 detur.
825 1874 931 1927 Lunam
950 1888 1011 1926 esse
1029 1870 1169 1939 speculum
1183 1870 1372 1939 tersissintunt,
1394 1882 1486 1926 tamen
1500 1881 1602 1928 cumei

240 1950 358 2005 rotunda
377 1952 411 2004 sit
430 1960 458 2003 et
477 1950 559 2005 distet
578 1952 750 2019 longissime,
776 1952 864 2019 imago
884 1951 954 2005 Solis
973 1950 1041 2003 adeo
1061 1952 1138 2004 tieret
1157 1949 1249 2011 exilis,
1267 1961 1299 2004 ut
1317 1962 1511 2015 evanesceret,
1537 1954 1602 2023 quia

238 2030 313 2083 risus
331 2027 469 2083 subtilitas
488 2046 542 2082 nou
561 2043 603 2085 cst
621 2032 735 2085 intinita.
773 2034 898 2085 fonrexa
918 2032 989 2084 cuitu
1008 2028 1137 2097 specula.
1156 2030 1237 2083 etiam
1256 2046 1316 2085 cutu
1336 2031 1369 2084 de
1388 2032 1546 2101 propinquo
1564 2034 1602 2087 itt·

240 2108 401 2177 spiciuntur,
420 2110 551 2177 imapines
571 2126 660 2164 rerum
679 2122 820 2179 praestant
839 2114 966 2175 minores,
985 2125 1066 2179 quam
1085 2110 1107 2163 si
1121 2110 1182 2175 quis
1195 2124 1243 2163 eas
1261 2124 1305 2163 res
1318 2107 1420 2163 directe
1439 2110 1601 2179 inspexerit,

238 2197 315 2242 tanto
334 2204 399 2242 uero
418 2204 525 2256 semper
544 2190 662 2243 minores
681 2191 739 2247 bas.
760 2201 864 2257 tpttrtrtto
881 2199 947 2243 suut
965 2190 1025 2257 ipsa
1044 2189 1189 2241 remotiora
1207 2188 1305 2243 arisn.
1335 2190 1372 2243 lit
1391 2198 1421 2243 ut
1439 2192 1516 2259 ipsas
1529 2190 1602 2245 iores

238 2268 304 2321 artis
323 2268 443 2334 aperiam
461 2268 496 2321 ad
515 2284 642 2322 numeros
661 2280 783 2337 exactus,
803 2268 951 2337 perpende.
971 2267 1044 2335 qtmd
1063 2267 1131 2321 radii
1150 2264 1245 2323 lucidi.
1265 2267 1300 2319 ab
1319 2268 1455 2337 oppositis
1474 2268 1601 2323 extremi-

238 2345 342 2397 tatibus
361 2346 510 2399 praesolis
529 2345 643 2415 delapsi,
663 2346 779 2401 debeant
798 2348 872 2401 coire
890 2348 917 2400 in
935 2348 995 2416 ipso
1015 2356 1108 2401 centro
1127 2345 1217 2399 risus:
1237 2346 1288 2399 nisi
1308 2348 1380 2400 eninr
1394 2348 1446 2402 boc
1468 2348 1527 2415 liat,
1546 2364 1601 2403 nott

238 2422 374 2477 ridebitur
391 2425 477 2477 totius
496 2424 567 2477 Solis
587 2426 684 2493 iutago.
710 2426 835 2492 aireotos
854 2426 938 2493 igitur
956 2424 1037 2492 liujus
1057 2438 1205 2475 coucttrsus
1224 2422 1315 2491 percidit
1335 2426 1518 2493 quantitatem
1537 2428 1600 2481 inta-

237 2502 308 2571 ginis
332 2504 402 2559 risui
428 2516 658 2572 repraesentatae.
695 2505 801 2573 Quodsi
826 2506 940 2560 extremi
962 2504 990 2557 hi
1015 2502 1083 2557 radii
1106 2501 1227 2557 incidunt
1247 2504 1273 2557 in
1293 2504 1379 2558 risum
1403 2505 1522 2575 directe,
1548 2508 1599 2561 lot*

237 2594 312 2635 mant
332 2582 462 2650 augurium
482 2585 634 2651 quantitate
652 2586 773 2640 semissis
792 2587 872 2639 unius
892 2583 1003 2655 gradus.
1028 2582 1100 2651 Ergo
1120 2584 1200 2635 etiam
1220 2582 1243 2635 si
1256 2598 1290 2635 cx
1309 2594 1403 2639 cetttro
1416 2586 1534 2653 speculi.
1552 2602 1600 2641 scta

236 2660 332 2714 Lutttae
350 2662 378 2715 ιιι
397 2662 532 2729 quaduuo
551 2664 623 2717 Solis
642 2663 793 2719 collocatae
811 2663 948 2720 ducantur
966 2674 1057 2715 rectae
1082 2660 1116 2713 ad
1136 2672 1273 2715 extremas
1292 2662 1363 2717 Solis
1387 2680 1466 2731 oras,
1495 2666 1600 2721 abscin-

237 2740 301 2795 dent
320 2739 383 2793 illae
402 2740 540 2794 semissem
559 2742 660 2809 prmius
679 2742 713 2795 de
732 2746 905 2797 cont-exitam
924 2741 1043 2813 speculi:
1068 2752 1184 2809 utraque
1202 2756 1266 2795 tero
1285 2754 1373 2809 recta,
1393 2744 1431 2797 sic
1450 2746 1535 2799 rectis
1554 2760 1600 2799 an·

236 2818 309 2887 gulis
328 2818 434 2887 illapsa.
454 2820 548 2873 iisdem
569 2831 790 2891 repercuteretur
808 2832 834 2875 et
849 2822 888 2875 sic
901 2822 1000 2875 rediret
1020 2820 1055 2873 nd
1075 2834 1153 2873 suum
1173 2836 1297 2890 quaeque
1310 2834 1442 2891 puuctum
1461 2840 1512 2879 seu
1525 2838 1600 2879 oran

236 2896 316 2963 Solis,
336 2916 389 2951 noan
408 2912 538 2953 coeuntes
557 2900 591 2953 ad
611 2918 694 2954 unttm
717 2900 829 2969 aliquod
849 2912 979 2967 puuctum
999 2898 1081 2951 risua.
1120 2896 1154 2951 l't
1174 2899 1257 2967 igitur
1275 2902 1349 2955 coire
1372 2904 1493 2971 possint,
1517 2904 1600 2973 aiqui-

236 2976 390 3031 demulsus
416 2978 444 3031 in
468 2994 522 3031 una
545 2982 717 3033 extremitate
736 2980 807 3032 solis
826 2980 1020 3033 collocaretur.
1044 2989 1182 3045 oporteret
1207 2994 1242 3031 ex
1266 2980 1394 3047 opposita
1413 2982 1486 3035 Solia
1505 2998 1555 3035 ora
1572 2982 1600 3037 itt

235 3068 367 3125 puuctum
385 3056 490 3111 altsccti
510 3072 590 3112 arcus
604 3060 646 3113 8¹¹·
667 3060 857 3115 intermediam
878 3060 941 3115 duci
954 3058 1035 3112 aliana
1048 3070 1159 3123 rectam,
1178 3074 1248 3125 quae
1263 3060 1320 3125 ¹iarn
1334 3058 1487 3127 quadrante
1500 3062 1600 3130 gradus

234 3136 365 3190 inclinata
389 3136 543 3203 quadrante
569 3140 652 3192 etiatu
676 3138 730 3191 alio
749 3149 971 3206 repercuteretur
995 3150 1022 3191 ct
1042 3138 1080 3191 sic
1099 3138 1185 3191 tisttm
1204 3138 1232 3191 itt
1251 3138 1337 3205 prima
1357 3139 1428 3193 Sulis
1448 3156 1498 3195 ora
1518 3144 1598 3197 silut!

235 3226 437 3283 assequeretur.
476 3216 624 3270 Translata
643 3234 707 3270 acro
726 3216 807 3271 oculo
826 3217 954 3271 deorsum
973 3231 988 3267 ιι
1008 3214 1072 3269 Sole
1091 3230 1185 3269 stersus
1205 3217 1310 3270 Lunam
1330 3234 1378 3271 seu
1399 3220 1553 3287 speculum,
1571 3220 1599 3275 itt

234 3293 330 3347 eadem
349 3292 437 3351 lineo.
457 3312 527 3363 quac
547 3314 580 3351 cx
600 3312 648 3349 ora
661 3296 732 3348 Solis
751 3296 778 3348 in
797 3307 919 3350 centrum
938 3293 1042 3363 specult
1063 3292 1187 3357 ducitur,
1213 3304 1344 3361 puuctum
1364 3294 1524 3352 retlexionis
1544 3312 1597 3353 nott

232 3372 291 3439 jam
309 3372 443 3427 bisecaret
464 3376 538 3429 illurn
558 3392 650 3430 arcum
670 3376 765 3429 Lunae
784 3378 841 3443 ibe,
867 3374 916 3429 sed
935 3386 1041 3427 secaret
1065 3374 1092 3427 in
1112 3376 1290 3443 proportione
1308 3374 1546 3442 propinquitatum
1564 3372 1598 3431 d

235 3451 377 3521 speculum
396 3454 469 3507 Solis
488 3468 515 3509 et
535 3454 617 3509 risus.
640 3458 675 3511 At
695 3456 741 3511 Sol
762 3458 795 3509 zet
814 3454 917 3509 uicibus
937 3469 978 3508 est
998 3454 1154 3507 remotiora
1168 3452 1246 3505 Luna
1264 3452 1368 3507 bisecta
1388 3464 1414 3505 et
1428 3456 1464 3509 ou
1477 3469 1495 3506 a
1506 3454 1596 3523 plena,

234 3546 316 3597 quant
337 3530 423 3585 Terra
441 3548 490 3587 scu
509 3534 584 3589 tisus
610 3533 758 3589 abeodem
778 3534 863 3587 Larua.
901 3532 1076 3597 source-toa
1097 3532 1179 3595 ipitor
1197 3546 1260 3599 pars
1279 3546 1359 3584 arctas
1378 3533 1422 3579 ,ιιι
1441 3530 1534 3585 radios
1552 3547 1598 3587 ex·

234 3620 380 3663 lretttarum
399 3610 470 3663 'Selia
490 3630 598 3667 orarunt
618 3628 803 3681 repercuteret
825 3618 850 3668 iu
870 3626 993 3667 ceutruto
1013 3612 1100 3665 risus.
1125 3610 1177 3663 uoe
1196 3623 1238 3663 est
1258 3614 1319 3663 .··.=¹¹.
1356 3608 1479 3675 ta'ttsticit
1498 3608 1552 3665 boc
1569 3610 1597 3665 ιι

233 3688 373 3755 praesenti
393 3690 512 3753 nepotio.
533 3690 578 3743 uid
597 3707 676 3745 arcu<
695 3708 710 3745 a
731 3692 787 3745 suis
805 3694 943 3747 subtensis
962 3690 1042 3759 plauc
1061 3687 1127 3741 nibil
1146 3686 1236 3741 ditlert
1253 3688 1421 3741 adsensum.
1453 3688 1599 3743 l'roblertn

234 3766 323 3835 ipsunt
344 3766 507 3831 uniuersale,
526 3770 679 3823 iureuicudi
699 3785 829 3838 pttttetum
848 3770 1002 3825 retlexionis
1022 3770 1048 3819 iu
1063 3766 1173 3835 speculo
1187 3782 1320 3831 censere,
1338 3784 1399 3821 cum
1412 3766 1525 3822 t'iteltio
1543 3782 1598 3823 non

234 3848 268 3899 tit
288 3844 323 3899 ad
337 3862 441 3899 mantas.
462 3864 515 3901 nott
530 3848 604 3903 lubet
618 3868 688 3905 tuttuc
703 3867 802 3903 tctarc
814 3852 825 3917 [t
861 3850 1014 3916 Qttacritur.
1034 3846 1077 3899 ltic
1090 3861 1190 3915 patrus
1209 3862 1287 3899 arcus
1308 3846 1477 3915 1.oooeqoo
1496 3846 1599 3917 angttltt

232 3936 360 3977 cernatur
377 3940 411 3977 cx
425 3924 510 3979 Terra
520 3932 533 3977 'e
559 3928 616 3981 lloc
630 3929 711 3983 t‘acde
724 3938 922 3997 eontputamus.
949 3928 1017 3981 Natat
1032 3926 1053 3977 si
1073 3928 1147 3978 sirius
1166 3936 1239 3977 tutus
1258 3940 1306 3978 seu
1326 3923 1527 3979 semidiameter
1539 3942 1598 3980 cor·

232 4004 307 4071 poris
326 4002 428 4057 lunaris
441 4004 593 4071 explicetur
606 4024 717 4061 rtutuero
731 4010 772 4061 qo,
792 4018 820 4059 ut
841 4006 908 4057 solet
924 4006 1166 4071 lto-poeooomous,
1186 4011 1251 4055 tuuc
1271 4002 1345 4055 sinus
1364 4004 1600 4073 arcus1to¹¹capit

233 4098 314 4148 quarn
335 4082 456 4149 parietinae
474 4086 509 4137 iit·
528 4086 615 4137 tertia.
653 4086 714 4138 ι1ιιιιι
735 4100 797 4137 tero
817 4084 925 4139 illaec·
952 4084 1055 4137 ianuis
1079 4080 1270 4135 seutidiamctri
1299 4080 1426 4136 ridentur
1451 4084 1479 4137 in
1503 4082 1598 4137 Tetri!

231 4160 332 4227 stapulo
354 4166 409 4217 1“··.
435 4176 501 4229 erpo
527 4164 573 4217 illa
593 4168 628 4217 :tet
652 4166 731 4218 tertia
751 4163 784 4217 dc
805 4164 1004 4217 scrttidiauutro
1025 4162 1116 4215 lutrae
1140 4158 1305 4211 ridebantur
1331 4160 1358 4211 iu
1378 4160 1471 4215 'roera
1495 4160 1598 4231 angtrla

237 4242 266 4309 it
287 4240 441 4299 tertiorum,
464 4258 535 4307 quae
555 4256 615 4295 suut
636 4260 699 4311 pars
718 4254 815 4295 octat-a
835 4242 868 4295 de
889 4260 942 4295 runo
962 4241 1082 4295 secundo
1102 4252 1128 4291 et
1148 4252 1212 4306 pars
1231 4236 1500 4305 quadringentesima
1518 4248 1596 4295 octo·

233 4322 336 4387 pesima
355 4320 387 4373 de
408 4338 462 4372 tttto
481 4322 584 4388 pirineo.
604 4322 722 4389 denique
742 4338 804 4391 pars
823 4320 1032 4391 qttattterdecics
1052 4320 1194 4373 millesima
1212 4316 1482 4385 quadringentesima
1500 4316 1535 4371 de
1553 4318 1597 4375 30¹

231 4402 335 4467 primis,
356 4416 404 4452 eeu
423 4400 456 4451 de
475 4410 532 4453 teta
551 4398 681 4453 diautetro
702 4400 796 4454 lutrae
813 4414 970 4469 apparente.
1015 4400 1086 4453 Ecce
1108 4412 1189 4465 quant
1208 4396 1286 4449 exilis
1306 4396 1353 4449 tiat
1374 4398 1510 4451 diameter
1530 4398 1597 4451 im·

233 4496 302 4541 panas
322 4475 404 4539 sols,
425 4478 448 4529 si
466 4490 584 4545 ponatur
603 4478 680 4531 lama
699 4478 849 4545 speculum.
868 4496 929 4531 euttt
949 4478 1030 4546 plena
1048 4488 1098 4529 est.
1137 4476 1167 4529 lu
1187 4474 1353 4541 quadratura
1372 4492 1416 4529 res
1434 4492 1490 4531 uon
1508 4474 1597 4531 multo

231 4558 312 4611 babet
332 4558 426 4615 altter,
453 4558 504 4609 uisi
523 4557 595 4623 qued
615 4570 679 4611 tuuc
699 4572 829 4625 perunctum
850 4558 1006 4611 retlcxieuis
1025 4558 1127 4611 reo-da
1146 4556 1181 4609 ad
1202 4556 1274 4607 latus
1294 4554 1366 4617 cic-bi
1386 4554 1481 4609 Lunae
1500 4566 1597 4609 renna

231 4638 321 4689 Solem
340 4646 384 4693 ιιιι
403 4633 450 4689 iol.
474 4638 522 4687 ll·t
561 4649 691 4703 pttttctunt
711 4636 747 4695 lt.
775 4638 877 4690 duleus
906 4638 1066 4689 diametrum
1086 4634 1211 4703 iutapiuis
1230 4636 1258 4687 itt
1277 4634 1352 4687 illam
1369 4632 1479 4703 plagam
1497 4643 1595 4689 catca-

231 4730 289 4767 aatn
309 4712 399 4768 adhue
418 4726 614 4779 aupttsttorem,
633 4720 735 4785 quippe
754 4716 879 4783 imaginis
899 4716 1012 4781 tigttraut
1031 4714 1190 4781 clltpticatu.

337 4794 379 4847 tiu.
401 4790 556 4861 lleaputtrio
574 4804 617 4849 eat
636 4794 747 4865 optinta,
767 4806 957 4863 praeterquam
975 4794 1046 4849 cuitu
1065 4794 1139 4865 quod
1159 4790 1302 4863 imaginent
1320 4788 1393 4847 tollit
1409 4790 1439 4847 ιιι
1451 4788 1525 4847 omni
1538 4788 1595 4849 tila
