3308 5534
702 337 753 395 ΠΙ.
772 338 973 398 Astronomica.
1449 337 1514 409 283

256 520 326 581 Duo
349 535 422 599 crgo
442 518 572 597 insignis
585 522 690 580 amata
712 520 813 580 insunt
835 520 865 579 in
886 517 944 581 hac
965 516 1108 597 Scaligeri
1139 517 1403 597 argumentatione.
1446 516 1515 577 l'ri·

156 626 241 683 muns,
263 606 346 685 qnod
369 605 461 669 credit
482 606 637 667 assertioni
660 606 792 682 Eudoxi,
816 610 868 684 qui
888 606 1006 669 stellam
1027 606 1160 685 polarcm
1183 606 1257 665 dixit
1279 605 1381 683 polum
1402 604 1514 670 mnndi.

154 698 195 757 Ex
218 695 277 758 hoc
299 695 387 757 insert
409 693 554 771 Scaliger,
587 694 711 755 eundern
741 696 924 755 uicinitatem
955 702 1026 755 tune
1052 695 1193 774 habuisse
1216 692 1393 771 adpotum,
1423 711 1512 770 quam

154 784 241 845 habet
262 782 362 845 hodia
409 781 451 842 At
472 798 523 841 cnr
545 797 604 841 non
627 799 683 860 ego
707 800 803 859 aequo
830 783 918 844 tacite
940 789 970 844 et
997 781 1086 860 longe
1110 780 1230 859 quidem
1253 779 1456 856 vermimilins,
1486 784 1512 841 si

154 872 251 933 uerbis
272 868 392 931 Eudoxi
414 868 633 943 inhaerendum,
656 869 782 946 medam,
805 876 875 931 tunc
897 871 927 929 in
950 872 1016 948 ipso
1037 869 1107 948 polo
1130 869 1230 943 luisse,
1254 868 1313 928 huc
1327 885 1421 945 nsque
1441 886 1513 931 vero

152 958 188 1021 ad
210 957 364 1019 tantulum
384 958 515 1034 spatium
536 975 555 1017 a
577 956 647 1035 polo
669 966 836 1035 promotam
859 966 889 1019 et
911 960 954 1019 sic
968 975 1027 1018 non
1042 960 1195 1018 immotam
1209 974 1275 1018 esse
1289 968 1426 1033 respectu
1440 954 1512 1034 poli,

152 1045 232 1123 quod
256 1052 305 1106 est
325 1046 504 1107 eontrarium
527 1044 600 1120 ejus,
624 1045 705 1122 qnod
728 1046 776 1107 hic
799 1048 915 1123 quaerit
937 1045 1090 1123 Scaliger?
1120 1044 1180 1105 Cur
1201 1061 1261 1104 non
1284 1042 1367 1103 audit
1381 1042 1515 1120 Hippar-

152 1134 239 1195 chum
261 1132 405 1211 Scaliger,
437 1149 565 1192 crassam
588 1132 705 1193 Eudoxi
727 1137 950 1195 annotationem
972 1134 1169 1194 astronomica
1197 1133 1391 1209 castigantem
1413 1130 1514 1193 seculo

153 1223 291 1301 proximo
314 1228 384 1299 post
405 1219 575 1294 Eudoxum,
608 1223 659 1297 qui
681 1221 798 1282 stellam
818 1221 950 1300 polarcm
973 1239 1032 1283 non
1056 1222 1087 1279 in
1108 1220 1196 1298 poio,
1219 1236 1278 1279 nou
1302 1215 1337 1280 3⁰
1358 1225 1392 1279 ut
1413 1218 1512 1296 hodie,

153 1307 202 1371 sed
233 1308 315 1371 ultra
339 1306 396 1369 12⁰
417 1325 436 1367 a
458 1306 528 1386 polo
550 1308 660 1368 distare
682 1308 811 1370 assent?
856 1310 915 1369 Cur
941 1326 1002 1370 non
1031 1326 1136 1369 causas
1166 1308 1350 1385 pronunciari
1377 1306 1514 1368 Eudoxci

154 1396 357 1474 circumspicit
377 1394 533 1473 Scaliger?
571 1394 682 1456 Stellae
705 1396 864 1475 pleraeque
892 1396 970 1459 aliae
993 1397 1163 1476 Cynosurae
1188 1394 1312 1455 circulos
1335 1393 1514 1455 sensibiliter

154 1484 281 1561 naiores
305 1484 384 1543 eirea
405 1483 507 1561 polum
530 1481 744 1559 describebant,
765 1486 828 1561 J'am
851 1503 941 1563 supra
962 1485 1095 1562 polarem
1110 1486 1203 1559 visae,
1223 1484 1288 1561 jam
1309 1481 1393 1557 inira,
1414 1482 1512 1558 jamn

155 1572 272 1647 dextris,
296 1572 359 1649 jam
373 1589 393 1630 a
407 1572 542 1647 sinistris,
565 1588 633 1631 eum
656 1580 791 1634 econtra
812 1574 900 1651 polus
923 1575 987 1651 ipse
1009 1572 1091 1633 nullo
1114 1574 1199 1649 signo
1223 1570 1316 1631 oculis
1338 1569 1513 1645 subjiciatur

156 1659 190 1721 ad
219 1661 351 1737 primum
378 1660 526 1719 intuitum.
579 1659 648 1719 Non
675 1664 781 1721 mirum
810 1664 927 1738 itaquo,
957 1663 983 1720 si
1014 1660 1154 1721 Eudoxus
1189 1659 1312 1735 vulgum
1346 1656 1513 1719 eruditurus

156 1747 287 1827 polarem
310 1746 370 1805 illis
393 1747 521 1807 ostendit
542 1746 659 1808 stellam
680 1766 734 1825 pro
756 1750 842 1826 signo
865 1749 937 1828 poli.
983 1747 1067 1809 Alter
1089 1765 1168 1808 error
1189 1748 1313 1823 insignis
1334 1744 1423 1822 hujus
1444 1744 1513 1821 leel,

157 1834 251 1914 quod,
282 1835 383 1913 posito
414 1850 485 1895 reso
515 1833 714 1911 antecedenti,
746 1836 878 1913 Scaliger
899 1854 993 1914 genus
1016 1839 1186 1896 universnm
1208 1835 1310 1909 iniert,
1334 1850 1401 1893 oum
1423 1850 1512 1894 unam

155 1923 248 1985 solam
268 1924 401 1998 speciem
416 1921 535 1983 deberet
550 1924 668 1984 inferre:
693 1924 850 2000 concludit,
874 1924 964 2002 plano
985 1942 1044 1984 non
1060 1925 1181 1999 moveri,
1206 1940 1272 1984 eum
1294 1922 1388 1999 possit
1403 1920 1513 1983 nihilo-

155 2014 249 2073 minus
271 2011 387 2069 moveri
416 2011 446 2067 in
473 2010 615 2087 parallelo
643 2012 879 2088 aequinoctialis.
922 2013 989 2072 Non
1012 2029 1081 2089 crgo
1105 2013 1200 2071 omnis
1222 2016 1319 2070 motus
1342 2008 1466 2071 fixarum
1481 2011 1512 2069 in
1629 2038 1632 2043 ·

155 2098 367 2175 consequentia
390 2095 595 2174 destrueretur,
618 2106 652 2157 nt
673 2100 816 2177 gloriatur
837 2098 969 2177 Scaliger
991 2118 1024 2160 se
1047 2099 1235 2159 destruxisse.

255 2184 321 2261 Ego
345 2200 427 2259 raro,
449 2186 539 2246 missa
562 2185 677 2248 Eudoxi
701 2205 801 2248 crassa
815 2194 846 2247 et
859 2188 994 2266 populari
1011 2190 1213 2267 annotatione,
1235 2203 1324 2264 qnam
1336 2182 1512 2247 Eratosthe-

154 2290 204 2333 nes
225 2289 289 2335 non
311 2274 431 2349 propria
452 2274 637 2348 auctoritate,
660 2275 714 2335 sed
737 2278 901 2337 imitatione
924 2275 989 2336 sola
1011 2275 1127 2335 Eudoxi
1149 2274 1303 2349 stabilivit,
1327 2290 1421 2349 eaque
1445 2290 1512 2333 eor-

154 2368 232 2423 recta
253 2378 292 2421 ex
314 2359 502 2438 Hipparcho,
534 2363 586 2438 qui
616 2379 707 2439 penes
737 2370 922 2424 astronomos
950 2364 1017 2441 June
1049 2380 1162 2423 summo
1193 2365 1290 2441 potior
1311 2361 1436 2421 Eudoxo
1466 2367 1513 2423 est

153 2458 270 2525 auctor,
295 2450 525 2526 argumentabor
545 2451 603 2524 sic,
632 2451 724 2513 rerba
745 2452 890 2528 Scaligeri
911 2460 1063 2512 mutuatus
1086 2470 1123 2512 ex
1144 2450 1195 2511 iol.
1221 2456 1278 2511 31:
1305 2448 1385 2509 Cum
1406 2456 1509 2511 ornn-

154 2536 286 2599 derimus
314 2536 488 2613 (collatione
515 2539 716 2599 annotationis
745 2538 910 2617 Hipparchi
947 2556 1013 2600 cnm
1046 2539 1304 2599 observationibus
1333 2531 1508 2623 hodiernis),

154 2620 314 2685 stellan
335 2625 409 2685 olim
430 2624 552 2701 longius
573 2644 594 2686 a
611 2628 687 2702 polo
708 2630 873 2701 recessisse,
904 2646 1000 2705 quam
1022 2628 1109 2689 hodie
1130 2626 1267 2701 videtur,
1296 2644 1367 2702 erpo
1385 2643 1445 2701 per
1458 2630 1510 2702 ip-

156 2730 217 2773 ram
236 2714 476 2789 propositionem
497 2714 598 2773 anuas
619 2716 654 2774 in
676 2719 891 2793 consequentia
913 2720 1045 2789 moveri,
1080 2718 1199 2776 omnino
1222 2722 1267 2775 est
1289 2713 1448 2791 possibile,
1479 2720 1510 2775 ct

158 2802 221 2877 quia
241 2802 368 2861 mutatio
392 2799 548 2862 distantiae
570 2819 590 2861 a
611 2801 682 2879 polo
706 2806 839 2864 consistit
862 2805 939 2863 intra
963 2800 1033 2879 10⁰,
1065 2819 1130 2863 cnm
1158 2810 1223 2863 tota
1244 2801 1359 2863 zodiaci
1381 2805 1510 2879 puncto·

158 2906 215 2949 rum
236 2890 266 2947 in
290 2886 433 2947 dismntia
454 2907 473 2948 a
493 2888 563 2966 polo
585 2892 715 2951 venetas
739 2889 797 2952 47⁰
819 2892 1038 2969 complectatur,
1062 2890 1129 2952 ideo
1151 2908 1266 2951 rursum
1287 2889 1431 2967 possibile
1454 2898 1509 2965 est

159 2975 227 3037 banc
247 2976 465 3037 successionem
487 2975 640 3037 stellarum
661 2979 692 3036 in
708 2982 919 3057 consequentia
934 2980 997 3040 tieri
1015 2978 1177 3040 secundum
1193 2976 1370 3057 parallelum
1384 2975 1509 3051 zodiaci,

159 3064 294 3123 nomilia
317 3081 355 3123 ac
376 3067 545 3140 nugatoria
575 3073 617 3125 est
639 3068 806 3146 (contraria)
838 3070 959 3143 opinio,
991 3085 1183 3143 quamquam
1216 3066 1367 3126 vindicem
1399 3064 1510 3125 haheat

159 3168 296 3211 summurn
312 3154 409 3211 rhum
423 3150 614 3229 Scaligerum.
653 3152 731 3229 Quid
753 3172 831 3214 nunc
849 3154 962 3215 hiscere
978 3154 1100 3215 audebit
1122 3153 1261 3231 Scaliger,
1286 3156 1340 3229 qui
1355 3160 1420 3212 tom
1432 3171 1507 3228 per·

160 3242 293 3299 duamur
313 3238 463 3318 defendit,
491 3241 573 3317 quod
593 3243 742 3318 ignorat?
778 3242 860 3302 Nam
893 3243 975 3319 quod
999 3245 1075 3302 sciat
1097 3251 1185 3317 certo,
1215 3242 1339 3301 nullum
1359 3242 1507 3317 sphaerae

160 3336 276 3388 ortoem
305 3334 424 3389 motum
454 3331 729 3406 inconsequentia
757 3348 815 3390 esse
843 3330 938 3407 (quod
965 3331 1066 3391 thema
1087 3332 1184 3408 ipsum
1207 3328 1294 3390 facile
1325 3328 1447 3405 largior,
1479 3330 1506 3389 si

160 3414 290 3493 legitimis
313 3433 349 3476 ex
372 3416 469 3475 musis
492 3417 655 3493 inseratur),
678 3424 731 3477 ant
746 3417 879 3478 diversos
901 3436 966 3479 esse
987 3418 1073 3496 polos
1097 3418 1198 3477 mundi
1220 3416 1329 3494 apolis
1344 3419 1506 3494 aequinoc-

159 3504 238 3577 tialis,
261 3506 309 3563 ita
325 3502 505 3579 praedicat,
527 3504 579 3563 sed
600 3508 675 3581 quic
695 3524 775 3580 puer
797 3524 905 3566 verum
928 3506 1038 3566 ducem
1059 3508 1203 3583 neglexit,
1233 3522 1333 3565 serrem
1357 3524 1378 3564 a
1396 3506 1505 3579 pueris

159 3590 260 3653 discere
290 3598 343 3651 aut
371 3590 513 3667 puerilem
543 3609 668 3653 errorem
696 3595 781 3653 lateri
802 3594 904 3669 pudet,
950 3593 1097 3670 Quicquid
1127 3601 1341 3654 assentatorum
1364 3590 1504 3668 Scaligeri

158 3686 210 3753 est,
231 3680 293 3739 huc
314 3687 482 3738 eonmsrrat
503 3688 531 3739 et
551 3698 661 3755 operas
690 3698 762 3741 suas
791 3682 942 3759 conferat,
973 3690 1010 3741 ut
1039 3682 1118 3741 illud
1145 3682 1323 3760 fabulosum
1352 3680 1506 3740 discrimen

157 3768 225 3827 inter
254 3764 357 3844 polum
384 3766 485 3825 mnndi
516 3775 546 3826 et
567 3768 669 3845 polum
696 3768 935 3844 aequinoctialia,
967 3777 1001 3829 nt
1030 3772 1245 3847 ineptissimam
1275 3769 1505 3830 confutationem

156 3864 246 3913 motus
271 3864 397 3915 octavae
419 3854 570 3932 sphaerae,
594 3863 751 3916 tueantur.
783 3856 865 3916 Satis
889 3874 936 3918 eor
956 3857 1142 3918 submovebit
1164 3856 1327 3933 Hipparchi
1350 3862 1379 3914 et
1401 3854 1506 3915 Ptole·

155 3942 226 4003 maci
254 3950 286 4002 et
309 3945 403 4004 totius
423 3946 581 4003 cesariana
610 3946 799 4020 omniumque
830 3942 1037 4005 hodiernorum
1066 3952 1299 4005 astronomorum
1327 3945 1504 4003 auctoritas.

155 4030 293 4108 Prosemo
314 4030 408 4108 furor
430 4039 480 4105 ert,
503 4033 588 4091 nimis
611 4034 744 4109 properis
766 4033 1049 4092 ratiocinatiunculis
1072 4050 1138 4092 aso
1160 4035 1224 4109 ipso
1248 4031 1402 4108 deceptum
1417 4031 1506 4107 inque

153 4128 346 4179 monstrosam
369 4120 536 4195 opinionem
559 4119 720 4195 inductum,
744 4119 885 4179 adversus
907 4118 1003 4181 lucem
1025 4123 1159 4180 veritatis
1176 4119 1364 4195 pertendere.
1410 4118 1507 4195 Spero

152 4216 266 4279 tammo,
297 4209 453 4267 neminem
475 4216 540 4266 tam
563 4227 583 4267 a
605 4226 677 4269 vero
705 4224 849 4267 accersam
875 4208 957 4285 fore,
990 4211 1045 4284 qui
1073 4211 1167 4267 tant—is
1194 4215 1319 4283 tamque
1348 4208 1508 4269 luculentis

150 4297 328 4355 testimoniis
350 4295 502 4370 consectus
523 4302 552 4353 et
574 4294 726 4371 depositus
748 4312 861 4354 manus
882 4297 968 4355 ultra
989 4314 1054 4356 non
1077 4296 1125 4355 det
1147 4304 1174 4356 et
1199 4298 1331 4372 ingenue
1357 4296 1506 4373 fateatur,

149 4382 333 4460 scaligerum
356 4382 472 4442 Eudoxi
493 4382 669 4443 affirmatum
692 4382 834 4461 populare
857 4390 886 4444 et
902 4401 1032 4443 crassum
1047 4392 1235 4460 praepostere
1257 4387 1507 4460 interpretantem,

148 4478 247 4550 spreto
269 4470 445 4548 Hipparcho
468 4478 498 4530 et
519 4470 691 4532 Ptolemaeo
714 4478 744 4530 ct
766 4475 852 4531 omni
873 4480 1121 4532 astronomorum
1145 4476 1280 4546 natione,
1310 4489 1369 4529 non
1392 4477 1505 4530 tanturn

142 4560 327 4634 jomslariter
348 4565 377 4619 et
396 4558 559 4634 pueriliter
577 4577 701 4634 errasse,
725 4558 778 4619 sed
801 4560 889 4619 etiam
903 4560 1127 4637 reprehensione
1143 4560 1263 4637 dignum
1279 4576 1344 4619 esse
1360 4566 1389 4619 et
1411 4564 1505 4617 teme-

145 4644 295 4729 ritatis'ain
315 4645 494 4723 Judicando,
520 4646 664 4708 audaciae
687 4664 757 4708 vcro
780 4648 809 4704 in
833 4645 1032 4707 convellendis
1057 4647 1208 4708 doctorum
1230 4638 1359 4707 virorum
1382 4645 1505 4706 demon-

144 4736 339 4799 strationibus
360 4750 445 4796 reum
466 4736 574 4797 teneri:
598 4738 681 4812 quod
702 4734 825 4812 quidem
846 4735 1022 4797 humanum
1042 4744 1103 4816 eat,
1124 4738 1177 4797 sed
1197 4737 1376 4812 belluinum,
1400 4736 1506 4809 impu-
