3308 5534
145 409 211 483 ιιι
653 415 988 488 ιιιιιοιιιιιιιοριιιι.

146 591 242 653 aliam.
272 591 315 651 iix
332 609 392 669 quo
407 595 483 652 enim
499 610 558 655 non
580 594 668 671 thus
690 602 805 657 tantum
826 592 919 656 seculi
941 591 1096 670 theologos
1117 590 1222 653 audiri
1245 599 1280 653 et
1301 591 1379 671 legi,
1400 590 1506 653 niter

146 680 334 741 concionibus
349 691 379 741 et
392 683 508 758 scriptis
522 682 698 743 refutatoriis
714 685 743 742 in
758 681 999 744 sollicitudinem.
1010 681 1160 757 conjectus
1184 688 1217 741 et
1240 679 1282 740 ad
1306 683 1505 758 antiquitate·

146 769 233 827 etiarn
249 766 425 828 audiendam
440 768 589 847 librosque
604 787 703 830 eorum
719 769 861 848 legendos
876 769 999 830 adactos
1021 786 1099 827 snm:
1119 767 1184 845 jam
1206 785 1301 845 porro
1316 770 1507 846 competentia

146 855 225 932 apud
247 872 294 914 rne
314 859 404 915 oritur
419 860 493 916 inter
508 856 662 917 ecclesiam
678 866 708 918 et
722 857 886 918 ecclesiam.
917 856 1025 917 Fateor
1045 855 1157 933 aliquid
1174 854 1288 915 debere
1312 858 1506 916 ennoaitata

145 960 241 1003 meam
256 947 423 1003 auctoritati
439 944 589 1019 ecciesiae,
605 953 636 1004 at
651 944 703 1005 ilia
717 948 876 1006 auctoritas
890 960 948 1002 non
964 945 1092 1017 moritur,
1117 944 1166 1004 ubi
1190 941 1301 1002 divina
1321 942 1506 1021 disposition

146 1038 242 1090 exstat
256 1030 307 1090 illa
324 1033 496 1108 consignata
510 1034 539 1090 in
554 1034 670 1109 scriptis
685 1042 809 1110 patrum.
838 1032 941 1092 Debeo
958 1031 1068 1108 aliquid
1084 1033 1158 1091 meis
1173 1033 1427 1107 praeceptoribus
1439 1046 1506 1107 ques

146 1116 258 1192 audivi,
281 1118 376 1177 debeo
398 1119 465 1195 plus
488 1119 655 1194 Veteribus,
679 1123 730 1199 qui
754 1114 837 1182 erant
858 1120 947 1196 positi
971 1129 1053 1178 extra
1074 1119 1170 1178 aleam
1195 1129 1371 1178 nostrarum
1393 1128 1505 1178 costea-

147 1207 268 1267 tionnm.
314 1205 380 1265 Hoc
403 1224 499 1266 meum
523 1207 653 1266 debitum
675 1212 719 1268 sic
741 1207 897 1283 dispertior
919 1199 993 1265 iriter
1016 1205 1099 1279 illos,
1122 1213 1156 1264 ιιι
1178 1205 1270 1265 facile
1295 1205 1405 1266 cedam
1427 1220 1505 1264 aera·

146 1295 260 1353 satione
275 1293 489 1368 modernorum,
512 1296 537 1352 si
554 1296 609 1370 ipsi
626 1303 838 1371 protestentur,
861 1311 894 1354 se
908 1310 966 1351 nou
983 1294 1090 1353 sentire
1113 1300 1217 1353 contra
1238 1302 1347 1371 patres
1363 1296 1394 1351 in
1409 1292 1505 1353 funde·

146 1390 262 1453 mento,
293 1390 324 1440 at
347 1383 476 1441 vicissim
500 1384 641 1441 retineam
670 1382 835 1442 iocationes
859 1391 990 1441 reterurrr
1013 1383 1042 1439 iu
1065 1380 1123 1440 hoo
1144 1396 1206 1439 uno
1228 1380 1363 1440 articulo
1386 1379 1424 1440 de
1444 1396 1502 1456 per·

146 1484 220 1527 sona
235 1468 342 1526 Christi
365 1476 394 1528 et
417 1470 511 1528 carnis
535 1471 789 1546 omnipraeseniia,
812 1484 872 1529 aon
895 1485 1008 1541 curans,
1033 1465 1137 1545 quales
1165 1469 1285 1527 sintin
1309 1470 1419 1530 ceteris
1439 1466 1504 1543 dog·

145 1555 290 1628 matibus,
319 1559 369 1631 qui
397 1556 500 1616 iisdem
530 1555 618 1616 hodie
647 1565 782 1617 utuntur:
815 1573 881 1616 cum
907 1558 1013 1628 sciam,
1046 1562 1144 1632 patres
1173 1554 1244 1613 iilos
1284 1554 1503 1615 habuissem

146 1652 245 1703 aetate
269 1642 438 1702 manifestos
452 1643 642 1704 Nestorianos
665 1652 696 1704 et
710 1643 919 1722 Eutychianos,
941 1660 1037 1719 neque
1059 1649 1156 1702 umen
1182 1644 1211 1699 in
1234 1639 1415 1719 despectum
1430 1642 1503 1718 qusai

146 1731 360 1790 haereticorum
392 1737 443 1789 aut
474 1730 512 1789 nd
535 1731 684 1790 cavendos
713 1732 781 1791 iilos
809 1729 1016 1791 abstinendum
1043 1731 1100 1788 sihi
1132 1731 1288 1788 censuisse
1312 1728 1502 1788 locutionibus

147 1816 206 1876 illis
235 1821 307 1877 suis.
353 1817 457 1893 itaque
489 1835 541 1893 per
570 1819 646 1878 hauc
676 1820 793 1879 unicam
821 1820 1038 1878 concessionem
1066 1816 1104 1878 D.
1134 1816 1173 1875 D.
1204 1816 1427 1894 Praeceptores
1454 1817 1502 1875 nei

146 1905 233 1964 facile
256 1905 392 1978 efficient,
416 1914 449 1963 nt
465 1906 638 1966 exhibeatur
653 1907 724 1984 ipsis
739 1924 758 1968 a
772 1924 819 1967 me
834 1907 928 1964 omnis
950 1905 1113 1964 reverentia
1126 1913 1156 1964 et
1171 1904 1356 1980 obsequium
1371 1904 1502 1965 ecelesist

148 1991 295 2065 debiturn,
326 1995 351 2050 si
374 2010 421 2052 me
448 1996 599 2070 patiantur
625 1995 783 2071 phrasibus
812 2001 928 2069 patrum
954 2000 984 2051 et
1006 1992 1148 2052 ecciesiae
1183 1993 1296 2052 veteris
1320 1995 1351 2051 ιιι
1374 1992 1433 2052 hoc
1453 2004 1501 2049 ιι

149 2080 274 2141 articulo
297 2083 350 2153 uti,
373 2098 428 2141 nec
451 2090 569 2159 propter
591 2082 647 2143 hoo
671 2098 716 2141 me
739 2079 897 2142 excludant
921 2081 1133 2139 communione.
1178 2078 1256 2138 Nam
1283 2082 1327 2139 uti
1351 2079 1419 2140 sola
1439 2078 1500 2137 haer

148 2184 215 2229 mea
238 2168 368 2228 exclusio
391 2169 603 2245 inquietudinis
625 2170 697 2229 mihi
720 2169 815 2228 omnis
838 2175 1009 2241 causaest,
1035 2165 1282 2243 tranquillissimo
1306 2166 1386 2226 aliae
1405 2167 1500 2233 futu,

148 2258 191 2315 ita
214 2255 390 2315 exclusionis
414 2258 502 2333 hujus
525 2257 636 2318 nuliam
658 2274 706 2317 me
729 2273 848 2316 causam
870 2255 1012 2332 praebere
1033 2256 1094 2314 scio
1118 2254 1209 2313 aliam
1224 2262 1344 2331 praeter
1359 2254 1438 2314 hanc
1456 2270 1500 2313 ex·

149 2345 324 2419 ceptionem.
368 2344 400 2402 Si
430 2345 490 2404 alia
517 2345 590 2403 mihi
620 2339 807 2422 generalibus
836 2343 934 2402 verbis
963 2344 1107 2401 intentata
1134 2340 1216 2401 fuere
1243 2342 1433 2418 crimina'),
1459 2338 1500 2399 ib

149 2447 246 2508 neque
268 2431 393 2506 probata
415 2440 483 2490 sunt
506 2432 591 2491 factis
614 2433 737 2492 dictisve
760 2431 842 2505 mels,
866 2447 920 2489 nee
942 2429 1042 2506 qualia
1063 2429 1124 2488 sint
1145 2431 1221 2488 citra
1242 2428 1336 2488 talem
1359 2430 1500 2506 probatis·

149 2534 216 2578 acm
239 2533 295 2593 ego
317 2535 477 2594 agnoscere
501 2527 553 2578 ant
568 2536 673 2579 carere
695 2536 825 2595 possum,
848 2525 879 2577 et
892 2518 917 2576 si
941 2516 1011 2592 qnid
1034 2533 1089 2592 ego
1106 2514 1154 2575 vel
1170 2518 1327 2575 minimum
1341 2519 1427 2594 potui
1440 2515 1499 2575 nb·

150 2604 266 2665 odorari
291 2604 400 2664 dictum
431 2607 593 2679 factumve,
622 2605 702 2683 quod
734 2609 806 2666 citra
833 2622 928 2664 meam
955 2607 1146 2663 intentionem
1178 2603 1379 2665 offensionem
1409 2616 1499 2680 partic

150 2696 248 2770 potuit
278 2692 417 2769 quodque
448 2694 533 2752 salsa
560 2693 617 2752 hac
639 2696 726 2752 unica
748 2710 815 2752 mea
838 2693 1008 2768 exceptione
1040 2693 1137 2767 potnit
1166 2693 1281 2765 omitti,
1314 2692 1344 2751 id
1371 2691 1499 2751 boam

150 2779 254 2840 sedulo
277 2782 417 2839 intermisi
440 2798 595 2857 speroque,
618 2783 643 2839 si
667 2779 715 2840 vel
739 2779 775 2839 ad
799 2779 875 2838 hanc
898 2779 997 2837 boram
1021 2795 1114 2854 nsque
1136 2795 1197 2837 non
1213 2778 1306 2855 piane
1320 2779 1351 2838 id
1368 2780 1499 2843 fecissen.

150 2871 176 2928 sl
199 2876 296 2927 tamen
321 2885 355 2926 ex
380 2867 436 2926 hoo
459 2878 590 2944 tempore
614 2867 642 2926 id
665 2886 712 2926 me
735 2867 877 2926 facturum
906 2869 1088 2943 promittam,
1119 2868 1322 2944 poenitentiae
1352 2864 1500 2926 ioeomhl

150 2955 292 3016 relietum.
338 2954 451 3030 Quodsi
484 2959 571 3015 etiarn
601 2955 720 3034 publica
750 2953 954 3032 deprecatione
984 2970 1057 3031 opus
1080 2964 1138 3026 est,
1170 2970 1236 3011 enm
1269 2971 1330 3013 non
1361 2952 1499 3019 recusabo.

151 3042 310 3102 dnrnnrodo
332 3046 439 3103 crimen
458 3042 578 3119 aliquod
602 3043 765 3102 manifestis
788 3044 861 3100 meis
885 3040 969 3100 dictis
992 3042 1115 3100 factisrc
1131 3041 1284 3117 probetur,
1309 3051 1338 3102 et
1355 3041 1500 3107 auditores.

151 3148 249 3191 coram
273 3132 381 3206 quihus
406 3131 620 3208 deprecandum
644 3133 691 3202 sii,
716 3128 753 3189 de
775 3128 910 3187 omnibus
934 3129 1061 3186 criminis
1082 3130 1313 3188 circumstantiis
1336 3128 1501 3189 sufficiente

151 3237 238 3278 ame
262 3221 376 3294 possint
398 3219 556 3290 informari,
579 3235 616 3276 ne
640 3216 710 3292 qnid
733 3232 798 3275 meo
822 3217 938 3275 nornine
961 3224 1140 3294 proponatur
1162 3215 1326 3289 ecciesiae,
1355 3215 1437 3293 qood
1455 3228 1501 3292 qt

151 3321 210 3366 non
234 3322 373 3380 agnosco,
397 3323 473 3381 qnae
497 3306 679 3383 hypocritica
702 3303 868 3381 deprecatio
892 3312 979 3363 esset.

257 3393 293 3451 lit
316 3393 468 3469 quiajam
491 3395 559 3452 anni
591 3401 660 3450 sunt
682 3400 794 3468 sepiem
817 3392 938 3465 integri,
967 3407 1018 3469 per
1040 3406 1115 3466 qnos
1138 3389 1225 3449 durat
1247 3391 1328 3452 haec
1349 3389 1501 3471 suspendo.

152 3496 218 3541 cum
241 3498 356 3556 sernper
379 3480 570 3558 praetendant
593 3479 681 3554 hujus
704 3479 762 3538 ioci
785 3479 918 3550 ministri,
941 3494 973 3537 se
996 3486 1114 3554 paratos
1138 3494 1204 3537 csse
1227 3496 1277 3538 me
1301 3476 1501 3549 admittere!

151 3571 367 3628 aconsistorio
397 3568 444 3627 vel
474 3567 614 3626 facultate
638 3566 806 3642 theologica
827 3564 1070 3639 wirtembergiea
1100 3563 1156 3623 hoe
1179 3567 1352 3643 impetrem,
1382 3582 1437 3625 nee
1455 3578 1501 3623 1·

151 3672 240 3731 quam
264 3655 335 3713 mihi
359 3658 556 3730 categoricum
580 3671 751 3731 responsum
775 3670 793 3711 a
815 3670 965 3729 quoquam
989 3651 1192 3727 theologorum
1216 3656 1307 3713 fuerit
1331 3655 1446 3717 datum.
1472 3664 1500 3707 ex

151 3759 211 3819 qno
233 3745 352 3815 scirem,
385 3760 421 3801 an
446 3741 572 3801 finaliter
595 3741 732 3800 exclusus
756 3742 812 3799 sim
833 3757 925 3801 necne
948 3739 1026 3819 (nam
1049 3743 1203 3817 responsio
1232 3743 1406 3800 consistorii
1427 3740 1500 3797 Stac-

150 3830 280 3888 cordiani
304 3834 397 3908 prirno
421 3846 498 3889 anno
522 3829 592 3888 data
608 3833 711 3902 (ιθ-12),
734 3829 864 3906 profecta
887 3836 931 3887 est
954 3845 990 3886 ex
1013 3827 1090 3886 mola
1113 3826 1334 3900 informatione,
1358 3838 1389 3888 et
1403 3830 1428 3885 si
1442 3820 1500 3899 quii

151 3918 181 3973 ιιι
206 3934 241 3975 ea
265 3918 336 3975 nriiri
361 3919 473 3975 crimini
498 3916 598 3976 datum
623 3925 666 3974 est
690 3933 772 3988 vere,
796 3914 825 3973 id
849 3932 935 3992 spero
958 3915 1098 3973 hactenus
1123 3915 1317 3975 emendatum
1342 3914 1434 3985 esse).
1454 3916 1501 3969 ita·

150 4018 209 4077 que
231 4003 301 4061 mihi
322 4005 384 4080 jam
409 4008 514 4064 iterato
537 4020 677 4080 responso
702 4002 748 4061 vel
772 4001 890 4061 tandem
907 4019 981 4080 opus
996 4004 1058 4071 erit,
1082 4018 1178 4076 neque
1201 4002 1275 4060 mihi
1300 4006 1356 4063 erit
1378 4000 1501 4063 con-'i-

150 4088 279 4162 tendnrn,
304 4099 337 4149 ut
358 4095 412 4150 sirn
436 4099 578 4169 perpetuo
603 4093 703 4148 sirum
726 4088 913 4161 scandalum,
944 4088 997 4148 sed
1020 4087 1230 4147 occurrendum
1263 4094 1321 4149 erit
1344 4100 1375 4149 et
1397 4090 1501 4149 haisti

149 4173 245 4235 famae
268 4176 394 4252 plurium
418 4178 584 4238 haeresium
608 4177 711 4237 mediis
735 4180 781 4247 iis,
805 4194 882 4251 quae
897 4186 965 4234 sunt
981 4179 1053 4235 meis
1069 4175 1292 4237 conditionibus
1306 4188 1498 4237 conantem

256 4261 295 4322 Ui
319 4274 417 4324 autem
441 4268 536 4324 ornnis
567 4265 724 4324 difficultas
747 4267 900 4339 omnisque
922 4263 1098 4340 perplexitas
1130 4262 1272 4331 tollatur,
1304 4265 1393 4325 facile
1418 4268 1499 4341 potest

150 4344 243 4405 dividi
266 4355 411 4424 quaestio.
458 4354 525 4412 Scio
550 4354 640 4411 vitam
664 4369 758 4412 meam
782 4367 840 4410 non
864 4367 952 4427 posse
975 4352 1134 4409 examinari
1159 4352 1189 4407 in
1213 4346 1496 4427 wirtembergh”l

149 4433 201 4490 obi
224 4451 278 4493 nec
301 4448 455 4497 accusator
486 4456 539 4498 noe
561 4457 629 4499 reus
658 4456 796 4518 praesens
820 4446 874 4500 est.
918 4437 980 4497 Nec
1004 4436 1040 4496 de
1062 4437 1118 4495 hac
1141 4441 1282 4512 quaestio
1306 4448 1368 4501 est.
1396 4436 1445 4497 ted
1468 4430 1497 4489 lt

152 4516 210 4577 hoo
232 4521 338 4596 solnm,
362 4534 402 4582 ut
424 4543 527 4585 meac
551 4531 774 4603 praesentis
799 4524 1068 4586 confessionis
1097 4523 1142 4604 (ut
1165 4537 1275 4585 sonant
1306 4527 1496 4587 veroa-reor

150 4620 214 4663 rum
236 4607 325 4684 hrrjus
348 4611 501 4693 ecclesiae)
523 4615 842 4692 approbationem
865 4616 914 4694 (an
939 4610 1051 4672 scilicet
1073 4621 1172 4673 stante
1195 4631 1233 4675 ea
1256 4612 1374 4675 admitti
1392 4600 1495 4693 pessit)

150 4739 359 4756 ᾕ-ᾑ

244 4813 278 4912 ἑ)
297 4817 496 4870 ssafsnrefferns:
516 4822 555 4870 De
574 4825 652 4873 nullis
670 4825 733 4873 mihi
752 4824 900 4874 criminibus
919 4826 1025 4877 conant.

273 4883 466 4952 >linearem
484 4892 634 4954 mugistis:
653 4895 739 4946 Vitam
756 4907 875 4946 succure
892 4906 944 4945 noa
962 4904 1077 4960 possam.
