3308 5534
394 387 576 455 emamus
593 389 731 450 Histouae
748 388 941 451 Asbouomiae
957 340 1052 451 seculo
1068 389 1142 451 xvi
1389 384 1453 459 649
1561 415 1563 418 >
1618 478 1624 500 Ι

118 571 276 645 trolrerem,
294 571 398 629 nudam
416 585 451 626 ex
469 567 593 624 omnibus
611 568 717 640 inveni,
740 582 811 638 quae
829 569 1012 641 qualicunque
1035 569 1143 627 ratione
1160 572 1283 625 comeus
1300 565 1384 638 hujus
1394 581 1454 622 mo·

118 680 152 719 ιω
170 661 307 730 adseret,
331 660 366 715 iis
391 658 519 729 sepositis
537 656 572 711 ad
591 656 794 727 coperuici,
811 663 876 729 post
892 658 1080 715 Ptolemaeum
1098 657 1280 715 astronomiae
1298 671 1362 713 aare
1379 654 1454 727 prin·

118 752 178 823 pie,
201 749 316 808 muudi
339 745 573 820 symmetriam
596 760 647 800 ma
670 745 812 816 recepi.“
850 747 895 803 Ex
911 746 982 804 libro
1000 747 1047 804 VL
1066 762 1125 818 cap.
1148 749 1171 804 1.
1197 743 1289 817 operis
1307 741 1453 815 copcrnici

118 838 312 911 eprehendisse
332 853 363 893 se
387 836 439 905 ait,
466 832 574 889 collatis
593 832 650 889 suis
668 833 916 907 observationibus,
942 841 1076 892 cometam
1099 833 1238 891 exstitisse
1260 832 1334 888 circa
1359 829 1453 887 orbern

118 926 217 985 eneria
252 926 314 983 Hoc
325 922 407 980 latium
424 922 600 982 demonstret,
618 920 694 977 hacc
705 937 768 978 vero
787 922 951 993 praemittit:
971 921 1088 990 ,inritum
1106 919 1229 990 proiecto
1248 917 1365 976 deiecit
1382 932 1454 999 cour·¹

118 1014 168 1071 uni
186 1013 317 1085 opinione
334 1010 369 1066 de
386 1009 564 1080 sphaerarum
582 1007 677 1064 muudi
695 1008 900 1081 distributione,
924 1010 974 1067 aed
996 1008 1062 1081 qnid
1086 1023 1209 1079 agerem,
1234 1005 1453 1076 quandoquidem

118 1103 213 1159 iauau
230 1106 344 1170 recepta
361 1098 453 1170 opinio
471 1114 489 1153 a
505 1097 620 1152 veritate
638 1095 744 1165 delicit,
771 1112 822 1157 uec
840 1098 911 1156 euim
928 1100 989 1170 ipsa
1007 1097 1051 1153 vel
1068 1096 1140 1156 Solis
1163 1095 1208 1153 uel
1225 1095 1341 1152 fixarum
1359 1092 1453 1153 stella·

118 1208 155 1249 un
171 1197 298 1249 motuum
316 1185 579 1245 demonstrationum
597 1182 731 1256 ἀκριβιιαν
748 1185 898 1243 ullomodo
911 1186 1094 1259 potestferre,
1113 1201 1175 1242 cnm
1187 1183 1354 1241 interimilla
1366 1186 1454 1240 altera

118 1279 139 1335 le
161 1278 290 1336 omnebus
314 1274 479 1343 satisfaciat,
506 1279 534 1328 et
551 1272 660 1341 egregm
677 1273 752 1329 miris
768 1273 856 1330 modis
874 1273 1066 1346 aequalitatem
1085 1287 1216 1330 summam
1235 1288 1295 1329 cum
1312 1271 1455 1343 apparenti

119 1366 179 1437 ujus
197 1371 323 1421 comm
332 1360 528 1432 inaequalitate
542 1360 678 1417 conciliat
707 1360 794 1418 Malui
812 1377 878 1432 ergo
895 1362 924 1420 iu
941 1362 1058 1418 edorum
1069 1378 1212 1418 censuram
1223 1359 1352 1428 incidere,
1371 1374 1455 1429 quam

118 1453 204 1511 eritati
219 1451 408 1510 testimonium
426 1466 481 1505 non
499 1449 651 1520 perhibere.
689 1449 717 1504 Si
735 1455 827 1506 tamen
854 1449 914 1521 quis
932 1448 1047 1506 meliora
1064 1449 1224 1520 protulerit,
1247 1448 1328 1505 certis
1347 1462 1454 1520 geome-

118 1541 163 1598 riae
180 1538 460 1599 demonstrationibus
478 1536 593 1607 inclusa,
612 1537 641 1599 in
659 1537 730 1592 viam
747 1552 791 1593 me
808 1536 901 1593 reduci
920 1544 998 1607 grato
1017 1537 1109 1593 animo
1126 1537 1241 1609 patiar.“

197 1632 278 1685 Anno
292 1628 362 1685 1580
373 1626 444 1684 alius
463 1626 592 1697 apparuit
610 1632 726 1695 cometa,
745 1626 1003 1696 quemblaestliuus
1021 1641 1039 1681 a
1057 1623 1100 1680 die
1118 1625 1145 1684 2.
1158 1624 1284 1682 Octobris
1303 1623 1331 1679 in
1345 1623 1387 1681 tt.
1399 1623 1453 1678 De·

118 1714 229 1773 ubrem
251 1715 408 1771 observavit
432 1713 692 1782 observationesque
723 1729 788 1768 suas
809 1712 1010 1784 Heidelbergse
1033 1730 1105 1769 auno
1130 1714 1197 1771 1581
1225 1712 1355 1782 vulgavit.
1399 1711 1454 1767 Hic
1480 1702 1484 1708 “

118 1818 204 1875 qaoque
221 1802 387 1860 Maestliuus
405 1800 643 1857 Aristotelicorum
661 1800 818 1855 auctoritati
837 1816 868 1856 se
885 1801 1000 1871 opponit
1022 1799 1105 1871 idque
1127 1801 1249 1872 apertius
1267 1815 1350 1870 quam
1367 1799 1454 1871 prius,

118 1891 191 1948 licem
211 1892 296 1959 ,haec
319 1889 373 1946 tria
390 1890 443 1944 boc
467 1886 593 1943 octennio
612 1902 683 1943 nova
701 1894 729 1943 et
746 1886 856 1945 insolita
874 1888 902 1944 in
927 1889 1040 1945 aethera
1064 1896 1212 1959 conspecta
1234 1896 1310 1944 astra
1327 1903 1371 1945 me
1389 1903 1452 1944 cou-

118 1978 229 2048 docruut,
253 1984 285 2033 ut
303 1990 482 2048 quaecuuque
500 1974 744 2045 peripateticorum
763 1974 816 2033 init
833 1977 971 2032 sententia
989 1977 1023 2034 de
1041 1977 1170 2048 cometis,
1196 1976 1230 2032 dc
1248 1976 1317 2033 aeris
1336 1983 1366 2032 et
1382 1974 1453 2045 iguis
1543 1984 1549 1992 “

118 2063 250 2133 redonibus
268 2061 457 2134 superioribus
475 2068 527 2118 etc.
552 2061 619 2116 mihi
637 2069 767 2132 suspecta
789 2063 839 2134 sit,
864 2064 938 2135 quod
956 2064 1005 2121 illa
1026 2078 1062 2121 ex
1077 2062 1199 2134 physicis
1225 2065 1269 2121 rel
1287 2079 1322 2118 cx
1340 2061 1453 2120 cerebro

118 2163 153 2205 tao
166 2148 287 2207 collectis
305 2149 470 2218 conjecturis
482 2147 584 2219 potius,
604 2164 685 2217 quam
697 2149 851 2207 rationibus
864 2152 1086 2222 comprobantur,
1104 2152 1172 2207 baec
1185 2168 1250 2208 vero
1262 2151 1454 2223 phaenomena

118 2248 262 2296 uncturae
284 2237 475 2310 penetralibus
498 2253 548 2309 per
572 2237 766 2305 certissimam,
787 2254 868 2309 quam
886 2239 982 2295 labere
1000 2256 1084 2308 posse
1102 2239 1272 2311 impossihile
1290 2247 1347 2308 est,
1364 2238 1454 2310 paral·

118 2320 190 2384 brace
207 2326 358 2385 doctrinam
377 2325 491 2381 eruditis
510 2325 790 2383 demonstrationibus
809 2329 975 2394 contrarium
993 2344 1043 2383 nos
1062 2328 1189 2387 doceut“.
1225 2327 1395 2399 Quamquam
1407 2325 1453 2382 hic

118 2411 256 2474 munus
274 2416 361 2474 uirum
379 2430 410 2473 ae
427 2414 542 2486 praebet
558 2413 695 2471 liberioris
709 2416 823 2484 judicii,
846 2416 876 2471 in
898 2417 959 2472 aliis
978 2424 1070 2472 umen
1093 2415 1223 2486 temporis
1248 2422 1277 2472 et
1297 2413 1453 2485 aequalium

118 2503 295 2573 muttonis
319 2505 453 2560 rationem
476 2503 576 2570 habet,
600 2518 747 2560 recensens
768 2502 917 2569 „terribilia
940 2503 1046 2577 aliquot
1063 2511 1091 2561 et
1113 2510 1276 2575 portentosa
1293 2503 1451 2560 chasmatel

118 2587 203 2664 suidas,
220 2592 351 2662 beleum,
376 2608 503 2648 auroram
522 2590 675 2656 borealem,
704 2591 797 2649 lauces
815 2600 844 2649 et
860 2607 940 2649 enses
959 2594 1041 2663 etc),
1070 2608 1156 2666 „quae
1173 2609 1272 2664 magno
1291 2609 1352 2650 cum
1370 2608 1453 2648 meru·

118 2694 202 2737 uuum
227 2684 360 2736 tremore“
379 2679 554 2748 intuebatur,
579 2695 651 2748 quae
678 2679 774 2748 ,louge
791 2679 956 2738 terribiliora
973 2681 1099 2752 fuerunt,
1124 2697 1205 2752 quam
1224 2696 1294 2752 quae
1311 2680 1376 2737 ullis
1393 2696 1453 2737 aar·

118 2763 285 2838 inexplicari
302 2765 436 2837 possiut“,
457 2765 573 2834 ,quibus
592 2766 727 2822 cernimus
745 2768 797 2824 Dei
815 2768 884 2825 iram
902 2785 1063 2826 succensam
1077 2769 1251 2843 gladiumque
1269 2769 1356 2841 ipsius
1374 2769 1453 2825 stric-
1545 2812 1551 2837 ,

119 2868 156 2909 um
171 2870 240 2927 csse,
260 2871 314 2927 quo
332 2855 415 2911 feriat
433 2869 528 2910 omnes
546 2852 753 2922 longanimitate
772 2856 832 2925 ejus
849 2861 929 2912 tanto
947 2863 1071 2927 tempore
1089 2859 1261 2914 abutcutss“.
1297 2857 1344 2915 Sic
1361 2871 1452 2912 come·

118 2955 181 2999 uum
198 2941 413 3012 dgnlbcationes
438 2957 585 3011 aggressus
607 2941 729 2998 affirmat
751 2942 876 3014 quidem,
901 2959 932 2999 ee
950 2947 1133 3003 astronomiae
1152 2945 1345 3017 potiusquam
1363 2948 1451 3001 astro-

118 3029 181 3101 tgise
193 3030 286 3087 studia
298 3045 349 3086 sua
362 3045 548 3098 consecrasse,
568 3028 764 3099 astrologicam
777 3028 911 3101 judicium
925 3031 1030 3089 nulium
1043 3032 1097 3088 sibi
1109 3047 1236 3102 arrogare
1247 3047 1339 3103 posse,
1357 3037 1453 3086 contra

118 3132 149 3173 cs
164 3119 306 3189 praesenti
322 3133 413 3173 rerum
432 3123 508 3172 statu
527 3127 554 3173 et
572 3117 704 3188 prodigiis
723 3118 800 3174 aliis“
820 3119 998 3190 vaticinatur,
1026 3120 1124 3191 „louge
1147 3119 1325 3176 maximarum
1343 3117 1452 3175 adama

118 3212 188 3275 emm,
207 3206 345 3277 prioribus
363 3223 420 3261 uon
439 3205 697 3276 comparandarum,
716 3206 827 3276 longum
845 3223 946 3263 nexum
965 3215 1099 3265 cometam
1118 3209 1191 3265 bunc
1209 3208 1401 3278 portenderet
1418 3239 1452 3248 -

118 3292 306 3350 >meones
324 3293 407 3363 hujus
426 3301 549 3349 cometae
566 3309 621 3348 uon
640 3309 674 3348 ea
692 3291 844 3349 subtilitate
863 3311 918 3366 qua
935 3295 1034 3366 prioris
1053 3295 1256 3353 observationes
1275 3295 1364 3353 nous
1379 3301 1451 3364 eunt,

118 3397 154 3437 un
171 3382 215 3438 die
232 3384 258 3438 3.
277 3380 345 3436 Nor.
363 3388 475 3437 coactus
494 3382 531 3436 sit
548 3381 611 3436 illas
629 3383 728 3452 partim
739 3389 880 3452 „propter
902 3383 1027 3455 conjugis
1050 3393 1079 3442 et
1096 3385 1198 3443 filiolae
1221 3386 1451 3458 periculosissime

118 3468 312 3526 etnubentium
330 3469 472 3524 adversam
491 3468 685 3541 ualetudinem,
709 3471 810 3539 partim
827 3476 941 3541 propter
959 3472 1070 3529 crebras
1087 3474 1153 3529 hinc
1175 3473 1238 3531 inde
1255 3472 1450 3545 profectiones,

118 3558 210 3615 arima
226 3573 293 3615 rero
311 3556 385 3628 quod
404 3558 439 3613 ad
457 3558 580 3613 scholam
598 3557 859 3627 Heidelbergensem
876 3559 941 3615 mihi
960 3559 1190 3630 proficiscendum
1207 3561 1272 3628 fuit,
1298 3569 1329 3618 ut
1347 3562 1370 3617 si
1389 3578 1450 3617 aca-

118 3651 196 3707 emise
214 3652 277 3723 ejus
295 3659 385 3708 status
403 3651 512 3721 locique
531 3649 739 3707 commoditates
757 3649 823 3705 mihi
839 3647 1031 3720 probarentur,
1050 3652 1170 3708 oblatam
1182 3636 1451 3723 mamcmatum'pro·

118 3741 238 3798 saionem
256 3740 433 3812 reciperem“.
469 3740 521 3794 Die
534 3740 577 3795 23.
591 3740 660 3794 Nos.
681 3754 716 3793 er
733 3737 919 3808 Heidelberga
938 3737 1082 3797 discedens
1107 3742 1204 3797 iterum
1223 3742 1290 3798 vidit
1308 3748 1450 3808 cometam,

118 3830 234 3899 tregrino
252 3829 314 3885 loco
330 3836 509 3900 pernoctans,
534 3826 598 3882 inde
622 3843 709 3897 usque
728 3826 763 3883 ad
783 3829 806 3882 b.
825 3826 893 3883 Dec.
919 3820 956 3882 oli
973 3827 1045 3884 adsis
1064 3827 1252 3898 intemperiem
1270 3835 1377 3884 cometa
1393 3844 1449 3886 non
1475 3892 1478 3898 ,

118 3916 212 3987 auspici
228 3916 333 3988 potuit3
355 3916 466 3971 ultimae
485 3913 691 3971 observationes
710 3914 801 3972 iactae
820 3921 886 3970 sunt
903 3913 999 3969 diebus
1019 3914 1042 3970 6.
1063 3921 1090 3969 et
1111 3916 1152 3971 12.
1172 3917 1236 3972 Dec.
1256 3916 1449 3989 Baclnangae,

118 4020 170 4059 rum
187 4005 261 4061 mm
278 4004 406 4074 sequenti
424 4004 508 4060 biduo
527 4003 555 4058 iu
572 4002 689 4072 patriam
708 4017 795 4058 meam
809 4002 1007 4072 (depingam)
1026 4001 1090 4056 mihi
1110 4002 1274 4068 abeundum,
1291 4003 1449 4075 priusquam

118 4092 297 4164 eidelhergam
322 4093 542 4162 commigrarem,
568 4097 683 4161 etpost
708 4091 826 4148 reditum
850 4089 942 4147 itineri
962 4106 1006 4147 me
1029 4089 1214 4161 accingeretu,
1239 4107 1300 4146 oum
1317 4092 1382 4146 item
1402 4098 1450 4149 aer

118 4178 178 4236 inus
195 4179 316 4237 clemens
341 4186 401 4235 tota
418 4178 589 4250 proiectione
614 4195 742 4235 necnon
767 4179 873 4249 aliquot
895 4177 992 4236 diebus
1015 4187 1080 4249 post
1103 4178 1261 4235 occasiones
1288 4179 1449 4237 observandi

118 4267 269 4339 raeriperet,
288 4269 378 4323 evenit
396 4277 428 4323 ut
445 4267 479 4322 ab
498 4283 532 4322 ea
551 4269 595 4324 die
612 4276 736 4327 cometae
754 4271 873 4341 positum
893 4286 947 4325 nou
966 4266 1082 4339 amplius
1101 4273 1197 4322 notare
1216 4268 1379 4337 potuerint.

191 4356 273 4411 Auno
291 4356 369 4411 1580.
391 4356 554 4425 prodierunt
580 4356 722 4426 Tubingee
747 4357 993 4428 Epdcmcrs'dcs
1019 4373 1137 4413 novae
1162 4359 1197 4413 ab
1222 4375 1298 4415 aeno
1323 4364 1384 4413 1577
1410 4362 1449 4417 cd

118 4458 197 4499 m
215 4448 286 4512 1590,
305 4449 475 4514 supputatae
493 4460 527 4500 cc
547 4445 660 4502 Tabulis
676 4446 837 4502 Pretcnica's
849 4461 902 4517 per
920 4446 962 4501 M.
982 4446 1025 4501 Μ.
1044 4446 1243 4514 Maesessum
1266 4448 1305 4504 ud
1319 4444 1448 4506 dmon-

118 4542 148 4583 tar
163 4530 371 4602 lbbisqcrareos,
399 4529 479 4599 cujas
501 4532 645 4603 torpendo
664 4540 704 4589 cet
720 4536 835 4601 29015‘,
859 4532 979 4590 latitudo
1001 4548 1066 4587 acro
1085 4535 1200 4586 48021'.
1243 4534 1287 4590 lix
1304 4535 1447 4605 privilegio

118 4614 214 4674 bearis
231 4616 386 4687 liudolpbi,
404 4618 470 4672 huic
488 4618 558 4674 libro
576 4622 740 4689 praemisso,
769 4627 897 4691 apparet,
922 4619 1098 4675 blaestliuum
1115 4620 1286 4690 propositum
1308 4622 1446 4694 babuisse,

118 4716 148 4756 tes
162 4703 238 4763 adea
250 4722 335 4776 porro
347 4705 444 4762 libros:
466 4707 655 4777 compendium
668 4709 888 4777 astronomicum,
907 4708 1130 4763 commentarium
1142 4707 1170 4764 iu
1183 4707 1335 4765 doctrinam
1348 4708 1445 4780 sphae-

118 4786 183 4863 inn,
199 4792 406 4862 arithmeticam,
426 4792 575 4851 doctrinam
588 4796 795 4866 triangulorum,
812 4795 1035 4852 commentarium
1046 4796 1075 4850 in
1088 4795 1259 4852 Cleomedem
1279 4804 1307 4853 ct
1319 4798 1347 4852 in
1359 4798 1446 4855 Theo·

118 4871 253 4946 buttes
266 4880 302 4941 de
314 4880 440 4959 sphaera,
460 4881 545 4943 libros
558 4883 592 4942 de
603 4884 747 4948 edomas
765 4891 793 4946 st
811 4882 872 4947 aliis
889 4884 1077 4946 homenes
1094 4882 1131 4947 ad
1142 4886 1348 4945 coronationes
1360 4892 1446 4945 estro·
