3308 5534
705 392 754 449 1v.
773 389 955 462 annalogia.
1434 394 1500 466 299

147 576 337 657 promissores
359 572 520 649 offendant,
543 572 675 650 levioris,
698 578 877 633 nontamen
899 569 1008 632 nullius
1030 572 1170 632 momenti
1193 577 1245 633 est.
1282 570 1369 632 Atei
1391 574 1421 631 in
1435 572 1502 635 loco

146 664 191 725 vel
213 664 405 738 haerentem,
429 680 481 741 per
502 664 660 736 stationes,
691 660 741 723 vel
764 678 799 721 co
822 676 971 720 reversum
994 662 1187 735 conveniant,
1213 660 1332 720 maximi
1355 662 1504 723 momenti.

146 751 287 833 Exempla
308 751 401 828 hujus
424 768 519 811 casos.
565 750 662 808 Primo
683 746 708 827 1)
728 748 817 808 33113
838 747 940 807 tardus
969 749 1045 809 intra
1068 748 1131 809 dies
1155 765 1265 826 pancos
1289 750 1412 826 exiguos
1435 750 1506 809 iacit

146 855 328 921 progressus.
358 837 406 899 sn
424 838 462 915 Θ
478 847 546 898 3313
569 839 665 916 ipsum
688 837 829 915 gradibus
850 835 963 915 paucis,
986 838 1089 915 paucis
1112 836 1200 911 igitur
1223 836 1326 896 dicbus
1348 835 1387 896 ad
1409 838 1505 916 ipsum

145 930 233 1004 venit,
257 924 412 989 offendens
434 928 529 1005 ipsum
553 925 582 983 in
604 941 659 984 suo
681 942 756 1004 pene
778 924 916 1002 hospitio.
961 920 1208 1003 2931333333]
1231 924 1326 984 facilis
1349 930 1394 985 est
1415 923 1505 985 intel·

147 1016 223 1077 lectu
247 1031 346 1078 33333.
390 1013 449 1074 Per
470 1014 666 1073 reversionem
690 1011 797 1091 duplex
820 1017 866 1072 ost
887 1027 981 1073 casus.
1019 1011 1080 1070 Aut
1101 1013 1127 1070 si
1148 1011 1312 1072 retrocedat
1333 1013 1507 1093 paulopost

149 1102 331 1181 elgnifieator
351 1107 384 1163 et
405 1099 495 1160 habet
516 1099 613 1160 locum
636 1102 666 1158 in
689 1096 776 1181 ΩΦ,
802 1105 831 1160 3.
848 1104 900 1158 331
920 1099 946 1157 31
969 1115 1036 1160 vere
1051 1105 1230 1173 revertatur,
1253 1106 1284 1159 et
1304 1099 1395 1160 habet
1408 1100 1506 1161 locum

149 1192 177 1251 ln
197 1190 266 1251 sola
280 1184 335 1271 Θ,
359 1196 393 1248 31
415 1190 441 1248 si
455 1184 497 1269 Θ
521 1190 559 1248 311
574 1195 642 1248 3313
656 1182 698 1268 ᾧ
713 1184 779 1261 230,
803 1186 907 1247 diebus
922 1185 1045 1247 totidem
1068 1196 1098 1247 et
1119 1190 1183 1265 ipse
1205 1194 1236 1249 ct
1249 1182 1291 1268 Θ
1306 1188 1449 1248 inlocum
1463 1184 1505 1270 Θ

148 1280 301 1359 pristinum
332 1279 520 1337 conveniunt.
564 1274 649 1336 Haec
670 1282 742 1335 nota
763 1291 816 1354 pro
831 1273 1024 1357 ‚climacterici
1051 1275 1198 1349 333127,
1223 1280 1263 1335 28
1287 1273 1506 1354 periculositate

148 1367 256 1443 iactata
279 1364 385 1427 doctis.
431 1361 467 1423 Id
487 1364 615 1423 manime
641 1363 730 1423 etiam
759 1360 827 1423 inde
857 1360 1055 1438 confirmatur,
1085 1361 1165 1439 qnod
1192 1368 1280 1423 antea
1309 1370 1425 1423 constat
1451 1381 1505 1425 ex·

149 1455 297 1533 perientia,
321 1454 348 1513 si
370 1453 560 1513 miscerentur
582 1450 756 1510 directiones
779 1468 815 1511 ex
837 1451 996 1527 praeterito
1020 1456 1050 1511 et
1071 1449 1272 1511 revolutiones
1296 1467 1332 1511 ex
1346 1453 1502 1527 praesenti,

151 1550 177 1603 et
194 1542 253 1603 hoe
275 1540 409 1615 eveniat,
432 1538 463 1599 id
484 1554 544 1598 non
567 1554 632 1599 esse
654 1537 769 1611 trustra,
791 1538 849 1597 nisi
865 1536 986 1597 directio
1002 1536 1081 1597 Solis
1103 1539 1142 1597 sit
1164 1536 1202 1598 ad
1223 1538 1383 1616 hospitium
1399 1538 1504 1617 plane·

151 1638 193 1691 tae
214 1630 318 1707 ibique
340 1629 370 1687 in
392 1627 539 1704 praesenti
569 1626 689 1703 planeta
711 1624 761 1684 ille
783 1627 958 1701 reperiatur,
988 1633 1040 1685 aut
1062 1627 1151 1686 etiem
1175 1627 1201 1685 si
1225 1626 1297 1688 alibi
1320 1625 1508 1688 directionem

152 1716 330 1779 incedentem
360 1714 481 1794 plancta
508 1730 577 1774 vero
607 1720 637 1775 31
663 1714 780 1791 proprio
809 1720 890 1773 motu
922 1712 1060 1773 incedens
1090 1712 1245 1788 ostendat,
1274 1714 1379 1775 leviori
1408 1721 1507 1777 tamen

152 1804 371 1883 significatione.
407 1801 482 1862 Mihi
505 1802 611 1862 aetatis
633 1817 710 1861 anno
734 1801 880 1860 tricesimo
903 1808 1034 1861 currente
1058 1808 1136 1862 esset
1159 1800 1281 1863 directio
1296 1796 1339 1883 Θ
1355 1799 1394 1862 31
1412 1818 1449 1869 00
1469 1798 1507 1883 Q,

153 1894 217 1967 [M
242 1892 328 1953 tortia
350 1888 448 1965 valde,
470 1906 539 1950 uam
553 1895 598 1949 est
612 1890 643 1947 in
657 1888 752 1949 reditu
767 1890 876 1949 mensis
892 1887 1074 1964 (directorie)
1095 1890 1196 1966 ibique
1220 1887 1275 1949 hos
1291 1888 1390 1950 radios
1407 1895 1508 1953 osten-

155 1980 201 2044 dit.
247 1980 336 2039 Anno
364 1994 436 2039 vero
467 1983 518 2038 29.
543 1994 618 2037 carr.
638 1973 680 2058 Θ
703 1982 781 2037 33331
802 1972 923 2053 inm)
954 1993 1006 2054 por
1027 1975 1232 2053 directionem,
1256 1974 1456 2057 bimmobili,
1480 1984 1510 2040 et

155 2084 228 2127 anuo
249 2072 304 2127 30.
327 2082 402 2126 cnm.
425 2067 456 2124 in
471 2065 508 2139 l]
525 2058 560 2142 1),
583 2062 702 2124 mobilia
725 2062 909 2123 considerati.
946 2063 1050 2123 Annus
1073 2064 1162 2141 igitur
1184 2063 1342 2126 admodum
1364 2064 1511 2143 periculo-

152 2172 205 2216 sus.
247 2154 288 2215 Et
317 2154 389 2231 qaia
419 2152 483 2213 dies
513 2158 564 2212 29.
588 2153 709 2211 intersit
730 2152 805 2211 inter
836 2156 886 2211 15.
913 2157 929 2209 't
946 2156 980 2227 ᾗ
1005 2159 1035 2211 31
1060 2158 1263 2229 istim,
1294 2159 1411 2230 tempus
1439 2170 1511 2215 vero

152 2240 410 2304 additamentorum
433 2240 463 2299 b.
481 2244 509 2299 2.
528 2241 569 2313 3’,
593 2256 663 2317 ergo
679 2254 732 2316 pro
748 2238 806 2299 fine
830 2237 888 2298 diei
904 2243 944 2299 29
960 2246 1030 2316 post
1051 2256 1147 2300 meum
1164 2248 1259 2300 ortam
1274 2239 1350 2301 adde
1366 2240 1403 2300 ad
1417 2240 1461 2301 M.
1477 2240 1511 2301 C.

151 2330 218 2392 112.
234 2331 277 2391 3’.
302 2326 457 2388 Addentor
472 2325 574 2387 eadem
589 2326 628 2387 ad
645 2333 752 2398 ortum,
776 2328 910 2403 quicum
932 2328 972 2385 sit
992 2332 1042 2387 24.
1062 2333 1103 2387 40
1119 2330 1170 2402 Π,
1193 2328 1393 2406 proficiscetur
1414 2327 1446 2389 id
1460 2345 1514 2407 per

153 2417 339 2479 directionem
372 2414 431 2475 fine
460 2409 900 2495 333129.1321Θ,133331
931 2430 989 2473 non
1019 2413 1139 2476 malum.
1191 2414 1324 2493 Cumque
1355 2414 1416 2476 dies
1447 2422 1511 2478 oss

153 2508 221 2567 anni
246 2510 328 2566 1331
352 2503 447 2563 duent
463 2520 483 2563 a
498 2499 577 2563 361⁰
598 2505 767 2579 aequatoris
791 2499 916 2561 113129.
940 2510 1010 2579 post
1031 2520 1127 2563 meum
1143 2510 1248 2578 ortum,
1272 2520 1341 2582 ergo
1363 2511 1432 2582 post
1449 2502 1513 2565 dies

152 2596 198 2671 ll,
222 2610 263 2655 33.
289 2597 341 2653 30.
363 2588 436 2652 Jan.
459 2592 489 2646 in
517 2588 616 2650 sextili
637 2588 752 2662 Martis,
774 2595 843 2666 post
864 2594 922 2665 31,
945 2606 986 2650 33
1011 2596 1040 2653 6.
1061 2590 1149 2652 Febr.
1171 2592 1201 2651 in
1225 2592 1262 2665 Π
1276 2588 1310 2667 ᾗ,
1325 2598 1394 2669 poet
1416 2596 1457 2653 80
1480 2594 1511 2651 in

153 2694 186 2745 ,a
207 2676 256 2763 21,
278 2696 321 2741 33
338 2684 388 2740 30.
405 2677 515 2752 Martii,
538 2684 608 2755 post
633 2684 703 2751 107,
725 2693 767 2737 sc.
784 2678 835 2737 23.
858 2677 930 2754 Apr.
945 2679 975 2736 in
993 2689 1029 2743 0(
1059 2686 1102 2752 d,
1125 2672 1510 2759 3133312..133.13ἃ”1).

249 2764 338 2843 Quod
366 2770 485 2844 propter
507 2766 723 2827 astronomiam
744 2771 927 2841 praesentem
961 2768 1076 2826 animus
1105 2768 1135 2825 in
1164 2769 1311 2842 praesenti
1336 2765 1455 2828 realiter
1480 2776 1510 2830 et

150 2854 327 2929 derabiliter,
349 2851 429 2914 idem
451 2860 570 2930 propter
592 2851 866 2928 multiplicationem
890 2858 920 2911 ct
940 2855 1177 2931 prorogationem
1200 2854 1288 2931 hujus
1304 2856 1509 2931 astronomiae,

153 2942 186 3005 de
207 2958 269 3021 qna
291 2958 391 3018 supra,
413 2942 520 3017 repetit
542 2948 573 3001 et
595 2942 766 3016 exsequitur
788 2942 819 2998 in
841 2939 939 3000 futuro
961 2943 1136 3002 transitorie.
1182 2943 1223 3001 at
1245 2959 1295 3003 cnr
1316 2945 1510 3020 inpraesenti

150 3048 203 3091 non
224 3031 357 3109 perimit,
389 3044 465 3088 anne
494 3028 572 3087 actio
602 3027 666 3103 ejus
695 3035 739 3088 est
767 3026 891 3087 fortiori
936 3026 1013 3103 Quia
1036 3024 1181 3107 sdapawe
1211 3036 1255 3089 est
1283 3029 1378 3090 inians
1407 3048 1510 3092 recens

150 3124 242 3180 natos.
289 3118 463 3176 Accusatior
489 3118 615 3191 partium
643 3114 784 3174 diductio.
834 3114 933 3175 Primo
961 3118 992 3173 in
1021 3116 1178 3178 directione
1209 3134 1274 3177 curn
1306 3118 1368 3179 dies
1400 3136 1509 3179 annum

150 3206 283 3279 denotet,
316 3212 347 3264 ct
375 3210 434 3263 tres
464 3203 522 3260 sint
545 3202 674 3262 distincti
697 3208 794 3262 motus
817 3202 939 3277 Terrae,
962 3205 1050 3279 enni,
1073 3207 1181 3265 mensis
1204 3214 1234 3265 et
1256 3204 1324 3279 diei,
1348 3206 1453 3282 triplex
1476 3207 1509 3267 fit

149 3294 221 3356 baec
244 3293 378 3353 dircctio.
424 3290 539 3350 Deinde
563 3290 609 3350 vel
633 3297 722 3367 caput
744 3292 828 3364 3331,
859 3292 984 3371 mensis,
1015 3290 1073 3351 diei
1095 3292 1288 3370 pregreditur,
1313 3293 1391 3369 quod
1414 3297 1510 3370 potie-

150 3384 213 3442 simi
236 3388 284 3442 est
305 3380 463 3452 momenti,
495 3377 543 3439 331
571 3377 654 3437 sidus
676 3396 695 3438 a
717 3379 822 3454 capite.
868 3378 915 3437 Ita
936 3376 970 3438 fit
990 3379 1144 3457 sextuplox
1167 3382 1333 3457 progressio
1356 3382 1509 3457 significa-

152 3474 271 3530 tionum.
326 3466 429 3527 Tertio
462 3462 605 3538 ἐφζευξεις
634 3464 854 3525 considerantur
889 3466 936 3526 vel
965 3465 1004 3525 31
1033 3469 1167 3528 331311113
1196 3470 1403 3545 promissorum
1431 3469 1506 3545 loca,

151 3558 195 3619 vel
217 3556 256 3617 ad
280 3555 447 3632 ephemera.
491 3552 540 3611 Fit
563 3554 662 3629 itaquo
686 3552 872 3629 duodecupla
895 3553 1026 3617 directio.

249 3644 285 3704 ln
300 3641 535 3703 revolutionibus
559 3656 625 3701 cum
641 3643 697 3699 tria
716 3640 813 3699 sidera
834 3640 1004 3718 dirigantur,
1028 3643 1151 3703 totidem
1167 3650 1196 3703 et
1209 3642 1398 3704 revolventur
1413 3647 1507 3723 signi-

152 3730 295 3793 dratoria:
328 3730 377 3805 Θ,
401 3724 455 3809 Q),
479 3726 620 3788 cardines.
661 3728 699 3803 Θ
722 3728 884 3787 revolvitur
907 3729 944 3788 ad
968 3728 1073 3792 declin.
1097 3731 1272 3805 natalitiam,
1296 3728 1338 3812 Q)
1361 3731 1399 3791 ad
1423 3751 1506 3793 suam

151 3826 273 3881 oetatem
295 3816 472 3888 natalitiam,
497 3815 628 3875 cardines
651 3816 689 3873 ad
712 3814 814 3875 horam
837 3817 1012 3875 natalitiam.
1058 3818 1104 3877 An
1128 3836 1163 3878 eo
1191 3821 1290 3879 veniet
1317 3818 1399 3878 sidus
1429 3838 1506 3880 anno

151 3908 287 3986 quolibet,
310 3921 371 3983 quo
395 3902 552 3979 dirigitur?
581 3902 657 3978 Non,
681 3903 732 3962 sed
757 3904 785 3961 in
809 3902 932 3963 eandem
955 3903 1074 3981 plagam
1098 3908 1241 3965 litmotus
1263 3912 1395 3982 uterque.
1430 3907 1506 3968 Pro-

150 3999 240 4074 pertio
268 4010 340 4057 vero
369 3998 503 4050 motuum
521 3996 679 4052 :1:36.
730 3989 789 4050 Sed
816 3990 849 4049 at
876 3990 928 4051 illa
957 3992 1062 4068 triplex
1088 3993 1244 4056 revolutio.
1296 3993 1411 4055 Deinde
1441 3993 1507 4055 loca

150 4083 339 4156 resolutoria,
364 4095 442 4156 quae
465 4078 525 4138 alia
546 4085 636 4154 atque
658 4077 718 4138 alia
739 4086 807 4138 sunt
829 4078 884 4138 sub
907 4078 990 4155 fixis,
1022 4079 1069 4140 vel
1093 4083 1223 4142 incidunt
1246 4083 1276 4140 in
1299 4085 1507 4159 promissorum

149 4171 211 4233 loca
230 4170 370 4233 natalitia
391 4167 439 4227 vel
463 4166 626 4244 ephemera.
670 4165 720 4226 Sic
743 4173 788 4227 est
809 4166 964 4243 sextuplex
986 4166 1141 4230 revolutio.
