3308 5534
627 407 631 415 '
705 414 727 473 Ι.
746 413 949 474 mumanae
1439 408 1515 479 -17Ἱ

145 606 273 650 currum
298 597 464 652 autunum
494 589 700 665 antiniana,
731 603 791 652 tarn
820 594 947 670 angulos
970 609 1057 670 quern
1080 591 1183 652 latera.
1228 590 1391 667 Regularia
1414 593 1514 651 omnia

143 681 175 737 iu
198 677 344 738 circulum
366 679 521 756 quadrant,
545 681 588 738 sic
611 682 710 739 omnia
731 680 888 758 triangula,
911 684 955 741 sic
978 684 1077 741 omnia
1098 677 1374 757 parallelogramma
1395 690 1514 738 rectan-

144 765 230 843 gnla
269 765 316 825 Ex
336 767 516 843 rectangulis
531 766 628 826 solida
649 770 821 844 rectangula
842 769 925 845 fiunt,
949 771 974 828 si
998 768 1104 827 ductus
1118 785 1178 826 non
1192 774 1306 826 tautum
1329 776 1435 839 rectus,
1458 765 1512 826 eod

146 856 242 914 stiam
263 852 313 913 bis
334 855 523 931 rectaugulus
546 862 604 929 ost3
636 855 704 914 inde
732 855 899 933 dependent
922 864 941 917 2
965 854 1042 916 aliea
1063 857 1188 927 formae,
1219 856 1243 913 si
1272 853 1434 914 aductus
1461 862 1516 912 aut

149 939 246 1002 semel
268 948 323 999 aut
344 958 496 1019 uunquam
517 943 714 1018 rectangulus.
746 943 780 1001 In
803 948 897 1020 primo
921 946 1020 1004 omnia
1043 942 1136 1002 latera
1158 941 1411 1018 perpendicularis
1434 948 1513 1014 suut,

147 1044 253 1087 omnes
275 1029 380 1105 auguli
402 1032 489 1103 recti,
512 1028 694 1089 insecundo
717 1028 775 1090 duo
799 1035 938 1108 opposita
961 1050 997 1092 ex
1020 1030 1117 1106 planis
1139 1037 1228 1102 recta,
1252 1028 1354 1105 aliqua
1382 1027 1513 1104 obliqua,

147 1119 178 1174 in
200 1117 295 1175 tertia
326 1117 425 1176 omnia
453 1117 542 1193 plana
571 1119 697 1177 invicem
726 1117 849 1196 obliquo
879 1118 990 1196 angulo
1018 1118 1137 1194 juncta,
1169 1133 1271 1176 omnes
1300 1115 1382 1192 plani
1413 1115 1514 1192 anguli

149 1204 277 1279 obliqui.

255 1289 290 1349 Si
308 1289 428 1365 planum
451 1306 552 1349 creans
573 1289 749 1366 quadratum
773 1298 802 1350 et
824 1290 929 1352 duetus
944 1293 1029 1352 latori
1046 1290 1179 1367 aequalis
1195 1291 1258 1362 luit,
1283 1298 1397 1348 creatur
1411 1290 1513 1362 cubus,

153 1378 239 1453 cujus
262 1380 363 1436 omnia
385 1376 482 1453 plana,
507 1377 616 1449 latera,
640 1377 742 1453 anguli
765 1380 891 1439 invicem
914 1379 1054 1457 aequales
1078 1388 1106 1438 et
1129 1379 1211 1437 recti.
1256 1376 1287 1436 Si
1311 1377 1434 1452 planum
1457 1377 1514 1436 cir-

152 1464 326 1536 emuniuit,
349 1471 464 1524 creatur
485 1464 627 1541 cylinder,
650 1466 779 1525 rotunda
798 1470 927 1542 pariete,
951 1471 1043 1526 mixta
1066 1468 1245 1542 quantitate,
1271 1466 1317 1523 vel
1333 1464 1413 1540 quod
1435 1465 1513 1523 idern

154 1562 208 1625 est,
233 1551 542 1628 parallelogrammum
563 1553 767 1628 rectaugulum
791 1571 849 1613 uno
872 1554 963 1615 latere
987 1554 1138 1628 immobili,
1162 1551 1275 1628 reliquo
1291 1552 1513 1611 circumvolare.

153 1640 267 1699 Verum
289 1640 334 1697 sic
356 1656 414 1697 nou
437 1641 532 1697 omnis
555 1639 694 1716 cylinder,
718 1644 819 1717 utique
842 1658 900 1699 uon
922 1659 1051 1718 pressus.

256 1725 365 1786 Seatae
379 1725 489 1802 figurae
506 1744 542 1786 ex
557 1728 644 1786 meris
667 1726 824 1787 rectilineis
838 1728 1062 1788 denominantur
1078 1725 1256 1806 pyramides,
1279 1744 1345 1784 cum
1369 1726 1399 1782 in
1422 1724 1516 1786 altera

152 1815 271 1873 basium
293 1816 411 1889 signato
433 1821 541 1889 puncto
564 1815 602 1873 ab
624 1814 746 1875 alterius
767 1815 909 1875 laterlbus
935 1817 968 1875 lit
990 1820 1092 1876 sectio.
1138 1815 1176 1874 Et
1199 1814 1320 1873 totidem
1342 1813 1417 1871 fiunt
1437 1830 1517 1873 nova

151 1901 313 1978 triangula,
336 1907 409 1977 quot
431 1903 459 1958 iu
483 1908 581 1961 creato
604 1910 688 1960 eraut
708 1918 789 1962 nova
810 1903 1096 1981 parallelogramma.

261 1988 310 2047 Ex
331 1986 471 2065 cylindris
493 1996 592 2050 sectae
615 1988 840 2049 denominantur
862 1994 944 2065 coni,
976 1992 1027 2050 ubi
1051 2008 1103 2067 pro
1126 1989 1245 2047 infinitis
1269 1986 1317 2047 vel
1341 2003 1400 2045 uno
1423 1985 1516 2046 latere
1581 2032 1584 2043 .

151 2076 233 2135 basis
257 2076 289 2132 iu
314 2074 445 2152 cylindro
468 2075 582 2135 infinita
603 2079 693 2135 ctiam
718 2077 765 2136 vel
788 2090 879 2138 unum
901 2086 1014 2138 tantum
1037 2077 1217 2153 triangulum
1239 2076 1377 2133 facientia
1401 2076 1431 2130 in
1447 2091 1514 2133 sec·

152 2165 246 2236 tione,
269 2164 356 2234 sira,
386 2161 467 2239 qnod
489 2163 566 2223 idem
589 2171 647 2232 est,
671 2165 850 2241 triangulum
872 2166 1073 2242 rectanguium
1097 2165 1190 2223 altero
1214 2164 1290 2221 circa
1313 2171 1424 2220 rectum
1447 2160 1515 2233 fixo,

151 2251 301 2325 reliquum
324 2249 459 2309 volutum
480 2252 551 2311 lacit
573 2267 694 2324 conum,
719 2251 772 2310 sed
795 2255 910 2312 nonnisi
933 2253 1114 2330 regularem,
1144 2252 1236 2328 pressi
1265 2249 1342 2309 onim
1366 2248 1433 2307 inde
1456 2265 1527 2338 non.

151 2340 289 2399 veniunt.

238 2424 416 2500 Composita
436 2432 514 2497 aunt,
536 2431 683 2501 quotquot
706 2426 782 2484 iuter
804 2443 894 2502 supra
916 2428 1025 2503 scripta
1047 2425 1144 2485 referri
1162 2441 1220 2482 non
1243 2429 1368 2498 possunt
1390 2429 1516 2498 suntque

153 2516 243 2574 etiem
266 2511 393 2571 infinita.
438 2510 659 2589 Componuntur
690 2520 790 2572 autem
812 2513 929 2589 singula
949 2532 984 2573 er
1008 2522 1052 2572 tot
1073 2511 1292 2589 pyramidibus,
1323 2518 1397 2586 quot
1418 2510 1515 2587 planis

153 2600 340 2663 dandonem.
370 2598 466 2659 Plana
488 2601 577 2659 bases
600 2608 670 2658 suut
692 2604 947 2676 componentium,
970 2617 1124 2660 mucrones
1150 2602 1306 2657 introrsum
1330 2599 1417 2670 versi,
1440 2614 1513 2656 cou-

154 2698 305 2749 rurrantes
327 2703 393 2745 cum
417 2695 516 2747 centro
539 2686 658 2763 figurae.
704 2686 738 2744 ln
762 2691 840 2745 omni
864 2688 1016 2766 pyramide
1039 2686 1187 2745 stabilitas
1210 2689 1294 2743 inest.

255 2773 416 2850 Multiplex
439 2785 484 2834 est
507 2773 639 2834 delectus
662 2777 691 2832 in
716 2778 897 2851 corporibus.
933 2777 1008 2835 Nam
1032 2792 1108 2851 quae
1131 2773 1237 2843 latera,
1262 2772 1366 2847 plana,
1390 2769 1515 2847 angulos

156 2862 265 2921 labent
287 2860 447 2938 aequales,
470 2878 506 2921 ac
527 2862 617 2939 plana
640 2862 803 2939 regularia,
828 2863 974 2940 regularia
996 2871 1025 2922 ot
1047 2861 1195 2920 mundana
1219 2876 1342 2934 corpora
1365 2858 1514 2932 dicuutur3

156 2949 268 3026 reliqua
289 2965 350 3025 quo
373 2951 468 3025 magis
490 2949 643 3023 recedunt,
672 2968 708 3010 eo
735 2952 832 3009 minus
860 2954 1039 3026 geometrica
1069 2957 1146 3008 sunt.
1193 2945 1346 3021 Quaedam
1378 2949 1454 3005 euim
1485 2947 1515 3002 iu

156 3035 281 3097 serundo
307 3035 410 3095 ordine
432 3036 558 3112 angulos
580 3035 693 3097 solidos
715 3045 744 3097 ct
767 3037 861 3096 latera
882 3038 1019 3114 aequalia
1048 3037 1158 3096 babent
1185 3035 1335 3110 planaque
1358 3033 1515 3109 regularia,

157 3123 201 3184 red
224 3128 329 3197 mixta,
353 3134 383 3183 et
405 3121 516 3183 solidos
538 3127 655 3198 mixtos,
679 3142 756 3202 quae
782 3126 974 3184 Archimeden
996 3125 1139 3183 dicuntur.

385 3283 435 3339 De
458 3283 596 3352 sumnia
618 3286 652 3338 et
674 3295 819 3340 numero
843 3284 1033 3340 solidorum
1056 3283 1279 3354 reginarium.

254 3384 395 3461 Angulus
417 3386 588 3462 simplicitcr
610 3386 722 3446 solidus
745 3387 858 3460 dicitur,
882 3391 932 3463 qui
957 3389 1064 3461 tribus,
1088 3386 1285 3461 compositus,
1309 3382 1358 3457 qui
1384 3380 1516 3456 pluribus

157 3474 245 3549 planis
269 3472 429 3535 clauditur.
474 3475 657 3550 Augulorunr
680 3474 851 3551 planorum,
875 3478 924 3551 qui
948 3476 1073 3535 solidum
1098 3473 1254 3542 claudunt,
1284 3486 1399 3527 summa
1422 3469 1516 3524 minor

157 3572 195 3620 eat
222 3570 353 3639 quatuor
383 3563 479 3621 rectis.
522 3561 672 3621 Maximae
702 3560 808 3639 planus
838 3581 952 3640 semper
981 3566 1074 3622 minor
1105 3571 1149 3621 est
1178 3576 1292 3618 sumina
1326 3555 1514 3632 reliquorum.

157 3648 222 3708 lude
246 3666 368 3707 summa
388 3647 514 3709 habetur
535 3648 723 3724 regularium.

253 3736 333 3797 Nam
356 3735 534 3813 simplicium
556 3736 731 3812 angulorum
754 3736 916 3796 solidorum
937 3737 1084 3813 regularia
1108 3737 1164 3794 tria
1187 3740 1270 3791 suut:
1296 3747 1384 3788 uuum
1410 3731 1438 3785 in
1461 3744 1515 3802 gc-

156 3826 268 3896 aeratis,
293 3823 377 3900 quod
399 3827 485 3883 rectis
506 3824 599 3883 tribus
621 3824 718 3899 planis
742 3824 887 3883 clauditur
911 3835 940 3884 ot
961 3835 1071 3884 rectam
1095 3821 1222 3882 solidum
1246 3820 1316 3878 lacit
1340 3850 1381 3859 --
1404 3814 1514 3886 cubus;

157 3928 239 3971 unum
263 3915 295 3971 in
320 3913 422 3985 rectis,
445 3910 525 3988 quod
547 3913 641 3970 acutis
659 3913 750 3970 tribus
766 3912 937 3970 insolidum
961 3921 1080 3972 acutum
1103 3909 1256 3978 clauditur,
1282 3913 1310 3962 et
1334 3910 1378 3961 est
1402 3903 1512 3959 tetrali-

157 3997 252 4073 drum;
277 4016 371 4058 unum
394 4001 423 4056 iu
447 4000 629 4076 compositis,
652 3998 733 4075 quod
756 3998 870 4058 obtusis
893 4001 986 4059 tribus
1009 4003 1038 4057 iu
1061 3997 1186 4057 solidum
1208 3994 1346 4052 obtusum
1369 3986 1515 4047 clauditur

156 4119 193 4129 -
214 4086 434 4147 uouemedron.
485 4085 721 4162 compositorum
753 4086 929 4162 angulorum
958 4086 1016 4145 duo
1039 4093 1122 4152 sarit,
1156 4099 1245 4140 uuum
1277 4075 1357 4154 quod
1387 4082 1515 4150 quatuor

157 4173 245 4249 plania
268 4178 369 4234 acone
392 4173 571 4233 insolidum
594 4182 672 4233 rccto
695 4177 859 4251 proximum
883 4174 1043 4243 clauditur,
1077 4172 1159 4246 cujus
1183 4165 1284 4243 auguli
1310 4163 1368 4222 duo
1393 4176 1514 4235 compo-

158 4271 252 4322 nentes
276 4260 389 4338 singuli
411 4268 492 4320 recto
516 4261 604 4337 plano
628 4270 658 4321 et
680 4260 795 4319 duobus
818 4264 912 4320 acutis
935 4261 1125 4328 clauduntur,
1150 4254 1307 4315 octaedron
1333 4268 1368 4310 ex
1392 4263 1513 4321 compo-

160 4351 216 4406 sitis
240 4349 290 4408 rel
313 4351 405 4408 sectis
428 4367 463 4407 cx
487 4346 642 4407 tetrabdro.
682 4346 789 4421 Unum,
813 4349 891 4424 quod
910 4349 1037 4425 bplauis
1054 4348 1148 4406 acutis
1171 4345 1200 4399 iu
1224 4337 1350 4400 solidum
1375 4337 1512 4393 obtusum

160 4435 308 4510 clauditur,
333 4435 512 4494 divisibilem
535 4437 563 4492 in
588 4445 645 4495 tros
660 4437 808 4513 simplices
825 4455 861 4495 ox
882 4438 1051 4513 compositis
1068 4432 1247 4507 corporibus,
1263 4460 1302 4468 —
1320 4421 1511 4482 icosaedrum.

163 4520 199 4580 Ex
224 4531 260 4584 10
277 4535 308 4584 ct
327 4530 367 4583 12
392 4523 489 4600 planis
511 4523 584 4580 nihil
608 4522 640 4580 tir
662 4541 697 4582 ex
721 4525 815 4601 prima
838 4525 948 4599 rogulo.
979 4525 1021 4580 lix
1045 4522 1137 4580 tribus
1152 4512 1328 4587 sexzrugulis,
1352 4514 1513 4583 septangu-

164 4608 260 4671 lisotc.
275 4610 361 4684 nihil,
385 4628 438 4687 per
458 4610 629 4670 secundam.
676 4611 719 4669 Ex
743 4611 937 4686 tquadratis,
962 4605 1191 4687 quinquangulis
1215 4610 1268 4660 etc.
1294 4594 1376 4664 nihii,
1399 4610 1450 4667 per
1474 4598 1514 4662 2,

167 4698 246 4757 uultu
261 4701 360 4758 minus
382 4716 419 4758 ex
437 4703 465 4772 5,
483 4705 512 4773 6,
531 4703 547 4756 l
566 4706 622 4756 eto.
667 4698 712 4757 Ex
736 4698 924 4775 utriangulis
946 4698 1036 4768 nihil,
1059 4692 1151 4753 multo
1174 4691 1269 4748 minus
1293 4700 1329 4742 ex
1352 4677 1513 4758 quadratis,

172 4790 197 4841 et
212 4785 307 4846 adhuc
327 4788 426 4845 minus
449 4804 485 4847 ex
510 4792 538 4860 7,
555 4792 573 4843 8
592 4792 646 4845 etc.
669 4785 831 4863 triangulis.

260 4873 473 4946 Archimedes,
504 4888 582 4953 quae
605 4870 762 4951 ordinatis,
794 4872 848 4933 sed
878 4890 936 4932 nou
960 4871 1064 4933 iisdem
1087 4871 1195 4931 cubant
1216 4857 1322 4937 planis.
1359 4848 1436 4909 Nam
1460 4869 1517 4916 ex.

216 4971 303 5027 sarar
316 4973 470 5028 omnm.
1271 4956 1305 5010 12
