3308 5534
153 364 218 443 τω
668 366 1007 442 viusmmueptere

153 548 231 607 uitiis
252 544 452 621 bresenono
473 544 645 623 emplector,
668 546 808 610 slruulers
825 564 888 610 uon
910 548 1011 625 dictu,
1032 552 1111 614 serie
1125 553 1319 633 irreligione
1331 560 1430 634 besto,
1446 574 1490 619 ste

151 633 273 707 ludicre,
298 652 390 712 quere
412 642 442 695 et
457 636 533 694 serio
549 633 585 694 de
600 633 751 710 religionis
774 639 922 713 exercitio,
945 650 1197 701 recrementormn
1214 659 1271 702 usu
1286 650 1400 723 retego.
1430 644 1490 721 erl

152 721 276 782 entem?
313 723 408 799 Ejecti
431 729 500 781 sunt
520 722 603 781 hisee
625 725 798 799 provinciis,
830 726 938 802 quibus
966 730 1155 788 internunciis
1187 730 1335 792 beeteuus
1360 748 1423 793 eme
1443 734 1492 793 lleo

152 811 210 885 egi,
234 811 341 887 quibus
364 809 431 871 eliis
452 826 541 885 egere
562 826 682 886 possem
705 828 770 872 conr
785 810 862 888 Deo,
885 815 907 872 ii
927 830 987 874 non
1009 815 1214 879 admittuntur.
1252 819 1303 879 sd
1316 818 1391 881 beee
1404 821 1491 881 relerlt

152 899 223 957 viro
246 915 299 974 pro
322 896 493 960 conditione
515 897 574 957 loci
596 914 738 974 perquam
761 902 858 977 tenul3
880 918 948 980 spes
971 910 1035 962 eret
1049 907 1197 964 unctionis
1211 909 1241 965 in
1256 914 1423 985 posterum
1442 912 1490 986 petr

152 985 299 1062 augebit?
335 986 512 1046 Proceribus
540 984 651 1045 edernti
680 994 751 1057 suut
777 1004 897 1063 omues,
928 991 980 1066 qui
1008 989 1195 1068 religionem,
1228 998 1281 1071 qui
1310 1002 1390 1056 ertue
1418 1000 1490 1075 πῄ

151 1075 334 1134 necessarias
356 1073 541 1148 nectebant,
565 1071 648 1132 eolus
670 1083 806 1152 superest
826 1076 1061 1152 methemeticns,
1086 1096 1145 1156 quo
1167 1096 1269 1143 cerere
1284 1084 1488 1145 emelereleel-

152 1159 221 1220 lime
244 1178 332 1237 posse
354 1178 528 1238 persuasum
550 1159 671 1224 hebent.
716 1162 750 1221 In
772 1169 856 1223 tonte
878 1166 1119 1239 exacerbatione,
1151 1176 1194 1227 tot
1218 1172 1366 1231 bonorum
1387 1174 1487 1231 r‘eur·

152 1249 257 1321 exiliis,
282 1267 342 1325 que
363 1251 458 1309 leonte
481 1251 585 1308 otiosis
608 1252 681 1308 meis
704 1251 956 1326 speculationibus
979 1253 1107 1329 emplius
1122 1256 1277 1333 quidpiam
1291 1258 1427 1335 petiero?
1445 1260 1486 1318 lte·

153 1353 210 1411 que
233 1339 259 1395 si
283 1336 424 1414 languent
446 1354 513 1395 mes
535 1336 643 1408 studio,
666 1339 693 1395 ei
715 1347 837 1398 conetus
860 1340 1047 1419 intercidunt,
1069 1345 1094 1399 si
1117 1347 1346 1420 exoptetiseims
1366 1344 1409 1407 ll.
1428 1347 1486 1405 tre
1525 1400 1527 1407 .

151 1423 361 1500 promtitudino
385 1423 423 1482 ed
445 1423 663 1500 promovendus
691 1442 773 1485 meus
801 1427 1025 1488 observationes
1055 1438 1085 1488 et
1106 1430 1294 1492 conficiende
1324 1436 1485 1494 mummuli

151 1514 180 1569 in
196 1515 364 1587 praecentis
387 1514 429 1571 uti
445 1528 570 1587 nequeo,
595 1511 788 1573 habitationis
801 1528 843 1574 ec.
859 1517 1001 1575 incertus:
1025 1514 1143 1593 culpent
1166 1534 1287 1579 omne·
1311 1522 1342 1579 iu
1356 1521 1483 1599 religioe‘e

152 1601 180 1656 in
204 1600 334 1659 semiliee
356 1617 454 1659 curent
478 1600 620 1658 conferes.

256 1700 306 1754 llis
325 1699 421 1768 turbis,
440 1716 512 1769 queo
530 1713 581 1768 per
598 1712 699 1751 ennom
712 1705 873 1766 sequentem
886 1697 1029 1767 durebent,
1046 1704 1184 1775 Keplerus
1197 1722 1252 1762 non
1266 1708 1413 1780 impeditus
1423 1714 1482 1763 eeu

151 1787 270 1842 numium
288 1788 417 1853 excoluit,
435 1787 640 1843 observationes
658 1786 856 1843 estronornices
874 1790 1042 1846 continuavit
1059 1802 1088 1846 et
1105 1793 1232 1863 epistolis
1251 1796 1288 1851 ed
1300 1795 1400 1853 emicet
1411 1794 1482 1853 ertu

151 1883 226 1931 tores
245 1876 316 1933 detis
335 1878 510 1946 acceptisque
528 1875 654 1929 solstinm
672 1875 752 1944 petiit
769 1874 797 1929 in
816 1874 1007 1945 sollicitudine,
1026 1893 1107 1947 quem
1126 1881 1279 1937 ettulerunt
1296 1898 1341 1939 res
1353 1882 1483 1953 teperet

151 1962 479 2033 Styriecorum,11utheri
497 1963 561 2018 fidei
579 1962 760 2017 addictorum.
796 1961 957 2017 Celenderis
975 1979 1046 2032 quee
1064 1964 1149 2021 edidit
1166 1968 1196 2024 in
1213 1984 1303 2026 eunus
1323 1970 1391 2027 ²598
1402 1966 1483 2025 etllll

150 2050 324 2106 exhibuimus
342 2049 395 2105 rol.
414 2052 437 2104 I.
473 2047 601 2120 Epistola
619 2048 788 2103 dedicetorie
807 2047 959 2103 celenderii
977 2054 1137 2119 posterioris
1162 2055 1198 2108 ed
1218 2054 1344 2125 ,Styrlee
1360 2052 1482 2127 prorlet'}

149 2136 206 2192 les“
226 2137 293 2192 dete
310 2143 354 2191 est
371 2137 415 2191 die
434 2140 458 2191 1.
477 2134 647 2205 Septembris
665 2136 769 2191 medies
785 2136 857 2190 inter
880 2137 990 2206 turbes,
1015 2154 1085 2208 ques
1109 2141 1257 2212 descripsit
1275 2142 1428 2199 bleeetllno.
1454 2142 1483 2196 le

149 2224 232 2293 quirit
255 2224 404 2294 lleplerus,
428 2223 502 2292 qnod
527 2238 599 2279 enno
621 2225 713 2294 priore
736 2224 889 2292 inceperet,
914 2226 942 2279 in
965 2232 1096 2293 qnantum
1119 2226 1260 2282 fidendum
1287 2228 1324 2285 sit
1340 2228 1483 2299 auolrfflt

149 2312 390 2382 praedictionibus,
408 2327 489 2380 tegre
506 2311 561 2367 fert
578 2309 798 2367 incertitudinem
816 2313 1002 2366 estronomiee
1019 2312 1047 2366 in
1065 2313 1267 2370 constituendis
1284 2316 1424 2389 eelipeiuse
1435 2326 1482 2371 ue

149 2401 262 2470 poribus
280 2410 308 2457 et
324 2409 354 2455 ut
372 2417 470 2457 munus
488 2399 620 2468 astrologi
637 2399 689 2453 rite
708 2395 841 2465 absolvet,
860 2398 1145 2455 econstellutiouibus
1161 2401 1338 2469 pleueternm
1355 2400 1483 2459 verum

149 2487 260 2543 deducit
282 2489 317 2542 (le
340 2495 415 2543 stetu
439 2488 531 2544 futuro
556 2494 726 2553 exterorum,
753 2485 832 2553 qussi
854 2501 899 2539 res
923 2487 950 2541 in
974 2487 1065 2556 styrie
1090 2487 1173 2558 plene
1197 2487 1328 2558 pleeetee
1353 2491 1482 2545 existere!
1520 2496 1527 2557 i

149 2574 336 2631 bleestlino
354 2574 438 2630 refert
456 2576 496 2641 (9.
515 2575 596 2641 Dec.)
615 2588 645 2627 se
664 2587 816 2626 excussus:
846 2568 941 2627 Multa
964 2578 1034 2628 sunit
1056 2574 1086 2629 in
1108 2570 1306 2648 Peognoctleo
1328 2590 1409 2645 neo,
1427 2586 1483 2649 q!
1524 2560 1527 2613 ἶ

149 2667 201 2718 eut
232 2659 401 2719 excusando
430 2669 498 2718 sunt
538 2658 709 2732 diligenter,
745 2666 797 2716 out
827 2674 913 2717 meee
941 2658 1090 2716 nocebunt
1120 2662 1333 2719 existimationi
1362 2660 1436 2739 spei
1455 2668 1482 2719 tt.

151 2747 273 2807 Summe
295 2747 369 2807 lreec
392 2755 456 2807 est:
479 2747 575 2806 scribo
599 2762 655 2821 ego
678 2761 736 2802 non
759 2744 861 2821 reigo,
883 2760 980 2820 neque
1002 2745 1098 2805 doctis
1121 2749 1192 2819 (nisi
1215 2750 1430 2825 peueisslruie),
1445 2740 1484 2807 d

149 2835 297 2895 nobilibus
321 2843 351 2894 et
373 2835 529 2912 preelutis,
560 2835 610 2908 qui
633 2835 787 2892 scientium
809 2832 940 2908 eliquum
962 2832 1019 2891 sibi
1040 2848 1180 2909 arrogent
1202 2850 1316 2909 rerunt,
1343 2852 1416 2913 ques
1432 2848 1483 2893 u·

149 2926 237 2982 ciunt.
285 2920 369 2982 Ultra
394 2929 456 2981 400
481 2921 527 2981 rel
554 2926 616 2979 600
640 2919 820 2996 exemplaria
841 2937 900 2978 uon
924 2919 1133 2994 distrsbnntur,
1157 2920 1273 2980 nullum
1296 2934 1380 2982 extre
1400 2924 1486 2983 li*

146 3011 250 3070 lterum
281 3013 499 3087 provinciarum
530 3008 655 3068 effertur.
702 3007 807 3084 lisque
831 3007 903 3066 milti
934 3007 981 3066 rel
1005 3018 1106 3066 nostro
1129 3011 1350 3087 astrologorum
1371 3010 1487 3071 eostur

148 3102 317 3175 promiscuo
341 3099 441 3175 vulgo,
465 3118 483 3158 e
507 3097 602 3155 doctis
624 3113 677 3172 per
693 3094 881 3155 Germeuiem
904 3112 963 3154 non
986 3103 1031 3154 est
1053 3096 1253 3156 metuendum.
1285 3098 1320 3157 ld
1336 3110 1484 3173 onumen

151 3195 183 3244 ut
207 3189 360 3247 veritatem
383 3204 439 3262 ego
463 3186 564 3261 (cujus
585 3191 714 3243 assertor
742 3200 807 3242 snm
835 3191 967 3259 prorutus
989 3200 1121 3259 semper,
1152 3201 1211 3242 nou
1234 3202 1353 3263 semper
1374 3182 1485 3253 idom)
1525 3234 1527 3269 ÷

149 3274 189 3334 ud
210 3293 307 3333 meum
330 3273 515 3335 commodum
539 3281 661 3331 vectem.
700 3271 734 3329 ln
757 3272 895 3330 omnibus
908 3274 1104 3347 prognosticis
1129 3272 1157 3329 id
1181 3290 1249 3347 ego,
1275 3282 1308 3331 et
1330 3275 1369 3334 de
1388 3270 1486 3351 prod
1522 3280 1527 3347 i

149 3366 317 3434 sententiis,
349 3380 426 3438 quse
454 3363 526 3419 mibi
551 3378 640 3419 veruo
662 3358 814 3429 ridentur,
846 3368 965 3435 gustum
989 3359 1120 3433 aliquem
1139 3360 1343 3434 jucunditatis
1362 3370 1392 3421 et
1412 3358 1485 3435 uk
1523 3366 1527 3387 ’·

148 3452 234 3508 stetis
256 3461 379 3511 neturee
409 3450 568 3526 praebeam
598 3447 655 3505 illis
678 3449 751 3506 meis
775 3445 947 3520 lectoribus,
979 3450 1005 3506 si
1027 3447 1102 3506 torte
1125 3463 1177 3523 per
1207 3448 1266 3508 boc
1287 3440 1486 3510 ereiteutu'd

148 3556 195 3597 me
219 3547 302 3597 tento
325 3539 429 3613 majori
453 3535 560 3595 salerio
584 3534 730 3593 alendum.
757 3567 795 3579 -

251 3638 474 3707 Disqnieitiones,
494 3651 562 3703 quus
582 3649 654 3688 enno
672 3634 741 3688 159?
759 3631 906 3700 instigente
924 3634 1067 3688 lleruerto
1091 3634 1248 3703 inceperet,
1273 3636 1328 3691 boe
1345 3652 1415 3691 euno
1430 3634 1486 3703 ΙΨ

72 3738 78 3747 ·
148 3725 223 3783 letus
242 3725 418 3791 continuerit,
437 3722 554 3776 multum
573 3723 722 3775 consumsit
741 3720 871 3788 temporis
889 3721 916 3773 in
934 3723 1119 3791 computande
1136 3724 1335 3792 coniunctione
1351 3722 1484 3781 rescit

148 3814 277 3869 blercurii
302 3829 373 3868 etruo
392 3813 417 3867 9.
436 3827 465 3880 p.
490 3809 552 3876 Cb,
575 3808 610 3861 ed
631 3807 734 3862 Luceni
757 3805 847 3861 locum
872 3806 1039 3876 pertinente,
1064 3810 1185 3878 explicet
1209 3810 1322 3867 modurn
1347 3806 1484 3869 cosmed

146 3901 253 3956 stellem
271 3898 394 3968 polerem
413 3906 441 3951 et
458 3897 502 3952 eni
521 3896 652 3951 inserviet
668 3895 737 3948 huec
761 3894 913 3948 obseruatio
937 3896 1054 3961 graviori
1078 3913 1162 3966 scopo
1184 3900 1217 3963 (r.
1235 3904 1285 3969 s).
1312 3910 1431 3957 mussi
1448 3896 1482 3951 eb
1523 3940 1527 3961 ;

145 3990 312 4045 serretiouos
331 4004 395 4042 sirus
421 4000 513 4040 mense
539 3982 691 4052 Septembri
716 3981 823 4036 bebites
848 3986 901 4048 (lb.
924 3986 1004 4049 Dee).
1047 3984 1126 4038 Prius
1145 3990 1240 4053 (Aprili
1258 4000 1357 4055 merset
1381 3984 1484 4057 lnp'e'e
1523 3978 1527 4073 ξ

147 4076 198 4130 bus
215 4075 301 4129 literis
320 4073 354 4126 ud
373 4073 543 4126 llertrertunt
562 4070 632 4125 detis
651 4078 745 4137 egeret
764 4073 788 4135 l)
801 4070 836 4124 dc
853 4068 946 4125 libelle
967 4073 1077 4127 nsntice
1093 4080 1122 4127 et
1141 4080 1241 4128 ueture
1258 4074 1396 4145 umetis
1414 4076 1486 4141 ἣν
1524 4098 1527 4123 r

147 4162 247 4229 refert,
271 4175 302 4215 se
324 4166 389 4213 sote
414 4158 552 4212 biennium
571 4157 746 4212 blonucbionr
770 4158 912 4214 trunsiisse
937 4168 964 4213 et
987 4160 1015 4214 in
1033 4159 1197 4215 bibliothece
1221 4160 1336 4229 globum
1354 4162 1444 4235 ,tpffl
1454 4158 1485 4213 b

147 4249 273 4318 sperisse
291 4254 342 4300 ctu
362 4245 410 4311 (ll.
429 4245 502 4311 8¹2).
538 4246 568 4313 2)
587 4244 765 4299 Prodromnrn
783 4260 870 4313 snum,
889 4247 985 4314 refert,
1011 4248 1038 4301 id
1057 4246 1209 4316 essequod
1228 4250 1344 4305 rubore
1361 4246 1483 4319 ultim

145 4344 288 4390 secumres
306 4335 516 4389 moces
540 4329 780 4403 cosmopruplricns
803 4332 837 4387 de
854 4333 1049 4399 universitate,
1074 4335 1109 4389 de
1126 4336 1289 4395 reobrb'bere.
1310 4338 1348 4393 de
1361 4328 1486 4410 ‚iem

146 4426 282 4479 rduts'ose
298 4423 367 4477 coeli
384 4428 410 4477 ct
430 4422 540 4476 Terrae.
581 4419 624 4474 nd
648 4419 882 4490 cosmographiam
906 4420 1021 4475 multum
1045 4422 1179 4476 interesse
1207 4424 1320 4483 scribit.
1344 4426 1413 4479 seire
1436 4428 1485 4477 1

146 4526 239 4565 rerum
258 4510 301 4571 sit,
321 4509 394 4576 quod
414 4509 581 4577 Copsrnicus
599 4509 703 4565 doceat.
722 4508 816 4562 orbem
827 4508 929 4562 'llerree
940 4507 1043 4563 hebere
1060 4524 1091 4562 se
1109 4509 1312 4579 instarpuncti
1329 4510 1366 4566 ed
1382 4506 1484 4581 ψ

145 4597 236 4653 dinem
254 4596 389 4652 tiresum?
419 4597 553 4665 Proponit
570 4596 712 4650 Hermerto
730 4598 923 4665 experimento.
940 4597 1042 4664 qudrrm
1059 4596 1112 4650 boc
1129 4596 1243 4652 dubium
1266 4598 1327 4655 tolli
1346 4608 1484 4671 puceu*

146 4694 208 4741 seet
225 4685 290 4754 (cfr.
308 4686 330 4743 l.
348 4686 406 4742 titt.
444 4689 470 4753 3)
488 4687 635 4754 comperet
656 4698 704 4747 ee,
729 4700 801 4752 ques
826 4685 927 4751 Ursus,
953 4684 1062 4754 ‘lp-cbo,
1087 4684 1290 4754 Isensberglus,
1315 4684 1484 4743 metens

146 4773 273 4841 Mecinus
297 4774 332 4830 de
355 4774 448 4829 mundi
471 4775 577 4827 retione
601 4778 803 4841 proposuerunt
821 4780 849 4825 et
867 4770 1021 4826 concludit:
1047 4771 1232 4843 ,hypotheses
1255 4790 1311 4829 nun
1330 4790 1414 4831 neree
1427 4774 1484 4829 me

144 4857 196 4915 sed
211 4858 301 4915 ierne
316 4874 395 4927 eure,
412 4860 514 4919 nureo
531 4874 570 4915 re.
588 4866 706 4914 sunt-ux
722 4857 843 4927 utiquis
861 4864 891 4914 st
906 4858 1169 4931 noristJoperutei.t
1201 4860 1344 4921 uum
1360 4860 1485 4919 hh·
