3308 5534
144 392 211 465 760
658 392 724 450 vsu
738 390 856 451 nomm
871 388 992 463 uenere

144 591 193 637 me
215 590 267 652 per
289 573 522 652 quinquennium
542 573 605 652 iam
619 575 709 636 toties
722 580 844 653 rogetus
863 568 1079 651 iucundissimo
1100 585 1157 630 sao
1178 585 1233 648 per
1253 567 1358 630 utcu
1377 564 1495 645 allosflis

144 664 287 741 privavit,
308 663 407 723 nescio
430 680 490 741 quo
513 681 568 723 suo
593 663 716 723 consilio
732 680 836 724 meove
851 664 970 722 merito:
995 659 1212 720 circumventus
1235 658 1329 734 igitur
1342 653 1496 731 nobum,

146 750 189 812 ii.
212 750 248 810 R.
273 750 310 809 V.
334 753 397 828 ipse
420 750 493 810 mibi
515 751 681 812 advocatus
704 753 793 812 etiam
815 757 905 827 atque
927 749 1016 808 etiam
1031 763 1114 825 rogo,
1137 752 1172 806 ut
1192 745 1267 806 mibi
1287 745 1428 821 rescripto
1447 742 1495 803 ali-

147 855 207 914 quo
231 837 413 899 voluntatem
435 856 520 899 suam
543 856 632 916 super
654 838 711 900 irae
733 858 764 901 ra
782 837 963 915 significent,
986 833 1114 911 deniquo
1136 852 1184 896 ma
1199 834 1260 894 sibi
1274 829 1494 894 eomaadsi·

148 924 289 987 habeant.
334 925 443 988 Vaiete
468 927 617 989 12.1)ec.
644 932 738 989 1604.
762 926 887 1003 Prsgae.

1017 1097 1253 1160 officiosissimus
1274 1102 1308 1158 et
1328 1096 1495 1174 manhu

1110 1183 1276 1262 discipulus
1297 1192 1329 1244 et
1351 1184 1424 1244 cleb
1468 1198 1474 1207 ·

1115 1272 1158 1332 Μ.
1181 1272 1235 1334 Jo.
1260 1270 1422 1349 Kepim

255 1391 420 1460 (iuscripttm
439 1393 601 1463 magnificis,
621 1391 807 1460 Reverentia,
824 1390 984 1458 Nobilibus,
1002 1389 1165 1447 clarissimis
1183 1387 1413 1458 1)on
1427 1384 1493 1455 i'ris,

148 1477 207 1532 DD.
226 1477 337 1533 Rectori
356 1484 385 1534 et
403 1480 583 1537 senatoribus
606 1481 726 1551 inclytae
743 1479 935 1536 Universitatis
952 1477 1150 1547 Tubiuqensis,
1174 1477 1228 1533 Du.
1248 1475 1374 1547 patronis
1388 1482 1417 1532 st
1430 1490 1493 1545 pras·

148 1562 307 1634 captoribus
324 1565 392 1620 meis
412 1566 611 1624 colendissimis
630 1575 684 1626 etc.
720 1567 872 1637 Tubinqen.

254 1653 405 1722 (Responsio
424 1663 525 1709 senatus
543 1660 574 1709 ad
592 1661 638 1710 baa
655 1659 742 1711 literas
759 1659 852 1722 legitur
869 1659 919 1709 vol.
938 1659 970 1710 11.
988 1673 1016 1725 p.
1034 1655 1090 1723 ³4.)

255 1793 300 1848 Ex
328 1795 455 1865 epistolis
482 1797 597 1869 Kepleri
625 1803 654 1853 et
680 1797 830 1855 amicorum
857 1796 928 1853 datis
954 1794 1123 1867 redditisque
1149 1793 1294 1864 sequentis
1321 1792 1492 1851 desumsim

149 1882 281 1940 Paulus
304 1883 508 1957 Virduuqua
530 1900 624 1942 meuse
641 1885 793 1943 Februario
816 1885 955 1956 accepisse
974 1899 1004 1941 sa
1022 1881 1106 1939 relert
1123 1880 1237 1951 Kepteri
1255 1882 1364 1951 literas,
1387 1898 1412 1938 e.
1427 1881 1493 1937 lu

149 1970 215 2025 anni
235 1970 312 2028 teos.
332 1971 424 2028 datas:
446 1973 590 2041 ,quoniam
609 1973 817 2044 aliquammults
833 1972 996 2042 minimeque
1012 1968 1136 2040 vulgaria
1153 1968 1242 2026 literis
1261 1970 1320 2027 tuis
1331 1969 1493 2037 continetur,

150 2055 259 2113 veniam
275 2057 343 2114 mibi
362 2059 449 2129 dabis,
468 2061 492 2116 si
510 2061 545 2116 ad
563 2061 671 2130 singula
687 2061 772 2131 panio
790 2061 879 2118 insius
898 2059 1087 2130 respondeam.
1119 2055 1242 2112 Primum
1259 2074 1276 2112 a
1294 2064 1324 2112 te
1342 2057 1494 2113 venante

149 2143 295 2213 contendo,
314 2160 349 2201 ne
367 2146 453 2217 Papio
472 2163 645 2218 succenseas,
664 2148 738 2219 quod
756 2149 781 2204 is
798 2147 866 2203 mibi
884 2151 990 2218 partem
1008 2144 1148 2199 literarum
1166 2150 1291 2215 tuarum,
1318 2146 1347 2200 in
1363 2140 1494 2215 quisuis

149 2239 226 2289 motu
244 2233 342 2290 Martis
361 2234 538 2306 disserueras,
558 2235 766 2292 communicavit
768 2275 861 2294 .....
898 2234 1039 2303 Quaenam
1050 2230 1289 2303 Dasypodius,
1307 2233 1371 2289 olim
1383 2238 1493 2306 panon

150 2326 180 2376 et
196 2319 288 2377 fautor
305 2336 397 2392 meus,
421 2323 510 2379 animo
533 2323 697 2392 versaverit,
723 2338 757 2378 ex
781 2321 885 2378 scheda
901 2319 1032 2389 adjuncta
1054 2318 1147 2374 videre
1170 2320 1260 2376 licet⁸
1297 2324 1493 2390 (ιιωιιιιιιιι

151 2413 342 2463 Institutionum
360 2415 591 2465 matbematicorum
609 2416 669 2464 libri
687 2415 744 2468 XV.
762 2418 810 2469 stc.
828 2412 881 2467 cir.
899 2410 1054 2462 Hsuscblum
1071 2425 1100 2475 p.
1120 2412 1191 2476 213.)
1224 2409 1275 2465 His
1293 2409 1432 2481 subjungit
1445 2406 1493 2463 V'u·

150 2494 259 2565 umque
281 2495 363 2567 plura
385 2497 497 2554 devita
523 2499 686 2571 Dasypodii,
715 2499 763 2568 qui
790 2515 835 2556 res
862 2495 1010 2553 familiares
1033 2495 1108 2550 vario
1131 2494 1213 2550 modo
1239 2493 1361 2552 afflictas
1386 2506 1494 2567 expansu

152 2598 214 2641 sese
233 2585 341 2642 dieitur.
380 2587 505 2653 „Arcana
524 2586 659 2656 quaedam
678 2585 719 2643 vis
737 2586 788 2644 isti
806 2586 928 2650 videtur,
953 2581 1050 2653 utqui
1076 2581 1168 2637 stadis
1184 2582 1255 2639 baec
1276 2590 1336 2639 ιιιιι
1353 2580 1495 2639 excusem

150 2676 284 2743 tranunt,
309 2688 370 2728 cum
388 2673 482 2729 multis
501 2673 711 2731 adversitatibus
730 2671 882 2730 conflictari
900 2685 1014 2727 necesse
1031 2670 1163 2739 habeant,
1186 2686 1258 2739 qnae
1279 2671 1391 2729 iliorum
1404 2670 1495 2729 lsbn

151 2759 293 2816 retardant
308 2761 352 2818 vei
370 2760 523 2832 impediunt
540 2777 668 2833 prorsus,
693 2759 793 2831 quibus
811 2757 969 2830 Tycbomm
988 2757 1136 2813 exercitum
1159 2755 1246 2813 fnisse
1271 2774 1306 2814 ac
1323 2766 1353 2814 te
1369 2758 1495 2817 edam

151 2848 273 2903 exerceri
291 2847 414 2904 videam“
418 2891 532 2906 ......
572 2851 791 2920 „Saepenumero
810 2845 916 2917 optavi,
942 2848 973 2900 ut
990 2843 1101 2900 tandem
1119 2846 1269 2917 aliquando
1287 2849 1383 2920 lycio
1404 2851 1496 2907 mma

58 2930 65 2945 ⁶
152 2951 203 2992 sua
220 2934 381 3006 publicaret.
419 2938 504 3007 Cujna
524 2937 632 3008 quidem
657 2935 714 2990 voti
737 2949 799 2990 cum
816 2948 852 2991 ex
870 2939 950 3003 parte
966 2932 1024 3002 iam
1042 2932 1094 2987 sim
1116 2950 1229 3006 compos
1253 2935 1347 2995 iactus
1369 2944 1398 2993 et
1417 2934 1496 2991 tuo

152 3028 245 3078 menta
262 3025 413 3094 praecipua
427 3025 503 3094 jacta
521 3022 640 3093 videam,
665 3029 746 3078 tanto
762 3023 849 3091 magis
867 3021 902 3077 ad
920 3037 968 3089 ea,
987 3036 1058 3089 quae
1076 3023 1246 3091 perficienda
1262 3034 1383 3097 restam,
1405 3022 1497 3082 mida

152 3109 213 3178 Qua
230 3109 259 3164 in
277 3117 357 3181 parta
375 3117 403 3168 te
421 3111 604 3182 plurimorum
622 3110 764 3166 desideriis
782 3108 987 3165 satisfacturum
1006 3106 1080 3165 haud
1092 3126 1161 3167 vane
1174 3127 1329 3184 speramus,
1347 3118 1498 3185 optantes!

153 3196 337 3266 difficultates,
357 3199 459 3268 quibus
478 3217 509 3256 es
527 3200 734 3269 circumseptus,
754 3204 946 3254 removeantur
963 3202 992 3252 et
1010 3204 1118 3254 tuorum
1140 3200 1267 3257 laborum
1283 3203 1357 3259 ratio
1374 3204 1499 3259 habeut.

153 3284 311 3341 Simultates
328 3286 379 3342 tibi
399 3303 460 3342 cnm
480 3287 644 3343 haeredibus
657 3284 796 3356 Tycbonis
813 3284 992 3356 intercedere,
1011 3285 1111 3344 invitus
1128 3287 1265 3360 intelligo,
1284 3306 1356 3359 quas
1374 3292 1501 3363 sopimus

152 3371 303 3428 exstinctas
326 3390 462 3443 cuperem.
499 3376 631 3432 Rationes
655 3372 723 3430 satis
747 3371 917 3442 ponderosas
941 3389 1075 3444 agnosco,
1101 3375 1201 3444 qmbus
1226 3376 1361 3436 inductus
1378 3395 1423 3449 ea,
1443 3392 1501 3449 qna

151 3465 324 3538 propalanda
340 3466 462 3522 nondum
481 3474 559 3532 suut,
584 3464 656 3518 intra
673 3461 796 3533 privatos
814 3460 906 3518 adbuc
924 3462 1042 3532 parietes
1060 3464 1179 3520 retineas
1181 3505 1298 3522 ......
1335 3467 1503 3525 veliem

151 3554 278 3625 optarim,
304 3559 335 3610 ut
352 3556 513 3610 amanuensi
530 3562 579 3611 tuo
597 3551 756 3623 prospicere
774 3549 809 3608 da
827 3548 969 3609 commoda
987 3549 1142 3607 conditione
1164 3568 1289 3622 possem3
1317 3554 1369 3611 sed
1390 3554 1502 3628 qnoni-

151 3663 225 3703 uunc
243 3646 271 3702 in
288 3645 350 3702 loco
369 3644 512 3702 minusad
531 3658 590 3699 eam
608 3654 666 3695 rem
685 3637 898 3712 promovendam
921 3637 1047 3707 apposito
1071 3639 1187 3713 haereo,
1213 3640 1311 3715 doleo,
1339 3662 1383 3703 me
1399 3647 1427 3704 id
1441 3644 1501 3719 φοι

152 3734 270 3791 maxime
293 3734 374 3789 veiim
400 3739 541 3803 praestare
566 3745 597 3785 re
616 3729 678 3799 ipsa
695 3725 828 3798 perticere
854 3725 963 3780 minime
988 3741 1071 3795 posse
1072 3767 1165 3786 .....
1201 3730 1284 3800 Quod
1304 3732 1415 3792 lunares
1431 3734 1502 3805 iqpe

151 3824 246 3881 tham
265 3829 294 3878 et
312 3821 421 3878 tabulas
440 3837 457 3876 s
474 3820 605 3892 Tycbona
624 3819 798 3873 constructas
816 3812 845 3868 ln
863 3811 976 3869 sormam
1000 3811 1151 3870 faciliorem
1169 3819 1328 3893 redegeris,
1353 3840 1409 3880 non
1423 3820 1502 3894 poni

151 3910 263 3966 tendam
287 3924 400 3981 operam
418 3913 446 3964 ta
465 3909 572 3965 locasse
587 3905 691 3977 judico.
728 3900 865 3956 Ardentes
887 3906 1003 3972 expeto,
1030 3909 1061 3959 ut
1085 3902 1134 3960 illi
1157 3914 1208 3964 tus
1234 3912 1431 3982 compendiosa
1445 3910 1502 3967 ratis

152 4015 208 4055 uua
226 4015 288 4055 cum
308 3997 515 4054 commentariis
534 3995 562 4050 in
581 3996 712 4063 Martem,
737 3987 884 4046 Vitellioua
901 4003 972 4044 nova
995 3993 1154 4049 accessione
1178 3995 1350 4067 locupletato
1369 3999 1503 4069 antehae

151 4101 186 4141 ex
205 4084 369 4155 politissima
393 4084 495 4155 ingenii
514 4083 555 4139 tui
572 4081 682 4137 oiticina
700 4075 900 4150 prodeuntibus
922 4077 1011 4147 primo
1030 4093 1139 4148 qnoque
1163 4089 1290 4154 tempore
1315 4086 1406 4143 lucem
1421 4082 1502 4157 ἀφ’·

152 4173 250 4230 ιίιιιιι.“
288 4174 400 4243 Kepleri
418 4173 625 4244 responsionem
644 4170 735 4225 datam
753 4181 815 4224 esse
832 4179 926 4220 manse
943 4165 1032 4235 Aprili
1046 4168 1123 4237 1604,
1142 4171 1203 4241 ipse
1221 4172 1310 4230 refert
1322 4172 1502 4247 indunt-'n

152 4261 239 4318 literis
251 4261 459 4331 posterioribus,
478 4274 549 4331 quae
562 4274 625 4316 vero
637 4256 706 4314 nihii
719 4257 831 4325 habent,
849 4269 884 4309 ex
897 4268 952 4323 quo
964 4252 1030 4323 quid
1042 4257 1216 4326 responderit
1227 4261 1369 4331 lleplarus
1380 4268 1504 4335 apparunt

259 4348 413 4406 lacobus
432 4349 712 4416 Christmannus,
731 4343 871 4414 professor
883 4341 1132 4412 Heidelberqensis,
1151 4343 1283 4403 describit
1295 4349 1326 4406 in
1343 4346 1501 4417 Ιίιιιίιιῑῑ

153 4439 197 4493 1¹.
215 4437 297 4507 Aps.)
316 4436 456 4506 speculam
474 4436 684 4493 astronomicam
702 4431 962 4500 Heidelberqeusem
984 4438 1013 4486 et
1030 4431 1102 4500 petit
1119 4445 1136 4484 a
1155 4432 1276 4502 liepiero
1301 4446 1352 4497 „nt
1373 4438 1408 4493 de
1422 4436 1501 4493 ob*

152 4524 307 4581 rationibus
330 4523 495 4580 coelestibus
514 4531 541 4578 et
560 4523 594 4580 de
613 4522 692 4577 modo
711 4519 905 4577 astronomiam
927 4527 1062 4590 promtam
1087 4536 1121 4576 ac
1143 4520 1253 4577 facilem
1275 4534 1433 4597 emmaque
1446 4538 1500 4581 sn·

153 4610 236 4669 dandi
253 4628 303 4683 per
321 4612 415 4667 literas
434 4612 569 4667 disserere
586 4629 641 4668 non
658 4612 811 4681 gravetur.¹¹
837 4607 888 4664 iiis
901 4605 977 4663 addit
989 4606 1129 4676 professor
1141 4607 1298 4680 linguarum
1311 4612 1497 4671 κὶιίαιιιὴ-

154 4698 261 4754 talium:
284 4699 415 4764 ,Gratum
434 4698 516 4755 etiam
535 4700 602 4754 mibi
619 4699 711 4768 tuerit,
730 4699 754 4755 si
772 4712 843 4767 quos
860 4694 1003 4765 scrupulos
1021 4696 1178 4767 concepisti,
1199 4714 1234 4754 ex
1247 4700 1350 4770 qmbus
1366 4710 1394 4757 te
1403 4700 1496 4773 pub

154 4785 279 4842 evolvere
296 4801 426 4857 nequeas,
446 4786 556 4843 eosdem
575 4786 640 4842 mihi
658 4784 856 4853 communicem
880 4782 951 4839 dabo
971 4782 1043 4838 enim
1062 4798 1187 4856 operam,
1206 4796 1238 4842 ut
1256 4788 1400 4845 consiliu
1415 4800 1493 4843 a

154 4877 184 4929 et
200 4871 322 4931 salntem
339 4873 483 4948 inveniam,
501 4875 526 4933 si
542 4890 599 4935 non
616 4873 727 4949 plausus
743 4870 941 4933 resolutionem
958 4886 1109 4947 sunum
1125 4871 1259 4934 sulum·
1288 4872 1490 4943 indubia
