3308 5534
151 402 217 473 770
662 398 726 456 Vita
741 398 861 459 temnis
876 398 1000 470 Kepleri.

256 577 376 632 Primum
401 578 455 631 hoc
473 591 546 633 anno
565 575 700 646 Keplerus
725 577 753 631 in
771 575 857 631 literis
875 574 911 633 ad
928 573 1105 631 Maestliuum
1129 573 1154 629 d.
1174 576 1218 631 31.
1236 574 1332 629 Martii
1350 572 1417 629 datis
1432 588 1489 627 rner-

151 665 254 719 tionem
272 662 338 719 iacit
357 662 491 719 sororis
511 664 581 732 (nat.
593 678 666 719 anne
681 662 769 731 teet),
788 664 860 730 qu'ae
872 661 990 732 posthac
1001 662 1108 733 pastori
1119 660 1240 717 Biadere
1254 660 1359 731 nupsit,
1375 660 1490 715 acnbeu·

154 745 255 807 Causa
284 747 357 805 milri
389 748 488 805 nuncii
511 744 645 806 mittendi
669 743 737 804 talis
767 753 826 818 est,
856 745 887 802 in
917 762 976 822 qua
1003 744 1160 822 plurimum
1185 764 1204 806 a
1225 754 1257 805 te
1276 746 1377 821 jurari
1399 756 1494 821 petuo.

150 833 275 894 Ambire
300 835 406 894 dicitur·
428 832 537 894 iacobi
559 832 701 906 Kienlini,
725 834 775 909 qni
798 834 828 890 in
851 831 959 893 ierenei
974 830 1074 911 platea
1088 832 1212 905 habitat,
1235 832 1336 893 aitirris
1350 834 1407 893 mei
1422 850 1497 909 nepae

152 939 188 981 ex
211 923 298 982 fratre
321 939 450 981 sororem
471 940 566 981 meam
583 919 887 997 itiargarctleam,
912 937 988 997 qnae
1004 920 1117 998 Pragae
1133 938 1248 983 meeum
1271 920 1329 979 init
1347 930 1416 981 ante
1430 920 1500 979 leien-

150 1010 241 1068 nium.
285 1008 374 1069 Patre
403 1026 469 1069 meo
500 1010 609 1069 amisso
639 1025 726 1068 neme
757 1024 887 1069 sorerem
915 1024 1011 1069 meam
1040 1012 1160 1087 propius
1191 1010 1317 1081 attinet,
1346 1018 1378 1068 et
1398 1008 1424 1066 ai
1444 1006 1500 1085 quid

150 1099 180 1154 in
203 1096 418 1174 praejudicium
441 1114 540 1156 meum
561 1098 675 1173 pepigit
697 1103 791 1155 mater
812 1112 887 1168 mea,
911 1112 999 1171 quam
1022 1093 1111 1155 audio
1133 1114 1226 1173 nuper
1242 1094 1403 1173 Tubingae
1417 1094 1502 1155 tuisne.

150 1183 179 1242 id
205 1187 377 1261 quantisper
400 1186 473 1242 citra
495 1188 604 1243 sororis
627 1202 780 1241 assensum
805 1184 982 1254 factumest,
1007 1191 1099 1242 ratum
1117 1200 1176 1243 rreu
1192 1184 1303 1243 liabeo.
1343 1184 1385 1241 ,te
1399 1198 1501 1241 uteoa·

151 1270 220 1331 silio
245 1281 274 1332 et
297 1274 473 1330 auctoritate
497 1274 604 1329 sororis
633 1273 782 1345 negotium
806 1288 893 1347 agam
915 1269 1042 1343 utiliter,
1073 1274 1142 1348 quia
1169 1273 1279 1331 notitia
1301 1271 1432 1329 hominis
1451 1272 1501 1347 ipse

150 1375 246 1432 careo,
273 1376 361 1435 cogor
384 1376 449 1417 eam
474 1378 492 1415 a
517 1359 681 1418 fautoribus
704 1360 777 1417 meis
792 1364 880 1433 teque
896 1358 1036 1434 imprimis
1059 1370 1167 1435 petere.
1197 1358 1266 1419 lion
1282 1374 1407 1433 pessum
1422 1358 1502 1433 preti·

150 1447 206 1504 bus
230 1444 406 1505 contendere
432 1445 643 1518 volternentins,
667 1464 756 1521 qnam
771 1463 790 1504 a
805 1453 834 1504 te
849 1443 1004 1517 contendo,
1028 1453 1060 1503 ut
1075 1446 1201 1505 heminis
1223 1446 1387 1515 fortunam,
1408 1444 1501 1503 taum

147 1534 296 1609 animique
320 1531 495 1607 qualitates,
521 1543 667 1608 qnatenus
690 1532 818 1592 saturum
843 1533 994 1592 existimas
1018 1532 1089 1591 utile
1111 1535 1203 1592 sorori
1226 1550 1324 1604 meac,
1349 1531 1420 1591 mibi
1440 1548 1501 1609 ape·

149 1619 219 1693 rias,
242 1628 294 1679 aut
317 1632 461 1695 qnantum
485 1623 547 1695 ipse
571 1638 629 1680 non
653 1628 746 1696 potes,
770 1620 809 1679 ab
832 1621 934 1679 amicis
958 1618 1110 1680 commode
1126 1627 1212 1697 potes
1235 1632 1398 1696 tuumque,
1420 1620 1500 1679 tanea

152 1708 272 1782 optime,
296 1707 451 1766 consilinm
476 1707 633 1783 adjungas.
671 1705 755 1781 Quae
778 1708 942 1767 omniomi
965 1725 1023 1766 nou
1044 1709 1147 1783 opinor
1170 1707 1274 1783 eliqua
1296 1726 1366 1767 eum
1380 1706 1499 1767 muru

150 1792 199 1853 vel
222 1794 353 1871 periculo
376 1796 474 1866 scribi,
500 1798 540 1854 ita
564 1798 682 1871 insuper·
705 1803 805 1855 sancte
828 1797 980 1871 promitto,
1005 1811 1051 1854 ute
1074 1794 1150 1855 elem
1173 1795 1358 1855 habiturum.
1404 1794 1498 1871 opnor

150 1887 268 1957 autem,
303 1882 355 1940 tibi
392 1892 490 1941 notam
526 1901 592 1942 esse
626 1900 721 1942 meam
751 1883 965 1959 integritatem,
1002 1892 1031 1941 et
1064 1882 1163 1957 sides,
1198 1882 1273 1941 nilril
1308 1900 1358 1943 mc
1393 1886 1497 1943 cunae.

147 1968 222 2027 nihil
244 1977 360 2046 praeter
383 1969 541 2029 utilitatem
563 1972 673 2029 sororis
702 1987 785 2029 meae
816 1986 965 2045 quaerere.
1010 1968 1141 2030 Nunnius
1172 1972 1362 2047 exspectabit
1390 1986 1497 2047 respen-

146 2072 222 2115 eum.
270 2056 346 2116 Vale
370 2056 547 2135 Praeceptor
571 2058 750 2118 charissime.
794 2055 919 2133 Pragae.
965 2055 1076 2116 Excell.
1100 2058 1184 2118 Tuae
1206 2060 1397 2134 gratissimus
1422 2058 1496 2117 disei-

146 2141 237 2220 pultes
268 2141 299 2204 J.
330 2144 451 2220 Keplcr.
490 2179 534 2190 -
579 2148 757 2215 Mnestheus,
782 2147 822 2200 uti
845 2153 1025 2202 consueverat
1053 2148 1107 2204 lree
1131 2156 1271 2219 tempere,
1299 2148 1339 2203 nil
1365 2146 1495 2219 respondi

147 2228 245 2305 qaod,
269 2240 301 2289 ut
324 2235 419 2289 scribit
437 2235 586 2306 licplerns,
619 2234 764 2307 ingratam
794 2240 824 2289 ct
853 2231 1048 2306 periculosam
1082 2231 1162 2292 dices
1199 2236 1355 2293 materiam
1382 2232 1495 2311 respond

148 2317 276 2376 iuturam
297 2318 397 2379 inisse.
444 2319 525 2393 Age,
550 2329 578 2377 te
600 2319 693 2379 libere
716 2318 773 2377 hac
796 2318 945 2391 molestia,
975 2320 1071 2377 forsan
1096 2322 1174 2379 enim
1193 2319 1258 2396 jam
1282 2324 1373 2397 petre
1395 2334 1495 2381 necem

152 2421 211 2462 nou
236 2405 332 2482 eset)
377 2405 418 2464 At
442 2404 515 2463 illud
538 2416 623 2482 pcto,
656 2414 688 2464 ut
711 2404 890 2482 respondeas
921 2405 956 2466 de
979 2406 1082 2482 eclipsi
1104 2408 1183 2469 Solis
1207 2419 1237 2468 ct
1258 2412 1284 2467 si
1309 2412 1358 2467 vis
1381 2407 1416 2471 de
1435 2406 1494 2471 aliis

153 2507 231 2568 quac
255 2490 325 2552 oiim
355 2492 505 2570 petebam.
549 2494 611 2553 Aut
639 2510 721 2553 eume
751 2496 902 2552 materiam
931 2512 967 2552 ex
991 2492 1107 2571 Optieis
1138 2495 1211 2555 meis
1213 2537 1401 2559 ........
1440 2492 1495 2555 Ju

153 2596 241 2655 egam
266 2587 363 2639 tecum
385 2582 536 2657 negotium
561 2583 718 2659 priuatum.
765 2576 798 2656 ie,
818 2575 865 2663 lt,
892 2588 916 2649 <t
941 2580 1069 2641 absoluti
1085 2591 1167 2653 sunt,
1191 2592 1305 2642 restant
1329 2583 1399 2646 duo.
1417 2580 1494 2641 itate

149 2668 221 2726 mihi
246 2667 414 2727 tabularum
439 2669 580 2727 incumbit
604 2671 669 2743 uni3
692 2666 832 2726 salterium
855 2668 1026 2742 impeditum
1051 2678 1105 2729 est.
1148 2670 1252 2747 Nuper
1275 2677 1377 2731 tamen
1398 2668 1494 2729 visuh
1534 2718 1536 2723 .

149 2756 335 2815 ordinantiac
359 2774 423 2814 eum
452 2754 489 2814 ad
518 2756 616 2814 aeriam
640 2755 814 2827 adstrictus,
843 2755 931 2815 rebus
954 2759 1143 2833 pereuntibus
1166 2767 1196 2817 et
1218 2761 1290 2817 nari
1313 2757 1495 2837 scopulab-

150 2845 289 2915 minente,
315 2844 451 2902 omnibus
474 2841 511 2901 ad
536 2842 714 2905 enatandum
738 2843 896 2901 discinctis.
934 2842 968 2900 ln
991 2842 1047 2904 lrae
1070 2844 1197 2905 colluvie
1221 2845 1345 2925 indigeo
1367 2844 1495 2907 atudieeit

149 2930 235 3005 Rogo
260 2930 300 2991 Π.
324 2929 359 2989 'l'.
385 2937 416 2988 ut
440 2932 578 3007 privatim
609 2932 683 2990 etsi
707 2930 768 2989 sieri
799 2938 898 3007 petest
926 2931 1000 2990 elem
1029 2941 1100 3008 agat
1131 2951 1196 2992 enm
1228 2934 1383 3011 aliquibus
1402 2936 1495 3011 stipes·

150 3017 260 3092 diariis,
288 3034 362 3094 ques
386 3016 507 3076 ieloneos
531 3019 592 3076 iore
615 3026 703 3095 putas
727 3026 756 3077 et
779 3016 907 3093 agilibus
930 3020 1055 3096 ingeniis
1079 3020 1245 3096 praeditos;
1269 3022 1311 3081 nii
1335 3024 1434 3093 relect,
1452 3020 1494 3079 etei

151 3105 225 3163 nilril
250 3114 301 3164 erut
324 3122 427 3180 parum
452 3107 480 3161 in
505 3106 628 3165 mathesi
652 3104 843 3182 profecerint,
874 3103 968 3165 selam
998 3105 1132 3167 desidere
1156 3108 1353 3185 cupiditatem
1376 3106 1491 3169 umenti.

151 3192 183 3251 Si
208 3192 243 3250 de
268 3192 320 3249 tali
351 3192 422 3249 nrilri
455 3201 568 3251 constet
599 3193 723 3268 ejusque
752 3208 869 3251 nrannnr
902 3194 1042 3279 viderem,
1075 3193 1186 3255 adirem
1209 3215 1264 3273 per
1292 3196 1394 3257 literas
1415 3196 1491 3256 adas

150 3278 297 3355 Principis
322 3280 589 3355 ll'iirttenbergiei,
621 3297 728 3355 rogans
751 3292 784 3338 nt
807 3298 873 3339 enm
897 3283 931 3339 iis
955 3283 1117 3353 sumtibus,
1150 3286 1201 3358 qui
1227 3286 1257 3341 in
1281 3288 1380 3363 ipsum
1402 3287 1491 3361 impes·

151 3365 257 3426 duntur
280 3366 444 3442 Tubingae,
469 3367 547 3443 :qiud
572 3384 617 3425 me
634 3369 734 3426 virere
750 3374 907 3443 pateretur.
936 3368 1080 3442 lrrsolene,
1103 3370 1156 3428 sed
1173 3374 1401 3448 praemissionem
1420 3370 1492 3431 nata

152 3472 300 3529 amagno
325 3454 452 3530 quodam
478 3455 655 3513 consiliario.
694 3453 753 3514 Sed
773 3457 859 3531 cupio
883 3458 962 3532 parius
987 3456 1023 3515 de
1047 3468 1125 3517 certa
1141 3460 1274 3535 quadam
1291 3458 1492 3537 personati*

153 3559 210 3617 que
235 3542 427 3617 qualitatibus
452 3561 517 3601 esse
541 3552 653 3615 certus,
686 3562 772 3618 quarn
803 3560 849 3601 res
871 3544 969 3619 palam
993 3544 1054 3604 fiat.
1100 3548 1193 3623 Spero
1217 3566 1255 3607 ea
1278 3557 1308 3609 te
1336 3547 1492 3607 humanitate

153 3646 227 3702 cese,
253 3637 285 3687 ut
308 3629 344 3688 ad
368 3630 424 3687 lroc
448 3630 553 3688 saltem
576 3638 715 3706 punctum
741 3648 862 3689 censeas
884 3630 1128 3707 respondendum.
1153 3634 1240 3695 Vale.
1270 3635 1403 3696 litium
1422 3638 1483 3695 nau
1533 3628 1536 3671 3

152 3722 218 3777 Cum
237 3722 399 3775 llaestlinus
419 3738 473 3774 non
493 3720 663 3787 rescriberet,
682 3720 818 3791 lieplenre
840 3738 947 3789 quoqne
959 3721 1094 3778 obmutuit
1101 3745 1109 3795 ;
1128 3727 1255 3795 proxima
1270 3726 1489 3797 ipatusalttase

152 3808 238 3863 linum
257 3810 329 3876 data,
348 3825 416 3876 qnae
436 3819 570 3877 superest,
591 3810 716 3879 epistola,
736 3810 839 3878 scripta
857 3817 899 3864 est
918 3827 988 3867 anne
1009 3815 1084 3868 toln.

258 3897 370 3950 iiirnun
390 3897 423 3951 de
443 3896 557 3950 Stella
575 3896 669 3951 Nora
693 3898 746 3950 hoc
772 3911 842 3951 anno
866 3897 970 3952 editum
996 3915 1056 3954 esse
1083 3914 1166 3970 eupm
1185 3898 1317 3959 elisimus.
1353 3903 1384 3957 ie
1399 3898 1489 3973 epistt·

155 3982 322 4039 dedicatoria
341 3983 375 4037 ad
394 3984 589 4053 imperatorem
614 3984 791 4054 luidolphum
810 3984 886 4052 (data
911 3986 1014 4055 ,pridie
1039 3986 1132 4042 Nonas
1158 3986 1369 4059 Septembres-l
1390 3984 1487 4043 trab
1531 3988 1536 4023 ¹·

156 4100 365 4115 ψ.-

261 4167 286 4235 *l
307 4171 407 4219 lle-soleii
435 4186 537 4236 qrmqrm
562 4173 683 4222 seruilium
710 4174 815 4238 petiisse
834 4173 969 4237 lt'eplernnr
990 4177 1015 4222 iu
1035 4192 1060 4223 re
1086 4177 1269 4226 matrimoniali
1293 4182 1396 4241 serrone,
1415 4176 1483 4225 ab*

160 4240 262 4289 Reserlrll
281 4244 445 4304 responsione
464 4249 667 4306 npparet:....
699 4244 773 4304 (grurd
793 4258 848 4291 enm
868 4246 1013 4293 testimonio
1033 4248 1132 4295 certiori
1152 4252 1354 4299 rrrraeonriliruu
1373 4254 1481 4297 iunii·
1534 4288 1536 4293 .

155 4312 234 4358 ardna
251 4324 268 4358 a
286 4328 325 4359 me
345 4315 449 4375 expietis,
470 4328 515 4374 pro
534 4315 645 4361 amicitia
670 4316 750 4369 magis
768 4318 855 4361 nostra
873 4329 947 4377 qnam
968 4317 1100 4377 prudentia
1119 4317 1195 4379 iacis,
1220 4334 1250 4365 ae
1270 4322 1315 4381 ita,
1332 4336 1396 4385 quae
1412 4322 1480 4379 ⁵⁸!st

157 4380 244 4428 denter
261 4381 346 4429 t'orsau
371 4383 552 4447 surpereminet,
577 4388 604 4430 ut
621 4399 638 4430 a
656 4385 763 4433 candido
787 4389 812 4432 et
836 4387 932 4447 optimo
957 4388 1073 4449 protecta
1097 4389 1184 4435 enimc
1212 4390 1294 4449 naue,
1319 4404 1350 4439 ae
1371 4392 1437 4439 edu·
1454 4396 1481 4431 Π

156 4448 290 4497 ululantum
311 4450 397 4515 illuns,
421 4454 464 4513 qui
484 4468 592 4501 sororem
617 4462 685 4503 tuam
705 4457 730 4501 in
749 4456 939 4503 matrimonium
957 4464 1039 4520 ararat,
1065 4458 1204 4506 renuimus
1231 4474 1278 4507 nec
1298 4475 1394 4525 proreta
1410 4450 1479 4507 uiddt

155 4518 222 4567 facie
241 4534 351 4568 rrosrere.
390 4522 422 4567 lia
441 4536 487 4585 pro
506 4530 596 4581 aetate,
615 4540 681 4587 quae
701 4526 930 4589 opportunissima,
951 4533 990 4573 >at
1010 4542 1134 4591 superque
1154 4526 1272 4589 elegans,
1292 4538 1382 4579 statura
1396 4534 1478 4593 ptem

157 4602 248 4651 eorpus
266 4596 390 4650 vegetum,
409 4592 451 4637 sed
471 4593 541 4653 lepos
562 4592 598 4643 lut
616 4608 704 4658 parum
723 4592 823 4651 elegans
843 4596 978 4644 strennuum
998 4610 1054 4644 erran
1074 4602 1210 4661 spectatori
1231 4598 1475 4661 inserendique*

157 4656 252 4711 delicit.
271 4668 359 4723 eatque
378 4662 453 4707 niruis
470 4662 637 4712 ridiculorum
656 4680 759 4713 monem.
798 4667 917 4713 Animum
935 4668 996 4715 lraec
1014 4670 1175 4727 agrestiorem
1193 4672 1274 4733 praeuio
1292 4682 1384 4723 neum.
1400 4678 1437 4713 ΙΙ
1450 4670 1474 4705 ¹1⁴²

157 4727 225 4791 quod
244 4732 269 4775 te
287 4731 496 4790 pbt’eiognnrnum
515 4748 636 4784 rrrrmeam.
672 4737 807 4803 l'ortuuae,
826 4744 855 4784 ut
872 4742 948 4799 putu,
975 4745 1076 4791 leuues.
1103 4739 1304 4804 redemptiones
1320 4736 1471 4805 aequem*

158 4796 261 4859 quidem
279 4800 391 4862 occasio,
420 4802 457 4847 ita
477 4809 581 4864 propter
603 4807 720 4853 inertiam
746 4821 804 4869 epea
830 4812 868 4855 est
891 4822 943 4855 uon
965 4810 1002 4857 ita
1025 4809 1117 4873 ampla.
1155 4810 1242 4861 nolim
1267 4820 1347 4861 unere
1367 4810 1390 4857 rd
1407 4812 1468 4853 m

1531 4310 1536 4365 i

159 4862 253 4930 modu,
270 4878 317 4915 nee
335 4868 402 4915 enim
421 4869 534 4933 inspecte
552 4878 577 4920 et
595 4875 711 4925 mtbimet
722 4882 852 4941 comperta
869 4878 987 4943 canucio,
1004 4878 1050 4928 sed
1062 4892 1094 4929 ex
1105 4876 1189 4933 relatu
1207 4882 1296 4933 uxoris
1311 4894 1376 4933 nse·
1388 4878 1437 4927 dit*-
1446 4888 1466 4905 ‘
1518 4948 1536 4963 -
