3308 5534
149 408 216 482 916
630 406 694 464 vita
711 407 729 463 J
731 406 828 463 oauuh
844 405 965 477 Kepicri.

152 591 322 663 securitate,
344 588 453 665 quibus
476 584 658 663 compendiis
679 602 806 648 mercem
827 602 913 646 suasu
934 590 1112 661 transportet
1133 584 1331 659 drauhsnom,
1351 586 1380 644 si
1400 583 1504 661 hspes·

152 680 233 739 tinae
261 677 324 753 jum
352 678 453 736 statim
480 676 653 754 oommopari
682 681 735 734 aut
764 680 894 751 nequeat
920 682 973 733 aut
1001 671 1085 732 nolit
1128 672 1219 733 Haec
1250 690 1313 737 uua
1341 674 1421 731 ratio
1441 684 1503 733 esto.

152 764 232 841 Quid
254 767 281 822 si
302 780 373 823 nero
398 780 472 822 onus
500 762 643 823 detrectet
672 765 783 822 amicus
813 760 919 822 meus?
956 758 1035 835 Quid
1057 762 1083 818 si
1103 760 1202 820 multa
1232 764 1264 819 iu
1294 760 1356 821 hae
1383 764 1434 819 sia
1452 759 1505 819 dis·

153 851 283 928 pendia?
320 851 406 909 Tunc
426 849 587 910 secuudum
610 856 673 909 esto
697 858 786 926 caput
809 847 1037 921 deliberationis,
1064 849 1089 906 si
1111 847 1271 925 sponsalis
1291 846 1417 924 quidem
1437 846 1503 905 Dur·

151 939 210 999 laci
232 947 262 998 tc
284 946 437 1014 praesente
460 945 652 1014 peregantur,
683 936 745 996 lilia
766 953 837 997 vcro
860 935 1005 997 conductu
1027 938 1137 995 sororis
1164 953 1255 997 meaa
1277 945 1311 996 ct
1333 934 1442 1009 affinis,
1459 952 1504 1011 μ-

152 1024 256 1087 truelis
278 1042 362 1086 meac
384 1029 493 1096 uxoris,
517 1042 593 1100 quae
615 1024 733 1084 fratrem
755 1024 846 1083 habet
868 1025 1102 1084 concionatorem
1126 1023 1277 1097 aulicum,
1311 1021 1445 1081 Durlaoo
1463 1040 1504 1099 pir

153 1114 412 1188 wirtembergiem
436 1120 466 1173 ct
487 1109 606 1172 Ulmum
627 1118 758 1171 trauseat
779 1110 990 1184 llatlsbouam,
1013 1120 1149 1170 curatura
1169 1129 1243 1170 mea
1265 1118 1297 1171 et
1320 1128 1380 1171 sua
1400 1110 1441 1169 ibi
1461 1109 1504 1169 dr-

153 1202 253 1277 posita
275 1199 483 1276 supellectilia.
515 1200 631 1258 Interea
654 1208 682 1259 et
705 1216 760 1274 ego
783 1199 857 1258 iortc
879 1198 967 1258 rebus
983 1200 1055 1256 meis
1071 1197 1165 1257 Lincii
1189 1201 1305 1257 curatis
1321 1198 1503 1257 Ratislm

153 1288 282 1348 veniam.
319 1288 436 1362 Auceps
460 1287 542 1346 lucus
565 1288 640 1346 iuter
662 1286 820 1345 absurdum
844 1294 873 1346 ct
888 1283 1074 1345 commodum
1089 1287 1211 1362 nuptiis.
1250 1285 1333 1344 Nam
1349 1288 1414 1346 noti
1427 1286 1503 1343 notui

153 1393 191 1435 cx
214 1374 336 1433 Austris
358 1375 399 1431 ibi
422 1383 492 1432 suut
514 1390 620 1448 magno
644 1391 778 1447 numero,
809 1380 841 1432 at
863 1390 959 1448 usque
981 1389 1078 1432 meum
1100 1375 1244 1432 uxorisve
1267 1390 1371 1449 neque
1392 1388 1503 1451 spont-

153 1477 219 1521 rum
240 1463 283 1520 ibi
306 1460 501 1534 domicilium,
531 1479 567 1520 ac
589 1478 626 1519 ue
649 1460 756 1538 hospes
779 1460 908 1536 quidem.
955 1460 1032 1537 Ergo
1054 1459 1253 1520 Ratisbouaru
1276 1461 1404 1536 quidem
1424 1476 1504 1535 ομ

153 1549 279 1609 honeste
311 1548 437 1608 deducta
464 1565 574 1623 sponsa
601 1556 660 1621 est,
688 1548 728 1607 ed
756 1547 824 1607 iude
846 1547 998 1623 Sagauum
1027 1565 1081 1624 per
1109 1548 1255 1607 milliaria
1276 1554 1322 1609 ott
1347 1565 1432 1607 soror
1448 1564 1504 1606 nes

154 1634 236 1695 illam
259 1653 318 1694 nou
341 1635 542 1709 comitabitur,
567 1636 615 1693 rix
638 1638 716 1695 euim
738 1635 931 1695 Ratisbouam
955 1652 1048 1711 usquc
1070 1650 1257 1710 persuasero.
1305 1635 1416 1696 Restat
1434 1632 1503 1693 edu

156 1739 222 1782 cnm
244 1721 298 1781 illa
317 1740 445 1799 sponsus
467 1720 650 1801 ἀνεχομενος,
681 1725 738 1782 nisi
768 1739 825 1799 ego
854 1723 947 1782 soiius
976 1721 1065 1797 hujus
1094 1721 1262 1782 conductus
1283 1740 1385 1783 causa
1404 1732 1502 1781 tmen

144 1810 268 1869 itineris
291 1810 397 1869 obvius
418 1809 595 1886 proficiscar.
640 1809 809 1886 Saganam,
839 1810 889 1869 ubi
910 1825 1050 1886 sponsam
1072 1809 1254 1886 perduxero,
1288 1810 1368 1869 nihil
1391 1826 1502 1885 magus·

157 1914 228 1973 pare
241 1904 296 1972 cst,
318 1897 400 1973 ‘quod
415 1899 513 1956 lecum
528 1898 712 1957 commendet
729 1913 781 1973 pre
796 1898 917 1975 nuptiis.
942 1896 1069 1973 Hospes,
1093 1899 1277 1972 peregrinus,
1303 1915 1384 1975 pene
1398 1900 1502 1973 kun

154 1991 186 2043 et
207 1991 321 2043 tantum
343 2002 402 2043 nou
425 1984 529 2042 surdus
552 2002 618 2044 sum
640 1985 679 2044 ed
702 1985 812 2044 idioma
833 1986 1021 2060 vicissimque
1045 1984 1188 2044 barbarus
1212 1983 1340 2046 habeor.
1379 1984 1445 2045 Hos
1464 1984 1502 2043 Bt

156 2077 210 2144 cst,
235 2073 264 2128 iu
287 2070 411 2131 aedibus
433 2080 588 2148 pareutum
616 2089 743 2149 sponsae
771 2075 890 2147 nuptias
919 2074 1070 2132 instituere
1092 2072 1266 2146 triduanum
1298 2072 1375 2133 mihi
1401 2072 1503 2150 propri

124 2192 127 2199 ·
157 2157 263 2217 domus
285 2158 374 2233 nulla,
398 2161 428 2216 in
450 2158 560 2237 templo
583 2160 668 2220 sedes
690 2159 787 2234 nullu,
810 2177 847 2221 ex
870 2176 928 2235 quo
950 2159 989 2219 ab
1012 2159 1077 2234 ejus
1099 2160 1177 2218 ostio
1193 2160 1315 2220 aberro.
1355 2160 1416 2220 Res
1429 2161 1503 2237 lg'n

153 2247 185 2303 irr
207 2262 349 2322 sponsum
371 2254 402 2305 et
423 2245 558 2306 haubem
580 2247 683 2308 recidit
705 2256 806 2307 eontra
828 2262 938 2307 morem
958 2248 1140 2324 provinciae.

263 2332 331 2393 Huc
358 2350 452 2408 usque
483 2336 584 2411 scripsi
616 2333 727 2412 Ssgaui
754 2341 824 2394 aute
852 2333 915 2394 dics
944 2332 1109 2411 plusculos,
1141 2350 1179 2393 ex
1208 2350 1246 2394 eo
1271 2333 1436 2395 Glirliciun
1459 2333 1500 2401 ὅτι

156 2427 308 2480 curaturus
332 2428 434 2498 typum
457 2421 637 2496 sportulae,
662 2439 750 2498 quam
772 2422 908 2481 manibus
929 2429 959 2483 et
981 2423 1060 2498 typis
1081 2423 1211 2498 propriis
1224 2421 1343 2499 Sugaui
1366 2422 1500 2483 ended·

153 2515 222 2569 aula
251 2510 409 2567 imcuses
440 2509 497 2568 huc
523 2512 677 2584 miseram,
709 2509 910 2587 typographus
936 2525 1006 2568 vcro
1032 2507 1105 2567 mihi
1137 2508 1165 2567 d.
1201 2514 1255 2570 13.
1284 2508 1366 2569 Julii
1396 2509 1500 2577 dian

152 2595 209 2654 hac
231 2596 298 2671 ipse
320 2595 392 2654 hora
414 2596 530 2655 absolsi
553 2596 674 2656 ultimae
697 2597 806 2656 turmae
829 2598 1046 2656 correctionem.
1085 2595 1243 2672 Epistulae
1267 2596 1310 2656 ad
1333 2597 1499 2657 Bartteh'-

154 2683 333 2759 cxcmplaria
355 2700 421 2742 cum
443 2681 567 2742 Tabulis
589 2687 662 2744 meis
684 2686 846 2761 synopticis
866 2685 1037 2761 tystematis
1058 2683 1264 2744 mathematici
1288 2686 1407 2765 accepit
1426 2684 1499 2744 Τι-

152 2769 295 2848 pechius;
317 2771 427 2843 scribit,
451 2788 483 2829 se
506 2779 558 2829 tuo
581 2789 665 2830 usuru
689 2770 827 2845 consilio,
850 2771 889 2831 ad
912 2787 999 2847 quem
1018 2771 1081 2845 jam
1103 2773 1235 2845 scribat,
1267 2771 1351 2834 uelle
1374 2772 1439 2832 idn
1455 2773 1500 2831 'n-

153 2860 287 2936 primere.
331 2856 398 2916 Hoc
420 2860 484 2934 ipso
509 2856 554 2917 dic
576 2858 635 2934 legi
656 2857 812 2936 epistolam
840 2857 934 2931 tiliae,
966 2874 1042 2934 quae
1069 2875 1101 2917 sc
1130 2861 1289 2937 accepisse
1314 2866 1334 2921 8
1360 2859 1499 2921 utun·

154 2962 259 3005 aureos
282 2944 336 3003 abs
359 2952 389 3003 te
413 2947 529 3004 nominc
553 2945 701 3004 honorarii
716 2948 754 3005 ub
769 2945 816 3004 111.
833 2945 968 3022 Principe
983 2945 1209 3019 [luneburgensi
1231 2964 1285 3024 per
1303 2948 1346 3006 D.
1362 2948 1401 3009 D.
1414 2946 1499 3007 Clu·

152 3033 236 3091 nium
257 3033 327 3090 mihi
350 3049 403 3109 pro
426 3032 527 3092 oblato
551 3033 708 3111 exemplari
731 3033 852 3096 obtenti.
880 3030 1011 3092 Obsecro
1034 3050 1103 3091 uuru
1127 3032 1203 3093 haec
1228 3036 1312 3095 bona
1335 3034 1499 3113 adeps·-

154 3119 224 3178 turi
263 3120 310 3178 An
334 3127 365 3177 tu
388 3119 424 3178 de
439 3129 490 3178 tuo
506 3119 653 3193 addidisti,
679 3119 758 3196 quod
780 3136 833 3199 pro
856 3128 907 3179 tua
929 3122 958 3179 iu
975 3138 1021 3180 mc
1036 3136 1152 3179 summa
1174 3122 1395 3183 benevolentia
1414 3122 1498 3181 des!

42 3227 44 3234 ·
154 3205 287 3285 putasti?
325 3205 397 3280 Quis
429 3209 504 3265 enim
528 3225 586 3266 neu
610 3209 720 3286 pudore
745 3208 952 3280 contundatur,
984 3224 1036 3285 pro
1064 3207 1229 3285 exemplari
1259 3220 1380 3269 tautum
1402 3222 1498 3269 mnu

153 3301 238 3353 tauta
269 3292 440 3352 difficultate
469 3304 632 3373 temporum
660 3295 827 3373 accipiens?
863 3296 901 3354 El
931 3293 1078 3370 quoduam
1107 3305 1227 3373 tempus
1255 3300 1427 3377 occupabo,
1451 3308 1498 3371 μ

154 3380 203 3442 111.
226 3380 363 3456 Principi,
387 3381 423 3441 D.
448 3381 593 3456 Cluteuiu,
618 3382 695 3455 Tibi,
718 3383 848 3460 propolis
871 3384 943 3442 meis
967 3383 1072 3459 dignas
1094 3400 1183 3459 agam
1207 3386 1350 3460 gratias?
1393 3384 1498 3463 spos*

152 3468 212 3528 lum
233 3464 321 3528 'video
345 3484 391 3528 me
415 3468 529 3542 debere,
553 3469 640 3528 medo
664 3488 701 3529 ne
723 3487 760 3529 ea
782 3487 877 3530 vacua
898 3472 997 3548 potius
1021 3478 1051 3529 et
1071 3470 1173 3545 indiga
1196 3471 1419 3533 etmeudioau
1437 3468 1497 3529 d

152 3563 280 3632 putetur.
325 3555 441 3614 Mittam
464 3574 516 3633 per
537 3557 769 3618 Francolurtum.
810 3556 929 3617 Interim
951 3575 998 3617 me
1022 3557 1059 3617 D.
1084 3557 1123 3616 D.
1139 3556 1282 3618 Cluteuio
1307 3570 1339 3620 et
1362 3578 1413 3638 per
1430 3556 1497 3617 th

151 3640 354 3702 Illustrissimo
378 3642 559 3703 commendo.
604 3644 689 3704 Vale.
734 3644 844 3722 Scripsi
874 3643 996 3704 Giirlicii
1018 3644 1047 3704 d.
1075 3644 1193 3724 lim.
1218 3645 1299 3705 tulii
1329 3650 1399 3707 suni
1422 3646 1494 3707 tttt.

262 3728 448 3806 chlerus
470 3731 656 3807 Bcrneggero
678 3732 709 3793 S.
733 3731 767 3790 P.
791 3732 829 3794 D.
866 3731 1035 3791 Clarissimo
1057 3734 1304 3810 amicissimequc
1328 3734 1391 3795 Vir.
1424 3728 1495 3809 Qut

151 3816 235 3877 Deus
257 3815 293 3876 0.
317 3817 359 3874 Μ.
388 3834 454 3875 meo
475 3836 663 3894 meorumque
695 3818 850 3879 commodo
873 3827 982 3891 vertet,
1015 3819 1052 3878 ad
1084 3818 1146 3881 Cat
1173 3819 1261 3899 Sept.
1295 3821 1389 3883 liliam
1415 3834 1492 3881 111

150 3902 326 3978 Susannam,
349 3904 494 3979 siquidem
518 3914 548 3965 et
569 3909 634 3981 ipsa
655 3915 742 3983 pacta
763 3925 832 3966 mea
853 3913 917 3965 ruta
940 3906 1057 3981 habeat,
1080 3904 1202 3966 Jacobo
1220 3908 1383 3970 Bartaelrio
1403 3916 1493 3969 m

151 3994 210 4050 tuis
232 3991 536 4051 commendationibus
559 3996 673 4069 regenti
696 3993 767 4052 mihi
790 3993 985 4054 condecorato
1008 4004 1038 4053 ct
1060 4004 1214 4070 promoto,
1240 3998 1374 4056 laturam
1394 4008 1492 4057 ιιι·

150 4076 259 4151 addixi,
284 4090 442 4154 actumque
465 4078 501 4139 dc
524 4083 620 4139 emico
643 4081 838 4158 Berueggero,
862 4090 894 4139 ut
916 4083 980 4140 sive
1004 4082 1203 4157 Argentinac,
1226 4086 1253 4143 si
1276 4095 1412 4162 tempora
1430 4078 1492 4141 ti·

149 4165 215 4237 rint,
238 4164 370 4225 lauream
393 4166 535 4226 medicem
559 4184 624 4227 cum
646 4168 817 4228 solennibus
840 4169 1022 4245 nuptialibus
1050 4168 1256 4243 conjunxerit,
1290 4175 1360 4232 sire
1389 4168 1491 4230 alrbl'!

149 4249 263 4310 Suesia
290 4253 396 4312 lestuur
427 4254 558 4331 nuptiale
588 4257 758 4330 instituerit,
789 4256 993 4332 Berueggerus
1022 4257 1114 4332 patris
1143 4257 1229 4315 uices
1257 4254 1490 4325 subostendi

149 4338 339 4413 mogontinae,
363 4343 452 4399 ctiam
475 4350 589 4401 sumtus
611 4342 647 4401 de
669 4360 735 4402 meo
758 4342 877 4418 quidem
900 4350 1010 4418 eroget,
1034 4351 1064 4402 et
1085 4342 1164 4401 tiliae
1186 4345 1347 4405 secedenti
1368 4348 1398 4404 ia
1416 4344 1491 4404 αι’·

148 4430 212 4483 tatu
237 4435 266 4485 et
288 4430 396 4485 sororis
418 4436 448 4486 et
470 4430 611 4506 patruelis
635 4448 718 4491 meae
741 4430 900 4508 hospitium
916 4430 1072 4489 honestum
1086 4430 1166 4507 apud
1181 4446 1309 4493 uxorem
1325 4444 1490 4510 nup*

148 4511 227 4570 beat
271 4512 356 4572 Haec
378 4518 561 4590 paucissimis
588 4528 706 4595 propter
728 4517 920 4596 epistolarum
942 4525 972 4578 et
993 4516 1213 4578 multitudinem
1242 4528 1273 4581 et
1301 4521 1543 4621 prolix&

147 4596 229 4659 Beue
251 4607 281 4659 et
302 4600 426 4660 feliciter
449 4606 528 4678 agite
551 4611 580 4663 et
603 4605 710 4666 valete.
896 4618 903 4629 “

254 4685 415 4762 Sugauid
441 4696 469 4750 ·.i
494 4691 574 4768 Sept
598 4696 666 4750 anui
693 4700 786 4753 1629.

251 4786 397 4840 Decretum
417 4786 540 4842 ordinum
560 4790 728 4846 liuciurum.
756 4793 781 4846 J.
799 4791 923 4861 Keppler
939 4790 1130 4847 Mathematici
1149 4792 1250 4849 troii
1274 4794 1416 4851 tumens
1447 4768 1543 4845 ¹*i

147 4867 236 4925 Herm
254 4871 443 4929 Verorducteu
465 4876 563 4932 sisseu
586 4877 646 4935 sich
670 4878 793 4937 mnlohcr
814 4878 971 4950 hostalluug
991 4894 1082 4951 gesen
1103 4880 1167 4937 dam
1192 4880 1487 4954 supprimens*
