3308 5534
155 400 242 489 1012
584 400 588 407 '
667 416 732 477 na
746 416 862 477 reum
878 415 999 489 uepres.

93 617 97 633 ·
155 597 224 659 dere
247 596 344 658 liceat.
375 596 527 674 Bipartita
549 597 774 673 eceentricitate,
798 596 1057 658 observationibus
1079 592 1279 671 genceutricia
1303 590 1348 652 ad
1370 589 1512 652 bellocen-

152 685 242 746 tricas
255 683 415 746 translatis
437 686 533 761 ipsam
556 684 635 745 Solis
658 686 802 747 theoriam
824 682 993 746 emendavit
1015 682 1139 758 ejusque
1166 681 1426 740 eceentrieitatem
1447 696 1512 738 con·

153 774 265 846 stituit,
293 789 389 848 neque
412 775 508 831 minas
532 772 667 849 apsidum
689 773 874 850 planetarum
896 772 990 831 lineas
1013 769 1191 846 easdemque
1218 766 1374 827 nodorum
1396 770 1512 827 eim

152 860 279 937 scripsit.
325 859 461 936 Amplius
484 860 713 936 pervestigando
736 861 793 921 hoc
816 876 935 937 quoquc
958 856 1122 934 expedivit,
1147 853 1249 932 qualis
1273 864 1360 915 esset
1381 853 1510 932 planeta·

154 964 219 1006 rum
242 947 355 1006 orbium
379 949 409 1004 in
440 946 605 1023 eclipticam
632 946 784 1008 inclinatio
814 945 951 1028 (latitudo
974 937 1214 1026 beliocentrica),
1244 940 1330 1001 Solia
1361 954 1392 1002 et
1414 942 1511 1001 llart'a

152 1033 319 1112 parallaxes
343 1033 518 1112 a'i’ychone
541 1034 615 1094 ialre
638 1042 825 1112 computatas
848 1035 973 1094 correxit
996 1038 1026 1092 et
1047 1030 1104 1092 boc
1127 1029 1218 1090 modo
1241 1032 1374 1107 propina
1396 1031 1511 1089 amit

152 1121 189 1179 ad
213 1139 273 1194 eas,
298 1139 374 1196 qrrae
398 1138 487 1180 verae
509 1128 586 1195 sunt,
609 1120 793 1198 planetarum
808 1139 826 1182 a
842 1119 912 1181 Sole
936 1120 1100 1192 distantias,
1125 1135 1204 1196 quae
1219 1117 1349 1193 quidem
1366 1133 1385 1175 a
1400 1116 1510 1194 Kepieri

153 1209 268 1268 demum
300 1209 773 1295 strecessoribusperfectioribus
803 1208 1003 1267 instrumentis
1031 1215 1061 1266 et
1090 1205 1226 1278 auxiliis,
1258 1220 1345 1281 quae
1376 1207 1434 1282 ipsi
1459 1220 1510 1263 usa

152 1294 298 1367 adessent,
322 1297 488 1354 accuratius
512 1305 580 1354 suut
603 1298 789 1355 constitutae.
820 1293 974 1355 Mentione
997 1310 1115 1370 quoque
1138 1292 1263 1369 dignum
1287 1300 1338 1351 est
1361 1290 1510 1369 Kepieria·

150 1398 228 1456 num,
254 1381 333 1458 quod
357 1381 469 1455 dicitur,
497 1380 706 1462 „Problema“,
730 1399 789 1459 quo
812 1383 842 1440 in
858 1380 1002 1442 solvendo
1017 1378 1154 1458 permulti
1170 1380 1285 1439 versati
1305 1388 1381 1438 aunt
1403 1378 1509 1439 ωιιΙιι-

150 1471 258 1531 matiei.
304 1468 369 1528 iloc
393 1479 453 1528 est:
480 1470 579 1550 „Data
601 1488 671 1530 area
693 1471 787 1547 partis
809 1468 984 1530 semicirculi
1007 1468 1136 1544 datoque
1159 1475 1272 1543 puncto
1298 1465 1449 1539 diametri,
1468 1468 1508 1526 in-

151 1553 371 1616 veniro‘areum
395 1567 424 1615 et
446 1557 586 1632 angulum
610 1556 648 1616 ad
671 1556 744 1617 iliud
767 1565 919 1634 puuctum,
942 1555 1029 1631 cujus
1043 1554 1144 1632 anguli
1160 1554 1300 1614 cruribus
1324 1562 1357 1614 et
1372 1570 1506 1630 moeres

151 1642 220 1703 data
235 1661 304 1702 area
320 1643 603 1720 comprehenditur“,
628 1644 693 1704 vel:
719 1662 837 1719 ,aream
852 1642 1025 1703 semicirculi
1048 1660 1084 1703 ex
1107 1659 1290 1718 quoeunque
1314 1652 1429 1717 puncto
1449 1640 1507 1699 dia·

151 1732 233 1790 metri
257 1731 287 1788 in
311 1730 381 1789 data
404 1732 517 1790 ratione
540 1748 649 1791 secare.
693 1731 769 1790 Mihi
790 1730 898 1791 suificit
921 1729 1046 1802 credere,
1068 1729 1146 1788 solvi
1169 1747 1188 1786 a
1211 1731 1314 1805 priore
1345 1745 1407 1788 non
1428 1745 1506 1805 porse

150 1826 272 1894 propter
299 1834 382 1875 aretis
407 1827 436 1876 et
465 1820 545 1877 sinus
570 1815 769 1897 e'rspoyeresns.
814 1818 929 1877 Erranti
953 1817 1023 1875 mihi
1047 1818 1217 1893 quicunque
1249 1818 1336 1875 viam
1368 1830 1506 1875 mosana-

151 1907 235 1976 verit,
258 1906 283 1962 is
307 1907 361 1962 erit
383 1904 454 1962 mihi
477 1923 601 1981 magnus
625 1901 829 1982 Apollonius‚“
870 1902 979 1965 Aliter:
1005 1903 1105 1983 „Data
1128 1901 1282 1963 anomalia
1305 1902 1408 1963 media
1430 1908 1507 1981 iten-

149 2009 204 2069 pus
228 1991 385 2050 artificiose
408 1991 626 2051 denominatum
650 1993 774 2068 ejusque
796 2008 933 2053 mansura
956 1991 1036 2066 area)
1060 2000 1220 2068 quaeratur
1243 1991 1401 2051 anomalia
1426 2006 1507 2050 noae·

149 2087 241 2156 quala
272 2081 460 2154 (apparentia
491 2096 576 2139 arcus
605 2079 766 2157 aplaneta
797 2077 934 2156 descripti
963 2080 1047 2154 quasi
1078 2095 1114 2137 ex
1145 2074 1264 2149 Sole“).
1315 2078 1364 2136 De
1394 2080 1506 2138 roeibu

151 2167 310 2243 ,acquretis
338 2168 453 2241 opilea,
483 2167 622 2244 physica,
654 2164 802 2226 anomalia
828 2165 941 2238 media,
971 2167 1096 2225 eccentri
1122 2173 1151 2225 et
1181 2162 1388 2242 coaequata“,
1410 2166 1507 2242 quibas

149 2253 206 2312 hoc
229 2253 294 2312 ioco
317 2250 463 2329 KepIerus
488 2257 586 2326 utitur,
609 2253 684 2313 haec
707 2252 758 2313 dat
773 2253 927 2313 Fabricio:
950 2250 1108 2310 Anomaiia
1129 2250 1231 2311 media
1254 2270 1273 2311 a
1298 2270 1348 2313 me
1372 2251 1450 2312 dista
1468 2262 1506 2312 ert

152 2356 291 2399 numerus
315 2358 468 2412 morarum,
493 2343 618 2400 eceentri
641 2341 790 2399 anomalia
812 2349 857 2400 est
879 2356 964 2399 arcus
987 2341 1108 2413 itineris,
1132 2348 1304 2415 coaequata
1326 2350 1374 2400 est
1389 2340 1506 2417 angulas

150 2429 272 2486 visionis
296 2444 332 2486 er
356 2427 434 2486 Sole,
475 2428 547 2504 Ego,
571 2430 610 2486 mi
633 2428 760 2501 Fabrici,
784 2430 809 2486 si
833 2429 1041 2486 astronomiam
1066 2425 1102 2485 de
1125 2443 1206 2486 novo
1232 2426 1396 2500 traderem,
1418 2430 1460 2487 aie
1477 2436 1506 2485 at

152 2514 224 2573 mihi
247 2531 304 2572 non
329 2525 406 2573 esset
429 2532 503 2591 opus
526 2514 608 2590 loqui
630 2532 696 2575 curu
720 2516 858 2593 antiquis,
883 2525 979 2574 uterer
994 2512 1118 2573 vocibus
1133 2513 1218 2572 aliis:
1244 2513 1379 2575 dicerem
1394 2532 1505 2583 moran,

150 2619 265 2674 arcum,
297 2602 453 2677 anguium,
488 2602 645 2677 circuium3
677 2619 761 2662 arcus
791 2601 913 2678 elliptiei
944 2617 1065 2674 nomen,
1102 2617 1202 2661 morae
1234 2619 1425 2675 mensuram,
1453 2604 1504 2661 cir·

151 2688 210 2751 auli
232 2706 341 2748 aream.

256 2774 364 2834 Omnia
387 2791 431 2848 ea,
456 2793 532 2852 quae
555 2775 643 2834 modo
667 2776 803 2848 diximus,
825 2791 913 2847 nova,
937 2775 1100 2852 inopinata,
1123 2773 1262 2833 inaudita
1286 2785 1385 2836 erant.
1430 2774 1504 2852 Rep-

152 2863 239 2934 lerus,
263 2864 410 2940 proiectus
432 2882 450 2919 a
474 2863 555 2922 iaisis
579 2862 803 2939 conditionibus,
833 2864 888 2939 ipsi
912 2863 950 2921 ab
973 2880 1016 2934 ea,
1041 2879 1118 2939 quae
1146 2871 1209 2919 tum
1234 2872 1310 2936 erat,
1336 2866 1506 2923 mmouomia

151 2950 262 3023 allatis,
292 2967 445 3026 perversas
469 2960 498 3009 et
520 2949 609 3009 salsas
640 2968 691 3009 eas
722 2968 785 3009 esse
816 2948 1035 3021 demonstravit,
1061 2958 1090 3009 et
1113 2952 1303 3024 appetentiis
1336 2952 1504 3011 coelestinus

153 3036 299 3096 indelessa
323 3036 420 3095 stadio
444 3037 481 3094 ad
506 3036 691 3097 collationem
716 3037 857 3096 adhibitis
880 3044 909 3096 et
933 3039 1059 3095 inventis
1088 3039 1162 3095 mira
1185 3038 1407 3114 imaginatione
1431 3040 1506 3097 noris

151 3127 369 3199 ingeniosisque
385 3126 556 3196 rationibus,
580 3142 655 3200 quas
670 3123 708 3183 ad
724 3122 934 3185 examinandas
950 3140 995 3184 res
1010 3134 1039 3183 ct
1054 3123 1177 3181 traditas
1195 3134 1225 3181 et
1242 3126 1283 3183 ab
1309 3128 1378 3204 ipso
1393 3128 1505 3202 excogi-

152 3220 230 3270 tatas
258 3211 425 3282 adhiberet,
459 3222 563 3270 cuncta
590 3211 716 3287 denique
740 3213 974 3271 accuratissimus
1000 3209 1189 3269 calculationi
1218 3212 1362 3287 subjecit.
1416 3213 1506 3289 Neque

152 3301 231 3375 prius
255 3297 389 3356 discessit
412 3299 449 3356 ab
473 3301 589 3376 incepta
612 3301 740 3371 ratione,
771 3315 860 3373 quam
883 3300 1019 3357 vitiosam
1044 3315 1108 3356 earn
1137 3314 1203 3356 esse
1228 3300 1440 3360 ratiocinando
1460 3305 1506 3358 de·

152 3392 343 3443 monstrasset
366 3394 394 3443 et
417 3385 472 3443 hoc
496 3385 582 3443 modo
606 3385 723 3445 tandem
739 3393 806 3462 post
822 3387 919 3444 varios
935 3402 1045 3444 errores
1061 3392 1090 3443 et
1105 3385 1271 3462 permultas
1288 3390 1435 3465 ambages
1449 3404 1507 3466 pat·

154 3474 233 3532 venit
248 3471 285 3530 ad
302 3474 490 3548 propositam.
519 3471 601 3547 Quae
613 3481 680 3530 sunt
694 3471 849 3549 aKeplero
861 3471 1007 3550 expedita,
1019 3475 1231 3531 astronomiam
1248 3482 1349 3535 totam
1365 3480 1395 3534 in
1410 3492 1507 3535 noran

152 3576 275 3634 eamque
304 3559 452 3618 rneiiorern
482 3567 682 3638 permutarunt
704 3568 733 3618 et
756 3561 844 3618 etiam
868 3576 944 3619 nune
971 3562 1064 3617 omnis
1090 3561 1271 3635 cognitionis
1299 3566 1506 3622 umonomieae

150 3645 287 3706 habenda
303 3645 491 3704 fundamenta
508 3655 584 3704 sunt.
618 3648 821 3705 Assentiamur
843 3648 932 3723 igitur
954 3645 1139 3720 Delambrio,
1164 3648 1217 3722 qui
1235 3652 1389 3710 maximas
1404 3649 1505 3719 laudea,

151 3736 293 3792 maximos
327 3734 452 3792 horrores
483 3734 523 3790 illi
549 3742 578 3794 et
600 3734 758 3791 fortissimo
782 3741 811 3792 et
840 3735 1030 3810 sagacissimo
1061 3744 1234 3793 astronomo
1266 3739 1396 3796 attribui
1420 3738 1504 3813 jabel.

150 3823 199 3896 qui
215 3821 385 3880 coelestiam
402 3829 533 3879 motuum
550 3820 639 3896 leges,
664 3837 730 3880 cum
752 3817 812 3879 alia
833 3820 949 3880 deesset
971 3822 1029 3890 via,
1053 3823 1199 3879 invenerit
1215 3824 1455 3887 ratiocinatione.
1469 3855 1503 3868 -·

257 3907 361 3982 Neque
384 3925 453 3966 vero
477 3907 621 3985 Kepleras
644 3906 674 3964 id
696 3907 791 3967 solum
815 3909 888 3983 egit,
920 3915 952 3966 ut
974 3911 1184 3967 astronomiam
1217 3911 1246 3966 in
1282 3927 1399 3971 noram
1427 3924 1504 3986 atum

148 3995 243 4067 magis
267 3994 402 4052 idoneam
427 3996 549 4052 iorrnam
574 3994 733 4070 redigeret,
763 3997 848 4070 eujus
878 3994 966 4053 studii
989 3996 1098 4052 tructus
1121 3997 1149 4051 in
1174 4012 1227 4068 eo,
1260 3996 1301 4057 de
1326 4016 1390 4076 qno
1419 3999 1505 4058 adbuc

149 4076 347 4153 disseruimus,
372 4098 459 4158 opere
484 4084 627 4160 exposuit,
650 4081 702 4140 sed
725 4082 814 4141 etiam
838 4089 869 4140 ut
893 4084 1091 4157 investigaret,
1116 4099 1193 4158 quae
1220 4086 1249 4140 iu
1267 4102 1505 4164 corporaturae·

147 4162 264 4224 lestiam
288 4176 369 4225 motu
393 4172 562 4245 symmetria
585 4177 613 4227 et
638 4167 790 4226 harmonia
813 4170 932 4230 inesset.
981 4169 1084 4244 itaque
1113 4186 1172 4244 quo
1206 4179 1350 4248 ternpore
1374 4176 1505 4234 observa·

147 4253 242 4310 tiones
266 4254 415 4329 Tyelronis
439 4256 636 4327 examinabat,
660 4272 812 4332 nunquam
835 4254 923 4316 desiit
946 4254 1093 4326 meditari,
1117 4272 1177 4332 quo
1201 4257 1295 4317 modo
1323 4274 1424 4320 motus
1443 4276 1504 4321 cot·

147 4335 236 4398 lestes
259 4340 296 4397 ad
320 4345 510 4416 geometriam
535 4349 653 4419 possent
676 4343 788 4414 reterri,
813 4360 901 4418 quarn
926 4345 1091 4419 opinionem
1120 4344 1183 4418 jam
1209 4348 1240 4403 in
1264 4345 1436 4408 Prodromo
1455 4362 1501 4407 set

146 4435 343 4504 expresserat,
375 4447 470 4504 neque
502 4448 570 4488 vero
595 4430 731 4488 omnibus
758 4432 887 4489 numeris
909 4431 1089 4504 absolutam,
1122 4430 1256 4490 nondum
1287 4437 1373 4495 enim
1402 4439 1430 4497 ei
1450 4448 1502 4495 ta·

145 4509 262 4585 licebat,
286 4514 400 4574 illarum
424 4518 662 4575 observationum
686 4518 771 4592 quasi
795 4516 985 4576 fundamento
1008 4519 1070 4577 niti.
1110 4517 1203 4594 Igitur
1222 4520 1290 4594 jam
1314 4540 1398 4582 anno
1422 4526 1501 4583 ibit.

147 4598 175 4653 in
198 4598 289 4658 literis
319 4603 357 4661 ad
380 4603 569 4662 Maestlinum
601 4607 772 4675 magistrum
806 4613 835 4663 et
859 4604 897 4664 ad
920 4604 1104 4664 Herwarrum
1135 4605 1286 4666 fautorem
1318 4628 1408 4670 suum
1436 4608 1501 4667 tans

145 4700 210 4743 esse
233 4689 289 4745 sibi
314 4691 341 4746 in
365 4693 463 4748 animo
487 4692 528 4750 ait
551 4691 588 4750 de
612 4691 711 4750 muudi
736 4691 892 4751 harmonia
915 4692 1021 4752 librum
1045 4693 1241 4753 conscribere.
1282 4695 1500 4776 Saepeseessr

146 4772 334 4848 meditatum,
359 4778 507 4852 qrromodo
531 4779 568 4836 ad
593 4778 783 4838 illustrandas
806 4797 851 4838 res
875 4780 1025 4839 naturales
1047 4782 1212 4855 geometria
1236 4796 1347 4859 posset
1370 4784 1498 4843 adtinet

146 4854 263 4919 Versari
285 4867 476 4939 geometriam
499 4868 576 4927 cirea
598 4869 802 4946 proportiones
824 4874 854 4928 ot
875 4866 1046 4946 analogias:
1070 4870 1286 4947 proportiones
1310 4872 1498 4953 iiguraagst
