<?xml version="1.0" encoding="UTF-8"?>
<!DOCTYPE html PUBLIC "-//W3C//DTD XHTML 1.0 Transitional//EN"
    "http://www.w3.org/TR/xhtml1/DTD/xhtml1-transitional.dtd">
<html xmlns="http://www.w3.org/1999/xhtml" xml:lang="en" lang="en">
 <head>
  <title>
</title>
<meta http-equiv="Content-Type" content="text/html;charset=utf-8" />
  <meta name='ocr-system' content='tesseract 3.04.00' />
  <meta name='ocr-capabilities' content='ocr_page ocr_carea ocr_par ocr_line ocrx_word'/>
</head>
<body>
  <div class='ocr_page' id='page_1' title='image "./joanniskepleria00frisgoog/joanniskepleria00frisgoog_0876.png"; bbox 0 0 3322 5534; ppageno 0'>
   <div class='ocr_carea' id='block_1_1' title="bbox 158 310 1010 460">
    <p class='ocr_par' dir='ltr' id='par_1_1' title="bbox 158 310 1010 460">
     <span class='ocr_line' id='line_1_1' title="bbox 158 310 1010 460; baseline -0.008 -23"><span class='ocrx_word' id='word_1_1' title='bbox 158 384 226 460; x_wconf 62' lang='lat' dir='ltr'>app</span> <span class='ocrx_word' id='word_1_2' title='bbox 248 310 253 331; x_wconf 37' lang='lat'>¹</span> <span class='ocrx_word' id='word_1_3' title='bbox 676 377 740 436; x_wconf 77' lang='lat' dir='ltr'>va·</span> <span class='ocrx_word' id='word_1_4' title='bbox 757 375 874 437; x_wconf 74' lang='lat' dir='ltr'>lomna</span> <span class='ocrx_word' id='word_1_5' title='bbox 888 371 1010 447; x_wconf 74' lang='lat' dir='ltr'>nepae</span> 
     </span>
    </p>
   </div>
   <div class='ocr_carea' id='block_1_2' title="bbox 103 526 1516 811">
    <p class='ocr_par' dir='ltr' id='par_1_2' title="bbox 103 526 1516 811">
     <span class='ocr_line' id='line_1_2' title="bbox 103 526 1515 637; baseline -0.01 -6"><span class='ocrx_word' id='word_1_6' title='bbox 103 526 105 532; x_wconf 28' lang='grc' dir='ltr'>Ι</span> <span class='ocrx_word' id='word_1_7' title='bbox 158 583 265 631; x_wconf 86' lang='lat' dir='ltr'>verecx</span> <span class='ocrx_word' id='word_1_8' title='bbox 285 571 320 626; x_wconf 93' lang='lat' dir='ltr'>ut</span> <span class='ocrx_word' id='word_1_9' title='bbox 340 561 518 625; x_wconf 75' lang='lat' dir='ltr'>offendiculo</span> <span class='ocrx_word' id='word_1_10' title='bbox 543 561 585 621; x_wconf 89' lang='lat' dir='ltr'>sit</span> <span class='ocrx_word' id='word_1_11' title='bbox 607 560 671 637; x_wconf 88' lang='lat' dir='ltr'>ejus</span> <span class='ocrx_word' id='word_1_12' title='bbox 693 561 723 618; x_wconf 91' lang='lat' dir='ltr'>ln</span> <span class='ocrx_word' id='word_1_13' title='bbox 744 575 792 621; x_wconf 89' lang='lat' dir='ltr'>me</span> <span class='ocrx_word' id='word_1_14' title='bbox 814 559 859 619; x_wconf 91' lang='lat' dir='ltr'>utl</span> <span class='ocrx_word' id='word_1_15' title='bbox 879 572 967 637; x_wconf 88' lang='lat' dir='ltr'>spero</span> <span class='ocrx_word' id='word_1_16' title='bbox 989 557 1139 634; x_wconf 75' lang='lat' dir='ltr'>ceteroqui</span> <span class='ocrx_word' id='word_1_17' title='bbox 1168 562 1304 635; x_wconf 80' lang='lat' dir='ltr'>promise</span> <span class='ocrx_word' id='word_1_18' title='bbox 1326 556 1450 632; x_wconf 63' lang='lat' dir='ltr'>madae.</span> <span class='ocrx_word' id='word_1_19' title='bbox 1481 555 1515 617; x_wconf 87' lang='grc'>1).</span> 
     </span>
     <span class='ocr_line' id='line_1_3' title="bbox 159 645 1515 723; baseline -0.009 -5"><span class='ocrx_word' id='word_1_20' title='bbox 159 656 263 718; x_wconf 74' lang='lat' dir='ltr'>Abbas</span> <span class='ocrx_word' id='word_1_21' title='bbox 283 654 343 715; x_wconf 90' lang='lat' dir='ltr'>buc</span> <span class='ocrx_word' id='word_1_22' title='bbox 363 653 462 712; x_wconf 88' lang='lat' dir='ltr'>veniat</span> <span class='ocrx_word' id='word_1_23' title='bbox 485 649 524 711; x_wconf 92' lang='lat' dir='ltr'>ad</span> <span class='ocrx_word' id='word_1_24' title='bbox 547 656 577 710; x_wconf 83' lang='grc'>4.</span> <span class='ocrx_word' id='word_1_25' title='bbox 599 648 675 708; x_wconf 84' lang='lat' dir='ltr'>Nov.</span> <span class='ocrx_word' id='word_1_26' title='bbox 720 646 841 708; x_wconf 89' lang='lat' dir='ltr'>Interim</span> <span class='ocrx_word' id='word_1_27' title='bbox 862 645 971 719; x_wconf 84' lang='lat' dir='ltr'>scribe,</span> <span class='ocrx_word' id='word_1_28' title='bbox 995 662 1118 722; x_wconf 88' lang='lat' dir='ltr'>quaeso,</span> <span class='ocrx_word' id='word_1_29' title='bbox 1140 662 1212 704; x_wconf 92' lang='lat' dir='ltr'>num</span> <span class='ocrx_word' id='word_1_30' title='bbox 1234 645 1359 722; x_wconf 86' lang='lat' dir='ltr'>patiaris</span> <span class='ocrx_word' id='word_1_31' title='bbox 1381 664 1401 705; x_wconf 79' lang='lat' dir='ltr'>a</span> <span class='ocrx_word' id='word_1_32' title='bbox 1416 646 1515 723; x_wconf 82' lang='lat' dir='ltr'>tapeti</span> 
     </span>
     <span class='ocr_line' id='line_1_4' title="bbox 158 732 1516 811; baseline -0.008 -6"><span class='ocrx_word' id='word_1_33' title='bbox 158 744 301 806; x_wconf 85' lang='lat' dir='ltr'>sermonis</span> <span class='ocrx_word' id='word_1_34' title='bbox 323 739 474 802; x_wconf 81' lang='lat' dir='ltr'>exordium</span> <span class='ocrx_word' id='word_1_35' title='bbox 497 744 527 798; x_wconf 88' lang='lat' dir='ltr'>et</span> <span class='ocrx_word' id='word_1_36' title='bbox 548 754 618 797; x_wconf 91' lang='lat' dir='ltr'>num</span> <span class='ocrx_word' id='word_1_37' title='bbox 641 734 684 795; x_wconf 92' lang='lat' dir='ltr'>illi</span> <span class='ocrx_word' id='word_1_38' title='bbox 706 736 747 796; x_wconf 91' lang='lat' dir='ltr'>sis</span> <span class='ocrx_word' id='word_1_39' title='bbox 768 734 885 795; x_wconf 89' lang='lat' dir='ltr'>locutus</span> <span class='ocrx_word' id='word_1_40' title='bbox 907 741 1049 811; x_wconf 87' lang='lat' dir='ltr'>tanquam</span> <span class='ocrx_word' id='word_1_41' title='bbox 1071 752 1090 793; x_wconf 93' lang='lat' dir='ltr'>a</span> <span class='ocrx_word' id='word_1_42' title='bbox 1113 751 1160 794; x_wconf 92' lang='lat' dir='ltr'>me</span> <span class='ocrx_word' id='word_1_43' title='bbox 1180 732 1364 793; x_wconf 89' lang='lat' dir='ltr'>subcmatus</span> <span class='ocrx_word' id='word_1_44' title='bbox 1394 750 1434 795; x_wconf 88' lang='lat' dir='ltr'>au</span> <span class='ocrx_word' id='word_1_45' title='bbox 1456 740 1516 794; x_wconf 87' lang='lat' dir='ltr'>tan·</span> 
     </span>
    </p>
   </div>
   <div class='ocr_carea' id='block_1_3' title="bbox 157 831 1519 992">
    <p class='ocr_par' dir='ltr' id='par_1_3' title="bbox 157 831 1519 992">
     <span class='ocr_line' id='line_1_5' title="bbox 157 831 503 910; baseline 0 -21"><span class='ocrx_word' id='word_1_46' title='bbox 157 848 248 910; x_wconf 74' lang='lat' dir='ltr'>quem</span> <span class='ocrx_word' id='word_1_47' title='bbox 269 831 387 909; x_wconf 89' lang='lat' dir='ltr'>proprio</span> <span class='ocrx_word' id='word_1_48' title='bbox 411 834 503 889; x_wconf 85' lang='lat' dir='ltr'>motu.</span> 
     </span>
     <span class='ocr_line' id='line_1_6' title="bbox 263 920 1519 992; baseline -0.006 -8"><span class='ocrx_word' id='word_1_49' title='bbox 263 930 308 984; x_wconf 77' lang='lat' dir='ltr'>Ex</span> <span class='ocrx_word' id='word_1_50' title='bbox 330 927 417 982; x_wconf 89' lang='lat' dir='ltr'>literis</span> <span class='ocrx_word' id='word_1_51' title='bbox 434 925 572 981; x_wconf 83' lang='lat' dir='ltr'>Ulmensis</span> <span class='ocrx_word' id='word_1_52' title='bbox 590 922 787 979; x_wconf 86' lang='lat' dir='ltr'>Hebenstreitii</span> <span class='ocrx_word' id='word_1_53' title='bbox 808 930 939 992; x_wconf 84' lang='lat' dir='ltr'>apparet,</span> <span class='ocrx_word' id='word_1_54' title='bbox 962 927 1021 978; x_wconf 89' lang='lat' dir='ltr'>tum</span> <span class='ocrx_word' id='word_1_55' title='bbox 1045 921 1174 991; x_wconf 90' lang='lat' dir='ltr'>temporis</span> <span class='ocrx_word' id='word_1_56' title='bbox 1192 920 1345 990; x_wconf 84' lang='lat' dir='ltr'>Keplerum</span> <span class='ocrx_word' id='word_1_57' title='bbox 1362 921 1519 977; x_wconf 79' lang='lat' dir='ltr'>meditatum</span> 
     </span>
    </p>
   </div>
   <div class='ocr_carea' id='block_1_4' title="bbox 153 992 1521 2743">
    <p class='ocr_par' dir='ltr' id='par_1_4' title="bbox 153 992 1521 2221">
     <span class='ocr_line' id='line_1_7' title="bbox 158 992 1518 1088; baseline -0.01 -13"><span class='ocrx_word' id='word_1_58' title='bbox 158 1030 229 1088; x_wconf 85' lang='lat' dir='ltr'>etse,</span> <span class='ocrx_word' id='word_1_59' title='bbox 247 992 347 1072; x_wconf 83' lang='lat' dir='ltr'>librum</span> <span class='ocrx_word' id='word_1_60' title='bbox 359 1015 467 1069; x_wconf 87' lang='lat' dir='ltr'>senatui</span> <span class='ocrx_word' id='word_1_61' title='bbox 480 1012 601 1069; x_wconf 87' lang='lat' dir='ltr'>Ulmensi</span> <span class='ocrx_word' id='word_1_62' title='bbox 612 1010 768 1078; x_wconf 77' lang='lat' dir='ltr'>inscribere,</span> <span class='ocrx_word' id='word_1_63' title='bbox 787 1026 838 1066; x_wconf 88' lang='lat' dir='ltr'>nec</span> <span class='ocrx_word' id='word_1_64' title='bbox 849 1026 905 1066; x_wconf 88' lang='lat' dir='ltr'>non</span> <span class='ocrx_word' id='word_1_65' title='bbox 920 1009 1122 1081; x_wconf 79' lang='lat' dir='ltr'><strong>typographum</strong></span> <span class='ocrx_word' id='word_1_66' title='bbox 1138 1009 1194 1063; x_wconf 91' lang='lat' dir='ltr'>illic</span> <span class='ocrx_word' id='word_1_67' title='bbox 1213 1007 1396 1078; x_wconf 65' lang='lat' dir='ltr'>quaesivisse,</span> <span class='ocrx_word' id='word_1_68' title='bbox 1415 1007 1465 1077; x_wconf 85' lang='lat' dir='ltr'>qui</span> <span class='ocrx_word' id='word_1_69' title='bbox 1478 1024 1518 1063; x_wconf 90' lang='lat' dir='ltr'>ex-</span> 
     </span>
     <span class='ocr_line' id='line_1_8' title="bbox 157 1095 1519 1175; baseline -0.008 -12"><span class='ocrx_word' id='word_1_70' title='bbox 157 1105 308 1175; x_wconf 85' lang='lat' dir='ltr'>sculperet;</span> <span class='ocrx_word' id='word_1_71' title='bbox 327 1110 469 1172; x_wconf 76' lang='lat' dir='ltr'>spectasse</span> <span class='ocrx_word' id='word_1_72' title='bbox 487 1098 594 1154; x_wconf 83' lang='lat' dir='ltr'>videtm</span> <span class='ocrx_word' id='word_1_73' title='bbox 612 1099 738 1155; x_wconf 70' lang='lat' dir='ltr'>Oenones</span> <span class='ocrx_word' id='word_1_74' title='bbox 753 1099 880 1154; x_wconf 69' lang='lat' dir='ltr'>Parada</span> <span class='ocrx_word' id='word_1_75' title='bbox 896 1097 956 1166; x_wconf 78' lang='lat' dir='ltr'>(cir.</span> <span class='ocrx_word' id='word_1_76' title='bbox 970 1097 1025 1152; x_wconf 91' lang='lat' dir='ltr'>vol.</span> <span class='ocrx_word' id='word_1_77' title='bbox 1037 1098 1085 1152; x_wconf 87' lang='lat' dir='ltr'>IV.</span> <span class='ocrx_word' id='word_1_78' title='bbox 1104 1115 1131 1166; x_wconf 88' lang='lat' dir='ltr'>p.</span> <span class='ocrx_word' id='word_1_79' title='bbox 1144 1096 1196 1151; x_wconf 75' lang='grc'>463</span> <span class='ocrx_word' id='word_1_80' title='bbox 1210 1097 1273 1164; x_wconf 78' lang='lat' dir='ltr'>sa),</span> <span class='ocrx_word' id='word_1_81' title='bbox 1294 1095 1343 1163; x_wconf 89' lang='lat' dir='ltr'>qui</span> <span class='ocrx_word' id='word_1_82' title='bbox 1361 1111 1439 1149; x_wconf 88' lang='lat' dir='ltr'>anno</span> <span class='ocrx_word' id='word_1_83' title='bbox 1458 1096 1519 1152; x_wconf 80' lang='lat' dir='ltr'>tulo</span> 
     </span>
     <span class='ocr_line' id='line_1_9' title="bbox 157 1182 1518 1265; baseline -0.008 -16"><span class='ocrx_word' id='word_1_84' title='bbox 157 1191 308 1265; x_wconf 87' lang='lat' dir='ltr'>(dedicatio</span> <span class='ocrx_word' id='word_1_85' title='bbox 326 1191 392 1245; x_wconf 88' lang='lat' dir='ltr'>data</span> <span class='ocrx_word' id='word_1_86' title='bbox 409 1195 453 1243; x_wconf 91' lang='lat' dir='ltr'>est</span> <span class='ocrx_word' id='word_1_87' title='bbox 470 1188 496 1244; x_wconf 93' lang='lat' dir='ltr'>d.</span> <span class='ocrx_word' id='word_1_88' title='bbox 517 1189 558 1243; x_wconf 86' lang='lat' dir='ltr'>lb.</span> <span class='ocrx_word' id='word_1_89' title='bbox 576 1185 653 1254; x_wconf 80' lang='lat' dir='ltr'>llsji,</span> <span class='ocrx_word' id='word_1_90' title='bbox 671 1200 727 1240; x_wconf 90' lang='lat' dir='ltr'>non</span> <span class='ocrx_word' id='word_1_91' title='bbox 746 1200 809 1240; x_wconf 87' lang='lat' dir='ltr'>vero</span> <span class='ocrx_word' id='word_1_92' title='bbox 827 1185 863 1240; x_wconf 85' lang='lat' dir='ltr'>ad</span> <span class='ocrx_word' id='word_1_93' title='bbox 880 1192 1006 1242; x_wconf 85' lang='lat' dir='ltr'>senatum</span> <span class='ocrx_word' id='word_1_94' title='bbox 1023 1184 1195 1248; x_wconf 86' lang='lat' dir='ltr'>Ulmensem,</span> <span class='ocrx_word' id='word_1_95' title='bbox 1219 1183 1269 1240; x_wconf 89' lang='lat' dir='ltr'>sed</span> <span class='ocrx_word' id='word_1_96' title='bbox 1295 1182 1333 1237; x_wconf 84' lang='lat' dir='ltr'>ad</span> <span class='ocrx_word' id='word_1_97' title='bbox 1350 1182 1518 1238; x_wconf 81' lang='lat' dir='ltr'>Gebbartnn</span> 
     </span>
     <span class='ocr_line' id='line_1_10' title="bbox 157 1269 1518 1352; baseline -0.008 -15"><span class='ocrx_word' id='word_1_98' title='bbox 157 1280 307 1352; x_wconf 74' lang='lat' dir='ltr'>quondm,</span> <span class='ocrx_word' id='word_1_99' title='bbox 330 1274 612 1331; x_wconf 81' lang='lat' dir='ltr'>Volkenstorlieusem</span> <span class='ocrx_word' id='word_1_100' title='bbox 629 1273 847 1341; x_wconf 85' lang='lat' dir='ltr'>procuratorem)</span> <span class='ocrx_word' id='word_1_101' title='bbox 864 1272 960 1329; x_wconf 90' lang='lat' dir='ltr'>Ulmae</span> <span class='ocrx_word' id='word_1_102' title='bbox 977 1273 1146 1342; x_wconf 79' lang='lat' dir='ltr'>prodierunt</span> <span class='ocrx_word' id='word_1_103' title='bbox 1166 1300 1199 1312; x_wconf 94' lang='lat'>-</span> <span class='ocrx_word' id='word_1_104' title='bbox 1216 1269 1307 1326; x_wconf 83' lang='lat' dir='ltr'>Amici</span> <span class='ocrx_word' id='word_1_105' title='bbox 1331 1270 1518 1341; x_wconf 75' lang='lat' dir='ltr'>Tubingensea</span> 
     </span>
     <span class='ocr_line' id='line_1_11' title="bbox 157 1357 1519 1433; baseline -0.008 -8"><span class='ocrx_word' id='word_1_106' title='bbox 157 1367 311 1425; x_wconf 81' lang='lat' dir='ltr'>retulerunt</span> <span class='ocrx_word' id='word_1_107' title='bbox 329 1365 450 1433; x_wconf 81' lang='lat' dir='ltr'>lieplero</span> <span class='ocrx_word' id='word_1_108' title='bbox 474 1362 509 1415; x_wconf 92' lang='lat' dir='ltr'>de</span> <span class='ocrx_word' id='word_1_109' title='bbox 529 1360 669 1427; x_wconf 64' lang='lat' dir='ltr'>,negotist</span> <span class='ocrx_word' id='word_1_110' title='bbox 694 1358 788 1414; x_wconf 87' lang='lat' dir='ltr'>matris</span> <span class='ocrx_word' id='word_1_111' title='bbox 807 1375 887 1425; x_wconf 87' lang='lat' dir='ltr'>suae,</span> <span class='ocrx_word' id='word_1_112' title='bbox 906 1368 1068 1428; x_wconf 84' lang='lat' dir='ltr'>suaserunt,</span> <span class='ocrx_word' id='word_1_113' title='bbox 1085 1367 1118 1414; x_wconf 90' lang='lat' dir='ltr'>nt</span> <span class='ocrx_word' id='word_1_114' title='bbox 1134 1357 1378 1423; x_wconf 89' lang='lat' dir='ltr'>Bidembacbium,</span> <span class='ocrx_word' id='word_1_115' title='bbox 1399 1359 1519 1414; x_wconf 84' lang='lat' dir='ltr'>consilia·</span> 
     </span>
     <span class='ocr_line' id='line_1_12' title="bbox 157 1445 1520 1521; baseline -0.005 -11"><span class='ocrx_word' id='word_1_116' title='bbox 157 1456 227 1515; x_wconf 67' lang='lat' dir='ltr'>dum</span> <span class='ocrx_word' id='word_1_117' title='bbox 240 1453 326 1521; x_wconf 89' lang='lat' dir='ltr'>ducis,</span> <span class='ocrx_word' id='word_1_118' title='bbox 345 1452 433 1506; x_wconf 84' lang='lat' dir='ltr'>adiret</span> <span class='ocrx_word' id='word_1_119' title='bbox 445 1448 642 1515; x_wconf 82' lang='lat' dir='ltr'>consiliumque</span> <span class='ocrx_word' id='word_1_120' title='bbox 654 1447 713 1515; x_wconf 86' lang='lat' dir='ltr'>ejus</span> <span class='ocrx_word' id='word_1_121' title='bbox 726 1454 869 1516; x_wconf 75' lang='lat' dir='ltr'>expeteret</span> <span class='ocrx_word' id='word_1_122' title='bbox 882 1446 979 1517; x_wconf 79' lang='lat' dir='ltr'>(Aprili</span> <span class='ocrx_word' id='word_1_123' title='bbox 992 1453 1021 1501; x_wconf 90' lang='lat' dir='ltr'>et</span> <span class='ocrx_word' id='word_1_124' title='bbox 1032 1447 1051 1501; x_wconf 84' lang='lat' dir='ltr'><strong>J</strong></span> <span class='ocrx_word' id='word_1_125' title='bbox 1053 1448 1134 1515; x_wconf 76' lang='lat' dir='ltr'>unio).</span> <span class='ocrx_word' id='word_1_126' title='bbox 1157 1445 1263 1513; x_wconf 79' lang='lat' dir='ltr'>Quibus</span> <span class='ocrx_word' id='word_1_127' title='bbox 1284 1445 1520 1504; x_wconf 83' lang='lat' dir='ltr'>adhortatiombna</span> 
     </span>
     <span class='ocr_line' id='line_1_13' title="bbox 156 1533 1520 1612; baseline -0.008 -12"><span class='ocrx_word' id='word_1_128' title='bbox 156 1551 250 1600; x_wconf 80' lang='lat' dir='ltr'>motus</span> <span class='ocrx_word' id='word_1_129' title='bbox 261 1542 398 1612; x_wconf 88' lang='lat' dir='ltr'>Keplerus</span> <span class='ocrx_word' id='word_1_130' title='bbox 416 1540 474 1609; x_wconf 91' lang='lat' dir='ltr'>ipse</span> <span class='ocrx_word' id='word_1_131' title='bbox 492 1535 617 1605; x_wconf 84' lang='lat' dir='ltr'>proximu</span> <span class='ocrx_word' id='word_1_132' title='bbox 628 1550 699 1589; x_wconf 86' lang='lat' dir='ltr'>anno</span> <span class='ocrx_word' id='word_1_133' title='bbox 711 1534 739 1588; x_wconf 92' lang='lat' dir='ltr'>in</span> <span class='ocrx_word' id='word_1_134' title='bbox 752 1534 1010 1604; x_wconf 71' lang='lat' dir='ltr'>wurtembergiae</span> <span class='ocrx_word' id='word_1_135' title='bbox 1022 1533 1163 1602; x_wconf 87' lang='lat' dir='ltr'>proiectus</span> <span class='ocrx_word' id='word_1_136' title='bbox 1181 1539 1225 1587; x_wconf 92' lang='lat' dir='ltr'>est</span> <span class='ocrx_word' id='word_1_137' title='bbox 1242 1540 1271 1589; x_wconf 84' lang='lat' dir='ltr'>et</span> <span class='ocrx_word' id='word_1_138' title='bbox 1288 1548 1407 1590; x_wconf 85' lang='lat' dir='ltr'>causam</span> <span class='ocrx_word' id='word_1_139' title='bbox 1424 1536 1520 1603; x_wconf 66' lang='lat' dir='ltr'>mania</span> 
     </span>
     <span class='ocr_line' id='line_1_14' title="bbox 155 1620 1519 1706; baseline -0.011 -16"><span class='ocrx_word' id='word_1_140' title='bbox 155 1634 214 1706; x_wconf 78' lang='lat' dir='ltr'>jam</span> <span class='ocrx_word' id='word_1_141' title='bbox 230 1632 289 1687; x_wconf 82' lang='lat' dir='ltr'>lare</span> <span class='ocrx_word' id='word_1_142' title='bbox 307 1631 493 1699; x_wconf 88' lang='lat' dir='ltr'>desperatam,</span> <span class='ocrx_word' id='word_1_143' title='bbox 522 1626 557 1681; x_wconf 91' lang='lat' dir='ltr'>ad</span> <span class='ocrx_word' id='word_1_144' title='bbox 582 1637 745 1692; x_wconf 88' lang='lat' dir='ltr'>prosperum</span> <span class='ocrx_word' id='word_1_145' title='bbox 770 1623 872 1679; x_wconf 88' lang='lat' dir='ltr'>exitum</span> <span class='ocrx_word' id='word_1_146' title='bbox 897 1623 1035 1693; x_wconf 89' lang='lat' dir='ltr'>perduxit.</span> <span class='ocrx_word' id='word_1_147' title='bbox 1058 1652 1086 1663; x_wconf 93' lang='lat'><em>-</em></span> <span class='ocrx_word' id='word_1_148' title='bbox 1106 1622 1150 1676; x_wconf 79' lang='lat' dir='ltr'>Ad</span> <span class='ocrx_word' id='word_1_149' title='bbox 1168 1620 1280 1676; x_wconf 88' lang='lat' dir='ltr'>labores</span> <span class='ocrx_word' id='word_1_150' title='bbox 1299 1623 1519 1694; x_wconf 74' lang='lat' dir='ltr'>typograpbiws,</span> 
     </span>
     <span class='ocr_line' id='line_1_15' title="bbox 158 1709 1519 1792; baseline -0.009 -15"><span class='ocrx_word' id='word_1_151' title='bbox 158 1736 228 1792; x_wconf 88' lang='lat' dir='ltr'>quos</span> <span class='ocrx_word' id='word_1_152' title='bbox 246 1735 330 1788; x_wconf 88' lang='lat' dir='ltr'>opera</span> <span class='ocrx_word' id='word_1_153' title='bbox 347 1719 400 1772; x_wconf 88' lang='lat' dir='ltr'>hoc</span> <span class='ocrx_word' id='word_1_154' title='bbox 418 1732 489 1770; x_wconf 90' lang='lat' dir='ltr'>anno</span> <span class='ocrx_word' id='word_1_155' title='bbox 508 1713 581 1768; x_wconf 90' lang='lat' dir='ltr'>edita</span> <span class='ocrx_word' id='word_1_156' title='bbox 600 1716 759 1780; x_wconf 78' lang='lat' dir='ltr'>exegerunt,</span> <span class='ocrx_word' id='word_1_157' title='bbox 777 1718 806 1766; x_wconf 91' lang='lat' dir='ltr'>et</span> <span class='ocrx_word' id='word_1_158' title='bbox 822 1710 877 1766; x_wconf 89' lang='lat' dir='ltr'>alia</span> <span class='ocrx_word' id='word_1_159' title='bbox 895 1710 990 1778; x_wconf 85' lang='lat' dir='ltr'>multa,</span> <span class='ocrx_word' id='word_1_160' title='bbox 1009 1725 1079 1779; x_wconf 90' lang='lat' dir='ltr'>qnae</span> <span class='ocrx_word' id='word_1_161' title='bbox 1092 1709 1241 1778; x_wconf 87' lang='lat' dir='ltr'>Kaplerum</span> <span class='ocrx_word' id='word_1_162' title='bbox 1259 1711 1412 1779; x_wconf 81' lang='lat' dir='ltr'>urgebant,</span> <span class='ocrx_word' id='word_1_163' title='bbox 1432 1727 1519 1781; x_wconf 88' lang='lat' dir='ltr'>snper·</span> 
     </span>
     <span class='ocr_line' id='line_1_16' title="bbox 157 1795 1520 1869; baseline -0.007 -7"><span class='ocrx_word' id='word_1_164' title='bbox 157 1810 258 1862; x_wconf 80' lang='lat' dir='ltr'>tenere</span> <span class='ocrx_word' id='word_1_165' title='bbox 276 1803 481 1858; x_wconf 79' lang='lat' dir='ltr'>observationes</span> <span class='ocrx_word' id='word_1_166' title='bbox 500 1800 650 1869; x_wconf 73' lang='lat' dir='ltr'>eclipsim,</span> <span class='ocrx_word' id='word_1_167' title='bbox 671 1797 809 1853; x_wconf 85' lang='lat' dir='ltr'>restitutio</span> <span class='ocrx_word' id='word_1_168' title='bbox 826 1796 949 1852; x_wconf 85' lang='lat' dir='ltr'>theoriae</span> <span class='ocrx_word' id='word_1_169' title='bbox 966 1795 1085 1865; x_wconf 90' lang='lat' dir='ltr'>lunaris,</span> <span class='ocrx_word' id='word_1_170' title='bbox 1103 1797 1147 1853; x_wconf 91' lang='lat' dir='ltr'>cui</span> <span class='ocrx_word' id='word_1_171' title='bbox 1170 1796 1288 1853; x_wconf 88' lang='lat' dir='ltr'>multum</span> <span class='ocrx_word' id='word_1_172' title='bbox 1309 1798 1445 1853; x_wconf 90' lang='lat' dir='ltr'>insnmsit</span> <span class='ocrx_word' id='word_1_173' title='bbox 1460 1807 1520 1854; x_wconf 89' lang='lat' dir='ltr'>tem·</span> 
     </span>
     <span class='ocr_line' id='line_1_17' title="bbox 157 1883 1521 1966; baseline -0.006 -17"><span class='ocrx_word' id='word_1_174' title='bbox 157 1891 243 1966; x_wconf 88' lang='lat' dir='ltr'>poris.</span> <span class='ocrx_word' id='word_1_175' title='bbox 272 1889 373 1960; x_wconf 86' lang='lat' dir='ltr'>Neperi</span> <span class='ocrx_word' id='word_1_176' title='bbox 385 1888 570 1958; x_wconf 76' lang='lat' dir='ltr'>loparithmos,</span> <span class='ocrx_word' id='word_1_177' title='bbox 588 1887 703 1956; x_wconf 89' lang='lat' dir='ltr'>primum</span> <span class='ocrx_word' id='word_1_178' title='bbox 717 1901 789 1941; x_wconf 91' lang='lat' dir='ltr'>anuo</span> <span class='ocrx_word' id='word_1_179' title='bbox 804 1885 873 1942; x_wconf 85' lang='grc'>1618</span> <span class='ocrx_word' id='word_1_180' title='bbox 890 1885 1030 1952; x_wconf 84' lang='lat' dir='ltr'>inspectos</span> <span class='ocrx_word' id='word_1_181' title='bbox 1042 1883 1105 1952; x_wconf 83' lang='lat' dir='ltr'>(cir.</span> <span class='ocrx_word' id='word_1_182' title='bbox 1119 1885 1152 1939; x_wconf 86' lang='lat' dir='ltr'>V.</span> <span class='ocrx_word' id='word_1_183' title='bbox 1163 1887 1205 1940; x_wconf 82' lang='lat' dir='ltr'>bl.</span> <span class='ocrx_word' id='word_1_184' title='bbox 1223 1885 1368 1954; x_wconf 76' lang='grc'>1111520)</span> <span class='ocrx_word' id='word_1_185' title='bbox 1387 1885 1443 1941; x_wconf 90' lang='lat' dir='ltr'>hoc</span> <span class='ocrx_word' id='word_1_186' title='bbox 1456 1902 1521 1942; x_wconf 82' lang='lat' dir='ltr'>anuo</span> 
     </span>
     <span class='ocr_line' id='line_1_18' title="bbox 157 1970 1521 2049; baseline -0.007 -16"><span class='ocrx_word' id='word_1_187' title='bbox 157 1979 271 2049; x_wconf 91' lang='lat' dir='ltr'>propius</span> <span class='ocrx_word' id='word_1_188' title='bbox 289 1975 369 2044; x_wconf 91' lang='lat' dir='ltr'>adiit;</span> <span class='ocrx_word' id='word_1_189' title='bbox 389 1973 519 2044; x_wconf 89' lang='lat' dir='ltr'>epistolas</span> <span class='ocrx_word' id='word_1_190' title='bbox 531 1975 607 2031; x_wconf 83' lang='lat' dir='ltr'>dedit</span> <span class='ocrx_word' id='word_1_191' title='bbox 619 1975 653 2029; x_wconf 91' lang='lat' dir='ltr'>ad</span> <span class='ocrx_word' id='word_1_192' title='bbox 666 1972 819 2029; x_wconf 76' lang='lat' dir='ltr'>blancham</span> <span class='ocrx_word' id='word_1_193' title='bbox 837 1980 865 2029; x_wconf 91' lang='lat' dir='ltr'>et</span> <span class='ocrx_word' id='word_1_194' title='bbox 881 1970 1074 2028; x_wconf 87' lang='lat' dir='ltr'>Barbavariam</span> <span class='ocrx_word' id='word_1_195' title='bbox 1092 1971 1176 2026; x_wconf 89' lang='lat' dir='ltr'>italos</span> <span class='ocrx_word' id='word_1_196' title='bbox 1194 1970 1333 2027; x_wconf 90' lang='lat' dir='ltr'>derebus</span> <span class='ocrx_word' id='word_1_197' title='bbox 1351 1972 1521 2043; x_wconf 70' lang='lat' dir='ltr'>astrologicis</span> 
     </span>
     <span class='ocr_line' id='line_1_19' title="bbox 153 2056 1520 2135; baseline -0.004 -14"><span class='ocrx_word' id='word_1_198' title='bbox 153 2070 187 2121; x_wconf 87' lang='lat' dir='ltr'>at</span> <span class='ocrx_word' id='word_1_199' title='bbox 203 2062 443 2135; x_wconf 81' lang='lat' dir='ltr'>Iipbemeridibus,</span> <span class='ocrx_word' id='word_1_200' title='bbox 467 2062 502 2118; x_wconf 90' lang='lat' dir='ltr'>ad</span> <span class='ocrx_word' id='word_1_201' title='bbox 521 2061 669 2117; x_wconf 88' lang='lat' dir='ltr'>Basoldum</span> <span class='ocrx_word' id='word_1_202' title='bbox 687 2060 839 2130; x_wconf 74' lang='lat' dir='ltr'>Tubiassam</span> <span class='ocrx_word' id='word_1_203' title='bbox 864 2060 1008 2116; x_wconf 81' lang='lat' dir='ltr'>demetra</span> <span class='ocrx_word' id='word_1_204' title='bbox 1032 2057 1114 2115; x_wconf 87' lang='lat' dir='ltr'>etad</span> <span class='ocrx_word' id='word_1_205' title='bbox 1139 2056 1221 2122; x_wconf 68' lang='lat' dir='ltr'>alica</span> <span class='ocrx_word' id='word_1_206' title='bbox 1243 2057 1285 2113; x_wconf 87' lang='lat' dir='ltr'>ita</span> <span class='ocrx_word' id='word_1_207' title='bbox 1309 2064 1342 2111; x_wconf 90' lang='lat' dir='ltr'>ut</span> <span class='ocrx_word' id='word_1_208' title='bbox 1366 2056 1415 2113; x_wconf 90' lang='lat' dir='ltr'>hic</span> <span class='ocrx_word' id='word_1_209' title='bbox 1439 2074 1520 2115; x_wconf 80' lang='lat' dir='ltr'>munt</span> 
     </span>
     <span class='ocr_line' id='line_1_20' title="bbox 157 2151 534 2221; baseline -0.011 -12"><span class='ocrx_word' id='word_1_210' title='bbox 157 2151 259 2209; x_wconf 82' lang='lat' dir='ltr'>laboris</span> <span class='ocrx_word' id='word_1_211' title='bbox 277 2153 374 2221; x_wconf 91' lang='lat' dir='ltr'>plenus</span> <span class='ocrx_word' id='word_1_212' title='bbox 391 2156 534 2220; x_wconf 88' lang='lat' dir='ltr'>appareat.</span> 
     </span>
    </p>

    <p class='ocr_par' dir='ltr' id='par_1_5' title="bbox 156 2235 1520 2743">
     <span class='ocr_line' id='line_1_21' title="bbox 263 2235 1519 2309; baseline -0.001 -14"><span class='ocrx_word' id='word_1_213' title='bbox 263 2239 296 2295; x_wconf 88' lang='lat' dir='ltr'>ln</span> <span class='ocrx_word' id='word_1_214' title='bbox 321 2238 445 2308; x_wconf 90' lang='lat' dir='ltr'>epistolis</span> <span class='ocrx_word' id='word_1_215' title='bbox 469 2238 505 2293; x_wconf 84' lang='lat' dir='ltr'>ad</span> <span class='ocrx_word' id='word_1_216' title='bbox 523 2236 711 2293; x_wconf 86' lang='lat' dir='ltr'>Blancbum</span> <span class='ocrx_word' id='word_1_217' title='bbox 735 2235 821 2290; x_wconf 90' lang='lat' dir='ltr'>multa</span> <span class='ocrx_word' id='word_1_218' title='bbox 837 2245 997 2306; x_wconf 89' lang='lat' dir='ltr'>occurrunt,</span> <span class='ocrx_word' id='word_1_219' title='bbox 1026 2252 1096 2305; x_wconf 90' lang='lat' dir='ltr'>quae</span> <span class='ocrx_word' id='word_1_220' title='bbox 1113 2236 1150 2292; x_wconf 87' lang='lat' dir='ltr'>ad</span> <span class='ocrx_word' id='word_1_221' title='bbox 1171 2237 1255 2292; x_wconf 90' lang='lat' dir='ltr'>vitam</span> <span class='ocrx_word' id='word_1_222' title='bbox 1275 2236 1396 2306; x_wconf 86' lang='lat' dir='ltr'>Kepleri</span> <span class='ocrx_word' id='word_1_223' title='bbox 1413 2239 1519 2309; x_wconf 74' lang='lat' dir='ltr'>ejusque</span> 
     </span>
     <span class='ocr_line' id='line_1_22' title="bbox 157 2322 1519 2395; baseline -0.001 -12"><span class='ocrx_word' id='word_1_224' title='bbox 157 2326 249 2383; x_wconf 85' lang='lat' dir='ltr'>studia</span> <span class='ocrx_word' id='word_1_225' title='bbox 271 2326 418 2395; x_wconf 87' lang='lat' dir='ltr'>pertinent.</span> <span class='ocrx_word' id='word_1_226' title='bbox 453 2325 547 2380; x_wconf 83' lang='lat' dir='ltr'>Maras</span> <span class='ocrx_word' id='word_1_227' title='bbox 572 2339 709 2379; x_wconf 89' lang='lat' dir='ltr'>excusans</span> <span class='ocrx_word' id='word_1_228' title='bbox 734 2322 865 2379; x_wconf 87' lang='lat' dir='ltr'>librorum</span> <span class='ocrx_word' id='word_1_229' title='bbox 896 2339 965 2393; x_wconf 87' lang='lat' dir='ltr'>quos</span> <span class='ocrx_word' id='word_1_230' title='bbox 990 2325 1130 2394; x_wconf 89' lang='lat' dir='ltr'>inceperat</span> <span class='ocrx_word' id='word_1_231' title='bbox 1154 2324 1326 2381; x_wconf 88' lang='lat' dir='ltr'>edendorum</span> <span class='ocrx_word' id='word_1_232' title='bbox 1352 2325 1519 2382; x_wconf 82' lang='lat' dir='ltr'>calamitates</span> 
     </span>
     <span class='ocr_line' id='line_1_23' title="bbox 156 2408 1520 2483; baseline -0.001 -12"><span class='ocrx_word' id='word_1_233' title='bbox 156 2413 225 2471; x_wconf 82' lang='lat' dir='ltr'>dicit</span> <span class='ocrx_word' id='word_1_234' title='bbox 243 2414 331 2483; x_wconf 84' lang='lat' dir='ltr'>aulae,</span> <span class='ocrx_word' id='word_1_235' title='bbox 349 2414 489 2470; x_wconf 84' lang='lat' dir='ltr'>turbatum</span> <span class='ocrx_word' id='word_1_236' title='bbox 508 2420 610 2468; x_wconf 89' lang='lat' dir='ltr'>statum</span> <span class='ocrx_word' id='word_1_237' title='bbox 627 2408 704 2478; x_wconf 78' lang='lat' dir='ltr'>regni</span> <span class='ocrx_word' id='word_1_238' title='bbox 722 2416 751 2465; x_wconf 90' lang='lat' dir='ltr'>ot</span> <span class='ocrx_word' id='word_1_239' title='bbox 767 2409 840 2466; x_wconf 89' lang='lat' dir='ltr'>mala</span> <span class='ocrx_word' id='word_1_240' title='bbox 858 2409 1017 2467; x_wconf 88' lang='lat' dir='ltr'>domestica.</span> <span class='ocrx_word' id='word_1_241' title='bbox 1046 2412 1222 2480; x_wconf 82' lang='lat' dir='ltr'>adscriptum</span> <span class='ocrx_word' id='word_1_242' title='bbox 1246 2411 1305 2466; x_wconf 88' lang='lat' dir='ltr'>sibi</span> <span class='ocrx_word' id='word_1_243' title='bbox 1321 2412 1458 2469; x_wconf 88' lang='lat' dir='ltr'>salarium</span> <span class='ocrx_word' id='word_1_244' title='bbox 1474 2428 1520 2469; x_wconf 87' lang='lat' dir='ltr'>nur</span> 
     </span>
     <span class='ocr_line' id='line_1_24' title="bbox 156 2497 1519 2573; baseline -0.002 -13"><span class='ocrx_word' id='word_1_245' title='bbox 156 2501 280 2573; x_wconf 72' lang='lat' dir='ltr'>mclii,</span> <span class='ocrx_word' id='word_1_246' title='bbox 301 2517 388 2571; x_wconf 82' lang='lat' dir='ltr'>quare</span> <span class='ocrx_word' id='word_1_247' title='bbox 409 2517 473 2556; x_wconf 89' lang='lat' dir='ltr'>raro</span> <span class='ocrx_word' id='word_1_248' title='bbox 496 2514 687 2555; x_wconf 74' lang='lat' dir='ltr'>amanuensem</span> <span class='ocrx_word' id='word_1_249' title='bbox 713 2505 742 2555; x_wconf 88' lang='lat' dir='ltr'>et</span> <span class='ocrx_word' id='word_1_250' title='bbox 767 2497 959 2554; x_wconf 71' lang='lat' dir='ltr'>calculatorem</span> <span class='ocrx_word' id='word_1_251' title='bbox 982 2497 1055 2554; x_wconf 86' lang='lat' dir='ltr'>alere</span> <span class='ocrx_word' id='word_1_252' title='bbox 1077 2500 1172 2567; x_wconf 82' lang='lat' dir='ltr'>possit</span> <span class='ocrx_word' id='word_1_253' title='bbox 1210 2498 1435 2571; x_wconf 73' lang='lat' dir='ltr'>Grlngalletum,</span> <span class='ocrx_word' id='word_1_254' title='bbox 1454 2501 1519 2569; x_wconf 81' lang='lat' dir='ltr'>dicit,</span> 
     </span>
     <span class='ocr_line' id='line_1_25' title="bbox 157 2585 1518 2660; baseline 0.001 -16"><span class='ocrx_word' id='word_1_255' title='bbox 157 2589 206 2660; x_wconf 77' lang='lat' dir='ltr'>qni</span> <span class='ocrx_word' id='word_1_256' title='bbox 223 2588 260 2645; x_wconf 87' lang='lat' dir='ltr'>ad</span> <span class='ocrx_word' id='word_1_257' title='bbox 277 2587 454 2644; x_wconf 74' lang='lat' dir='ltr'>calculandus</span> <span class='ocrx_word' id='word_1_258' title='bbox 471 2586 670 2656; x_wconf 80' lang='lat' dir='ltr'>Ephemeridea</span> <span class='ocrx_word' id='word_1_259' title='bbox 690 2585 821 2655; x_wconf 83' lang='lat' dir='ltr'>optimam</span> <span class='ocrx_word' id='word_1_260' title='bbox 838 2586 1006 2655; x_wconf 89' lang='lat' dir='ltr'>praestiterit</span> <span class='ocrx_word' id='word_1_261' title='bbox 1023 2603 1134 2656; x_wconf 89' lang='lat' dir='ltr'>operam</span> <span class='ocrx_word' id='word_1_262' title='bbox 1156 2594 1184 2641; x_wconf 91' lang='lat' dir='ltr'>et</span> <span class='ocrx_word' id='word_1_263' title='bbox 1201 2585 1265 2642; x_wconf 89' lang='lat' dir='ltr'>illas</span> <span class='ocrx_word' id='word_1_264' title='bbox 1284 2590 1465 2655; x_wconf 86' lang='lat' dir='ltr'>sequentium</span> <span class='ocrx_word' id='word_1_265' title='bbox 1478 2605 1518 2644; x_wconf 87' lang='lat' dir='ltr'>an·</span> 
     </span>
     <span class='ocr_line' id='line_1_26' title="bbox 157 2672 1518 2743; baseline 0 -13"><span class='ocrx_word' id='word_1_266' title='bbox 157 2689 257 2731; x_wconf 79' lang='lat' dir='ltr'>sorum</span> <span class='ocrx_word' id='word_1_267' title='bbox 274 2673 411 2730; x_wconf 89' lang='lat' dir='ltr'>calculare</span> <span class='ocrx_word' id='word_1_268' title='bbox 429 2681 532 2743; x_wconf 86' lang='lat' dir='ltr'>posset,</span> <span class='ocrx_word' id='word_1_269' title='bbox 552 2690 608 2729; x_wconf 91' lang='lat' dir='ltr'>non</span> <span class='ocrx_word' id='word_1_270' title='bbox 626 2673 730 2729; x_wconf 89' lang='lat' dir='ltr'>diutius</span> <span class='ocrx_word' id='word_1_271' title='bbox 748 2672 821 2743; x_wconf 89' lang='lat' dir='ltr'>apud</span> <span class='ocrx_word' id='word_1_272' title='bbox 840 2689 870 2728; x_wconf 90' lang='lat' dir='ltr'>sc</span> <span class='ocrx_word' id='word_1_273' title='bbox 888 2675 1006 2729; x_wconf 88' lang='lat' dir='ltr'>retinere</span> <span class='ocrx_word' id='word_1_274' title='bbox 1018 2690 1048 2728; x_wconf 88' lang='lat' dir='ltr'>se</span> <span class='ocrx_word' id='word_1_275' title='bbox 1060 2690 1150 2743; x_wconf 89' lang='lat' dir='ltr'>posse,</span> <span class='ocrx_word' id='word_1_276' title='bbox 1170 2691 1231 2730; x_wconf 88' lang='lat' dir='ltr'>cum</span> <span class='ocrx_word' id='word_1_277' title='bbox 1250 2674 1277 2729; x_wconf 91' lang='lat' dir='ltr'>ei</span> <span class='ocrx_word' id='word_1_278' title='bbox 1297 2692 1355 2731; x_wconf 92' lang='lat' dir='ltr'>uon</span> <span class='ocrx_word' id='word_1_279' title='bbox 1367 2677 1518 2733; x_wconf 74' lang='lat' dir='ltr'>satisfecere</span> 
     </span>
    </p>
   </div>
   <div class='ocr_carea' id='block_1_5' title="bbox 50 2760 1518 2834">
    <p class='ocr_par' dir='ltr' id='par_1_6' title="bbox 50 2760 1518 2834">
     <span class='ocr_line' id='line_1_27' title="bbox 50 2760 1518 2834; baseline 0.003 -16"><span class='ocrx_word' id='word_1_280' title='bbox 50 2770 56 2785; x_wconf 90' lang='grc'>’</span> <span class='ocrx_word' id='word_1_281' title='bbox 156 2763 257 2834; x_wconf 88' lang='lat' dir='ltr'>possit,</span> <span class='ocrx_word' id='word_1_282' title='bbox 288 2762 432 2829; x_wconf 81' lang='lat' dir='ltr'>,desertus</span> <span class='ocrx_word' id='word_1_283' title='bbox 455 2777 474 2816; x_wconf 81' lang='lat' dir='ltr'>a</span> <span class='ocrx_word' id='word_1_284' title='bbox 499 2762 706 2819; x_wconf 71' lang='lat' dir='ltr'>Caesareanisl.</span> <span class='ocrx_word' id='word_1_285' title='bbox 744 2761 843 2816; x_wconf 85' lang='lat' dir='ltr'>Omnia</span> <span class='ocrx_word' id='word_1_286' title='bbox 866 2761 895 2816; x_wconf 93' lang='lat' dir='ltr'>iu</span> <span class='ocrx_word' id='word_1_287' title='bbox 918 2777 950 2816; x_wconf 90' lang='lat' dir='ltr'>se</span> <span class='ocrx_word' id='word_1_288' title='bbox 973 2760 1061 2816; x_wconf 89' lang='lat' dir='ltr'>solum</span> <span class='ocrx_word' id='word_1_289' title='bbox 1084 2762 1220 2826; x_wconf 83' lang='lat' dir='ltr'>recidere,</span> <span class='ocrx_word' id='word_1_290' title='bbox 1242 2763 1291 2832; x_wconf 88' lang='lat' dir='ltr'>qui</span> <span class='ocrx_word' id='word_1_291' title='bbox 1315 2764 1518 2834; x_wconf 68' lang='lat' dir='ltr'>nequeuntes</span> 
     </span>
    </p>
   </div>
   <div class='ocr_carea' id='block_1_6' title="bbox 83 2847 1519 4687">
    <p class='ocr_par' dir='ltr' id='par_1_7' title="bbox 83 2847 1519 3973">
     <span class='ocr_line' id='line_1_28' title="bbox 83 2847 1517 2923; baseline 0.003 -17"><span class='ocrx_word' id='word_1_292' title='bbox 83 2880 88 2889; x_wconf 90' lang='lat'><strong>·</strong></span> <span class='ocrx_word' id='word_1_293' title='bbox 156 2848 311 2907; x_wconf 84' lang='lat' dir='ltr'>scribendis</span> <span class='ocrx_word' id='word_1_294' title='bbox 329 2849 462 2919; x_wconf 85' lang='lat' dir='ltr'>epistolis,</span> <span class='ocrx_word' id='word_1_295' title='bbox 481 2864 571 2919; x_wconf 84' lang='lat' dir='ltr'>neque</span> <span class='ocrx_word' id='word_1_296' title='bbox 587 2847 815 2905; x_wconf 74' lang='lat' dir='ltr'>calculationibus</span> <span class='ocrx_word' id='word_1_297' title='bbox 834 2847 962 2904; x_wconf 83' lang='lat' dir='ltr'>sulficere</span> <span class='ocrx_word' id='word_1_298' title='bbox 975 2850 1070 2919; x_wconf 89' lang='lat' dir='ltr'>possit.</span> <span class='ocrx_word' id='word_1_299' title='bbox 1095 2850 1130 2904; x_wconf 85' lang='lat' dir='ltr'>Se</span> <span class='ocrx_word' id='word_1_300' title='bbox 1148 2851 1237 2919; x_wconf 85' lang='lat' dir='ltr'>ipsum</span> <span class='ocrx_word' id='word_1_301' title='bbox 1257 2850 1326 2907; x_wconf 89' lang='lat' dir='ltr'>dicit</span> <span class='ocrx_word' id='word_1_302' title='bbox 1345 2851 1517 2923; x_wconf 66' lang='lat' dir='ltr'>nequeunti</span> 
     </span>
     <span class='ocr_line' id='line_1_29' title="bbox 155 2935 1517 3006; baseline 0.001 -13"><span class='ocrx_word' id='word_1_303' title='bbox 155 2950 220 2993; x_wconf 86' lang='lat' dir='ltr'>nem</span> <span class='ocrx_word' id='word_1_304' title='bbox 236 2945 444 3006; x_wconf 70' lang='lat' dir='ltr'>concrepasse,</span> <span class='ocrx_word' id='word_1_305' title='bbox 462 2950 552 3006; x_wconf 88' lang='lat' dir='ltr'>neque</span> <span class='ocrx_word' id='word_1_306' title='bbox 570 2935 681 2991; x_wconf 90' lang='lat' dir='ltr'>calculis</span> <span class='ocrx_word' id='word_1_307' title='bbox 701 2937 758 2991; x_wconf 90' lang='lat' dir='ltr'>suis</span> <span class='ocrx_word' id='word_1_308' title='bbox 775 2944 852 2991; x_wconf 89' lang='lat' dir='ltr'>certo</span> <span class='ocrx_word' id='word_1_309' title='bbox 870 2937 968 3006; x_wconf 81' lang='lat' dir='ltr'>fidere,</span> <span class='ocrx_word' id='word_1_310' title='bbox 991 2939 1030 2992; x_wconf 83' lang='lat' dir='ltr'>ita</span> <span class='ocrx_word' id='word_1_311' title='bbox 1048 2948 1079 2993; x_wconf 90' lang='lat' dir='ltr'>ut</span> <span class='ocrx_word' id='word_1_312' title='bbox 1098 2937 1251 3004; x_wconf 86' lang='lat' dir='ltr'>,interdum</span> <span class='ocrx_word' id='word_1_313' title='bbox 1272 2948 1352 2995; x_wconf 79' lang='lat' dir='ltr'>orror</span> <span class='ocrx_word' id='word_1_314' title='bbox 1376 2941 1475 2997; x_wconf 89' lang='lat' dir='ltr'>calculi</span> <span class='ocrx_word' id='word_1_315' title='bbox 1488 2955 1517 2995; x_wconf 87' lang='lat' dir='ltr'>ex</span> 
     </span>
     <span class='ocr_line' id='line_1_30' title="bbox 149 3023 1517 3096; baseline 0.004 -17"><span class='ocrx_word' id='word_1_316' title='bbox 149 3026 352 3096; x_wconf 83' lang='lat' dir='ltr'>properatione</span> <span class='ocrx_word' id='word_1_317' title='bbox 371 3026 532 3080; x_wconf 90' lang='lat' dir='ltr'>commissus</span> <span class='ocrx_word' id='word_1_318' title='bbox 550 3023 709 3092; x_wconf 79' lang='lat' dir='ltr'>longissimo</span> <span class='ocrx_word' id='word_1_319' title='bbox 728 3032 852 3093; x_wconf 90' lang='lat' dir='ltr'>tempore</span> <span class='ocrx_word' id='word_1_320' title='bbox 874 3040 906 3079; x_wconf 90' lang='lat' dir='ltr'>se</span> <span class='ocrx_word' id='word_1_321' title='bbox 923 3031 1100 3083; x_wconf 52' lang='lat' dir='ltr'>remoretur&amp;</span> <span class='ocrx_word' id='word_1_322' title='bbox 1136 3025 1223 3081; x_wconf 87' lang='lat' dir='ltr'>Irasci</span> <span class='ocrx_word' id='word_1_323' title='bbox 1246 3026 1301 3082; x_wconf 86' lang='lat' dir='ltr'>sibi</span> <span class='ocrx_word' id='word_1_324' title='bbox 1319 3030 1473 3087; x_wconf 71' lang='lat' dir='ltr'>nonullos</span> <span class='ocrx_word' id='word_1_325' title='bbox 1486 3030 1517 3084; x_wconf 91' lang='lat' dir='ltr'>ob</span> 
     </span>
     <span class='ocr_line' id='line_1_31' title="bbox 158 3111 1517 3187; baseline 0.005 -19"><span class='ocrx_word' id='word_1_326' title='bbox 158 3112 260 3168; x_wconf 84' lang='lat' dir='ltr'>dilatas</span> <span class='ocrx_word' id='word_1_327' title='bbox 278 3112 387 3167; x_wconf 88' lang='lat' dir='ltr'>tabulas</span> <span class='ocrx_word' id='word_1_328' title='bbox 403 3111 602 3180; x_wconf 84' lang='lat' dir='ltr'>Rudolphinas,</span> <span class='ocrx_word' id='word_1_329' title='bbox 621 3112 670 3167; x_wconf 90' lang='lat' dir='ltr'>sed</span> <span class='ocrx_word' id='word_1_330' title='bbox 691 3127 787 3177; x_wconf 82' lang='lat' dir='ltr'>,suum</span> <span class='ocrx_word' id='word_1_331' title='bbox 806 3111 905 3182; x_wconf 90' lang='lat' dir='ltr'>cuique</span> <span class='ocrx_word' id='word_1_332' title='bbox 924 3113 1082 3181; x_wconf 88' lang='lat' dir='ltr'>pulchrum:</span> <span class='ocrx_word' id='word_1_333' title='bbox 1102 3113 1147 3168; x_wconf 88' lang='lat' dir='ltr'>alii</span> <span class='ocrx_word' id='word_1_334' title='bbox 1165 3112 1279 3169; x_wconf 78' lang='lat' dir='ltr'>tabulam</span> <span class='ocrx_word' id='word_1_335' title='bbox 1297 3122 1328 3170; x_wconf 91' lang='lat' dir='ltr'>et</span> <span class='ocrx_word' id='word_1_336' title='bbox 1347 3120 1464 3174; x_wconf 71' lang='lat' dir='ltr'>malmin</span> <span class='ocrx_word' id='word_1_337' title='bbox 1478 3134 1517 3187; x_wconf 74' lang='lat' dir='ltr'>se</span> 
     </span>
     <span class='ocr_line' id='line_1_32' title="bbox 155 3199 1518 3275; baseline 0.004 -21"><span class='ocrx_word' id='word_1_338' title='bbox 155 3199 279 3268; x_wconf 82' lang='lat' dir='ltr'>metium,</span> <span class='ocrx_word' id='word_1_339' title='bbox 304 3200 371 3255; x_wconf 93' lang='lat' dir='ltr'>mihi</span> <span class='ocrx_word' id='word_1_340' title='bbox 396 3199 448 3255; x_wconf 89' lang='lat' dir='ltr'>llos</span> <span class='ocrx_word' id='word_1_341' title='bbox 471 3201 670 3268; x_wconf 85' lang='lat' dir='ltr'>astronomiae,</span> <span class='ocrx_word' id='word_1_342' title='bbox 689 3200 787 3269; x_wconf 87' lang='lat' dir='ltr'>politia</span> <span class='ocrx_word' id='word_1_343' title='bbox 803 3208 926 3257; x_wconf 89' lang='lat' dir='ltr'>motuum</span> <span class='ocrx_word' id='word_1_344' title='bbox 944 3209 1102 3257; x_wconf 83' lang='lat' dir='ltr'>sternutus</span> <span class='ocrx_word' id='word_1_345' title='bbox 1121 3202 1257 3271; x_wconf 67' lang='lat' dir='ltr'>placenta</span> <span class='ocrx_word' id='word_1_346' title='bbox 1295 3205 1330 3259; x_wconf 90' lang='lat' dir='ltr'>In</span> <span class='ocrx_word' id='word_1_347' title='bbox 1349 3207 1455 3274; x_wconf 85' lang='lat' dir='ltr'>Reme,</span> <span class='ocrx_word' id='word_1_348' title='bbox 1476 3205 1518 3275; x_wconf 81' lang='lat' dir='ltr'>qui</span> 
     </span>
     <span class='ocr_line' id='line_1_33' title="bbox 159 3286 1517 3365; baseline 0.007 -25"><span class='ocrx_word' id='word_1_349' title='bbox 159 3301 247 3356; x_wconf 87' lang='lat' dir='ltr'>nuper</span> <span class='ocrx_word' id='word_1_350' title='bbox 264 3286 300 3341; x_wconf 91' lang='lat' dir='ltr'>ad</span> <span class='ocrx_word' id='word_1_351' title='bbox 319 3288 463 3342; x_wconf 87' lang='lat' dir='ltr'>Caesarem</span> <span class='ocrx_word' id='word_1_352' title='bbox 481 3289 620 3342; x_wconf 84' lang='lat' dir='ltr'>transierit</span> <span class='ocrx_word' id='word_1_353' title='bbox 637 3304 654 3342; x_wconf 92' lang='lat' dir='ltr'>a</span> <span class='ocrx_word' id='word_1_354' title='bbox 671 3305 738 3344; x_wconf 90' lang='lat' dir='ltr'>cura</span> <span class='ocrx_word' id='word_1_355' title='bbox 760 3289 883 3357; x_wconf 91' lang='lat' dir='ltr'>corporis</span> <span class='ocrx_word' id='word_1_356' title='bbox 902 3288 1016 3358; x_wconf 84' lang='lat' dir='ltr'>ejusque</span> <span class='ocrx_word' id='word_1_357' title='bbox 1041 3290 1258 3346; x_wconf 87' lang='lat' dir='ltr'>mathematicus·</span> <span class='ocrx_word' id='word_1_358' title='bbox 1274 3293 1391 3365; x_wconf 88' lang='lat' dir='ltr'>audiat,</span> <span class='ocrx_word' id='word_1_359' title='bbox 1416 3294 1517 3351; x_wconf 80' lang='lat' dir='ltr'>mulum</span> 
     </span>
     <span class='ocr_line' id='line_1_34' title="bbox 153 3374 1519 3445; baseline 0.007 -17"><span class='ocrx_word' id='word_1_360' title='bbox 153 3388 187 3428; x_wconf 87' lang='lat' dir='ltr'>se</span> <span class='ocrx_word' id='word_1_361' title='bbox 204 3388 307 3443; x_wconf 88' lang='lat' dir='ltr'>ponere</span> <span class='ocrx_word' id='word_1_362' title='bbox 324 3389 413 3444; x_wconf 85' lang='lat' dir='ltr'>spem,</span> <span class='ocrx_word' id='word_1_363' title='bbox 435 3376 482 3443; x_wconf 90' lang='lat' dir='ltr'>qui</span> <span class='ocrx_word' id='word_1_364' title='bbox 500 3381 605 3444; x_wconf 88' lang='lat' dir='ltr'>partem</span> <span class='ocrx_word' id='word_1_365' title='bbox 624 3390 750 3430; x_wconf 91' lang='lat' dir='ltr'>curarum</span> <span class='ocrx_word' id='word_1_366' title='bbox 768 3376 820 3431; x_wconf 92' lang='lat' dir='ltr'>sibi</span> <span class='ocrx_word' id='word_1_367' title='bbox 838 3374 1038 3445; x_wconf 85' lang='lat' dir='ltr'>depoposcerit.</span> <span class='ocrx_word' id='word_1_368' title='bbox 1074 3378 1129 3432; x_wconf 91' lang='lat' dir='ltr'>Diu</span> <span class='ocrx_word' id='word_1_369' title='bbox 1145 3379 1223 3433; x_wconf 91' lang='lat' dir='ltr'>illum</span> <span class='ocrx_word' id='word_1_370' title='bbox 1242 3380 1273 3435; x_wconf 92' lang='lat' dir='ltr'>iu</span> <span class='ocrx_word' id='word_1_371' title='bbox 1292 3382 1380 3438; x_wconf 87' lang='lat' dir='ltr'>ltalia</span> <span class='ocrx_word' id='word_1_372' title='bbox 1396 3383 1479 3440; x_wconf 74' lang='lat' dir='ltr'>inbre</span> <span class='ocrx_word' id='word_1_373' title='bbox 1493 3392 1519 3438; x_wconf 88' lang='lat' dir='ltr'>et</span> 
     </span>
     <span class='ocr_line' id='line_1_35' title="bbox 157 3461 1517 3544; baseline 0.01 -27"><span class='ocrx_word' id='word_1_374' title='bbox 157 3477 218 3519; x_wconf 89' lang='lat' dir='ltr'>cum</span> <span class='ocrx_word' id='word_1_375' title='bbox 242 3461 379 3532; x_wconf 84' lang='lat' dir='ltr'>(lalliaco,</span> <span class='ocrx_word' id='word_1_376' title='bbox 405 3463 506 3518; x_wconf 90' lang='lat' dir='ltr'>multos</span> <span class='ocrx_word' id='word_1_377' title='bbox 530 3461 713 3517; x_wconf 73' lang='lat' dir='ltr'>cardinalium</span> <span class='ocrx_word' id='word_1_378' title='bbox 741 3463 794 3517; x_wconf 91' lang='lat' dir='ltr'>sibi</span> <span class='ocrx_word' id='word_1_379' title='bbox 820 3463 983 3521; x_wconf 82' lang='lat' dir='ltr'>devinxisse.</span> <span class='ocrx_word' id='word_1_380' title='bbox 1020 3467 1116 3522; x_wconf 86' lang='lat' dir='ltr'>Finem</span> <span class='ocrx_word' id='word_1_381' title='bbox 1142 3467 1247 3523; x_wconf 85' lang='lat' dir='ltr'>iaciens</span> <span class='ocrx_word' id='word_1_382' title='bbox 1274 3472 1367 3527; x_wconf 81' lang='lat' dir='ltr'>refert</span> <span class='ocrx_word' id='word_1_383' title='bbox 1391 3473 1517 3544; x_wconf 77' lang='lat' dir='ltr'>Keplerm</span> 
     </span>
     <span class='ocr_line' id='line_1_36' title="bbox 154 3551 1516 3629; baseline 0.007 -26"><span class='ocrx_word' id='word_1_384' title='bbox 154 3551 253 3619; x_wconf 82' lang='lat' dir='ltr'>(literae</span> <span class='ocrx_word' id='word_1_385' title='bbox 265 3555 312 3604; x_wconf 82' lang='lat' dir='ltr'>luae</span> <span class='ocrx_word' id='word_1_386' title='bbox 325 3555 397 3605; x_wconf 83' lang='lat' dir='ltr'>datae</span> <span class='ocrx_word' id='word_1_387' title='bbox 411 3562 468 3603; x_wconf 88' lang='lat' dir='ltr'>sunt</span> <span class='ocrx_word' id='word_1_388' title='bbox 482 3558 524 3609; x_wconf 82' lang='lat'>13.</span> <span class='ocrx_word' id='word_1_389' title='bbox 538 3554 592 3607; x_wconf 82' lang='lat' dir='ltr'>Gal</span> <span class='ocrx_word' id='word_1_390' title='bbox 606 3555 708 3604; x_wconf 78' lang='lat' dir='ltr'>liertiae</span> <span class='ocrx_word' id='word_1_391' title='bbox 723 3559 812 3620; x_wconf 79' lang='grc'>1611),</span> <span class='ocrx_word' id='word_1_392' title='bbox 831 3569 861 3607; x_wconf 87' lang='lat' dir='ltr'>se</span> <span class='ocrx_word' id='word_1_393' title='bbox 879 3555 907 3608; x_wconf 92' lang='lat' dir='ltr'>iu</span> <span class='ocrx_word' id='word_1_394' title='bbox 920 3555 1104 3624; x_wconf 89' lang='lat' dir='ltr'>descriptione</span> <span class='ocrx_word' id='word_1_395' title='bbox 1123 3556 1299 3612; x_wconf 78' lang='lat' dir='ltr'>Cometarum</span> <span class='ocrx_word' id='word_1_396' title='bbox 1319 3563 1442 3629; x_wconf 84' lang='lat' dir='ltr'>versari,</span> <span class='ocrx_word' id='word_1_397' title='bbox 1458 3575 1516 3629; x_wconf 79' lang='lat' dir='ltr'>ono</span> 
     </span>
     <span class='ocr_line' id='line_1_37' title="bbox 153 3639 1516 3712; baseline 0.007 -20"><span class='ocrx_word' id='word_1_398' title='bbox 153 3653 217 3693; x_wconf 85' lang='lat' dir='ltr'>rum</span> <span class='ocrx_word' id='word_1_399' title='bbox 233 3639 351 3708; x_wconf 91' lang='lat' dir='ltr'>primum</span> <span class='ocrx_word' id='word_1_400' title='bbox 369 3655 463 3695; x_wconf 90' lang='lat' dir='ltr'>mense</span> <span class='ocrx_word' id='word_1_401' title='bbox 481 3641 620 3710; x_wconf 81' lang='lat' dir='ltr'>Augusto,</span> <span class='ocrx_word' id='word_1_402' title='bbox 640 3641 766 3695; x_wconf 91' lang='lat' dir='ltr'>ultimum</span> <span class='ocrx_word' id='word_1_403' title='bbox 783 3656 877 3697; x_wconf 88' lang='lat' dir='ltr'>mense</span> <span class='ocrx_word' id='word_1_404' title='bbox 895 3642 1042 3699; x_wconf 85' lang='lat' dir='ltr'>Novembri</span> <span class='ocrx_word' id='word_1_405' title='bbox 1064 3643 1255 3712; x_wconf 89' lang='lat' dir='ltr'>praecedentis</span> <span class='ocrx_word' id='word_1_406' title='bbox 1274 3648 1345 3702; x_wconf 87' lang='lat' dir='ltr'>anni</span> <span class='ocrx_word' id='word_1_407' title='bbox 1365 3649 1516 3704; x_wconf 78' lang='lat' dir='ltr'>observare·</span> 
     </span>
     <span class='ocr_line' id='line_1_38' title="bbox 153 3724 1515 3800; baseline 0.007 -19"><span class='ocrx_word' id='word_1_408' title='bbox 153 3725 201 3781; x_wconf 83' lang='lat' dir='ltr'>n&#39;t.</span> <span class='ocrx_word' id='word_1_409' title='bbox 237 3725 337 3791; x_wconf 78' lang='lat' dir='ltr'>,ntiae</span> <span class='ocrx_word' id='word_1_410' title='bbox 354 3724 454 3781; x_wconf 87' lang='lat' dir='ltr'>librum</span> <span class='ocrx_word' id='word_1_411' title='bbox 472 3727 507 3782; x_wconf 92' lang='lat' dir='ltr'>de</span> <span class='ocrx_word' id='word_1_412' title='bbox 526 3727 611 3783; x_wconf 82' lang='lat' dir='ltr'>Stella</span> <span class='ocrx_word' id='word_1_413' title='bbox 628 3728 714 3796; x_wconf 88' lang='lat' dir='ltr'>Nova,</span> <span class='ocrx_word' id='word_1_414' title='bbox 733 3728 853 3784; x_wconf 89' lang='lat' dir='ltr'>iuvenies</span> <span class='ocrx_word' id='word_1_415' title='bbox 872 3729 900 3785; x_wconf 88' lang='lat' dir='ltr'>in</span> <span class='ocrx_word' id='word_1_416' title='bbox 919 3745 952 3784; x_wconf 89' lang='lat' dir='ltr'>eo</span> <span class='ocrx_word' id='word_1_417' title='bbox 977 3731 1044 3784; x_wconf 88' lang='lat' dir='ltr'>vivis</span> <span class='ocrx_word' id='word_1_418' title='bbox 1061 3729 1199 3786; x_wconf 89' lang='lat' dir='ltr'>caloribus</span> <span class='ocrx_word' id='word_1_419' title='bbox 1218 3731 1365 3800; x_wconf 84' lang='lat' dir='ltr'>depictum</span> <span class='ocrx_word' id='word_1_420' title='bbox 1384 3737 1425 3794; x_wconf 80' lang='lat' dir='ltr'>M.</span> <span class='ocrx_word' id='word_1_421' title='bbox 1442 3738 1515 3791; x_wconf 80' lang='lat' dir='ltr'>sao</span> 
     </span>
     <span class='ocr_line' id='line_1_39' title="bbox 155 3813 1515 3893; baseline 0.006 -26"><span class='ocrx_word' id='word_1_422' title='bbox 155 3814 230 3869; x_wconf 92' lang='lat' dir='ltr'>nium</span> <span class='ocrx_word' id='word_1_423' title='bbox 248 3814 282 3870; x_wconf 89' lang='lat' dir='ltr'>de</span> <span class='ocrx_word' id='word_1_424' title='bbox 299 3815 436 3885; x_wconf 87' lang='lat' dir='ltr'>Dominis;</span> <span class='ocrx_word' id='word_1_425' title='bbox 459 3815 507 3885; x_wconf 87' lang='lat' dir='ltr'>qui</span> <span class='ocrx_word' id='word_1_426' title='bbox 528 3816 552 3870; x_wconf 92' lang='lat' dir='ltr'>si</span> <span class='ocrx_word' id='word_1_427' title='bbox 571 3822 602 3870; x_wconf 91' lang='lat' dir='ltr'>ut</span> <span class='ocrx_word' id='word_1_428' title='bbox 620 3813 747 3871; x_wconf 89' lang='lat' dir='ltr'>scribitur</span> <span class='ocrx_word' id='word_1_429' title='bbox 770 3816 883 3887; x_wconf 89' lang='lat' dir='ltr'>occidit,</span> <span class='ocrx_word' id='word_1_430' title='bbox 905 3818 1068 3872; x_wconf 87' lang='lat' dir='ltr'>annihilavit</span> <span class='ocrx_word' id='word_1_431' title='bbox 1084 3826 1113 3874; x_wconf 88' lang='lat' dir='ltr'>et</span> <span class='ocrx_word' id='word_1_432' title='bbox 1133 3826 1251 3874; x_wconf 88' lang='lat' dir='ltr'>conatus</span> <span class='ocrx_word' id='word_1_433' title='bbox 1275 3835 1346 3878; x_wconf 90' lang='lat' dir='ltr'>suos</span> <span class='ocrx_word' id='word_1_434' title='bbox 1365 3828 1477 3893; x_wconf 78' lang='lat' dir='ltr'>magnos</span> <span class='ocrx_word' id='word_1_435' title='bbox 1491 3830 1515 3875; x_wconf 81' lang='lat' dir='ltr'>et</span> 
     </span>
     <span class='ocr_line' id='line_1_40' title="bbox 154 3901 839 3973; baseline -0.004 -17"><span class='ocrx_word' id='word_1_436' title='bbox 154 3916 244 3956; x_wconf 86' lang='lat' dir='ltr'>meum</span> <span class='ocrx_word' id='word_1_437' title='bbox 262 3901 477 3968; x_wconf 76' lang='lat' dir='ltr'>Prognosticum.</span> <span class='ocrx_word' id='word_1_438' title='bbox 835 3968 839 3973; x_wconf 24' lang='grc' dir='ltr'>Ι</span> 
     </span>
    </p>

    <p class='ocr_par' dir='ltr' id='par_1_8' title="bbox 152 3989 1513 4586">
     <span class='ocr_line' id='line_1_41' title="bbox 258 3989 1512 4071; baseline 0.01 -26"><span class='ocrx_word' id='word_1_439' title='bbox 258 3989 436 4046; x_wconf 90' lang='lat' dir='ltr'>Blanchns</span> <span class='ocrx_word' id='word_1_440' title='bbox 455 3990 484 4045; x_wconf 90' lang='lat' dir='ltr'>in</span> <span class='ocrx_word' id='word_1_441' title='bbox 501 4006 635 4060; x_wconf 87' lang='lat' dir='ltr'>responso</span> <span class='ocrx_word' id='word_1_442' title='bbox 654 4008 705 4047; x_wconf 90' lang='lat' dir='ltr'>suo</span> <span class='ocrx_word' id='word_1_443' title='bbox 718 3992 795 4060; x_wconf 86' lang='lat' dir='ltr'>(datu</span> <span class='ocrx_word' id='word_1_444' title='bbox 814 3992 1127 4064; x_wconf 65' lang='lat' dir='ltr'>petulantissima)</span> <span class='ocrx_word' id='word_1_445' title='bbox 1145 3997 1256 4066; x_wconf 87' lang='lat' dir='ltr'>suadet,</span> <span class='ocrx_word' id='word_1_446' title='bbox 1276 4006 1309 4055; x_wconf 89' lang='lat' dir='ltr'>ut</span> <span class='ocrx_word' id='word_1_447' title='bbox 1322 4000 1436 4057; x_wconf 89' lang='lat' dir='ltr'>silentio</span> <span class='ocrx_word' id='word_1_448' title='bbox 1446 4013 1512 4071; x_wconf 77' lang='lat' dir='ltr'>prae</span> 
     </span>
     <span class='ocr_line' id='line_1_42' title="bbox 152 4076 1513 4150; baseline 0.007 -20"><span class='ocrx_word' id='word_1_449' title='bbox 152 4081 243 4131; x_wconf 84' lang='lat' dir='ltr'>texeat</span> <span class='ocrx_word' id='word_1_450' title='bbox 260 4076 396 4146; x_wconf 88' lang='lat' dir='ltr'>Keplerus</span> <span class='ocrx_word' id='word_1_451' title='bbox 420 4077 503 4132; x_wconf 90' lang='lat' dir='ltr'>dubia</span> <span class='ocrx_word' id='word_1_452' title='bbox 520 4079 693 4134; x_wconf 87' lang='lat' dir='ltr'>credulorum</span> <span class='ocrx_word' id='word_1_453' title='bbox 712 4083 741 4134; x_wconf 89' lang='lat' dir='ltr'>et</span> <span class='ocrx_word' id='word_1_454' title='bbox 758 4080 945 4150; x_wconf 89' lang='lat' dir='ltr'>imperitorum</span> <span class='ocrx_word' id='word_1_455' title='bbox 970 4083 1004 4138; x_wconf 94' lang='lat' dir='ltr'>de</span> <span class='ocrx_word' id='word_1_456' title='bbox 1022 4093 1097 4138; x_wconf 90' lang='lat' dir='ltr'>motu</span> <span class='ocrx_word' id='word_1_457' title='bbox 1116 4085 1219 4140; x_wconf 89' lang='lat' dir='ltr'>Terrae</span> <span class='ocrx_word' id='word_1_458' title='bbox 1244 4087 1275 4142; x_wconf 89' lang='lat' dir='ltr'>in</span> <span class='ocrx_word' id='word_1_459' title='bbox 1292 4088 1447 4144; x_wconf 80' lang='lat' dir='ltr'>Harmonia</span> <span class='ocrx_word' id='word_1_460' title='bbox 1462 4103 1513 4143; x_wconf 87' lang='lat' dir='ltr'>aaa.</span> 
     </span>
     <span class='ocr_line' id='line_1_43' title="bbox 155 4164 1512 4236; baseline 0.01 -17"><span class='ocrx_word' id='word_1_461' title='bbox 155 4164 214 4227; x_wconf 65' lang='lat' dir='ltr'>,Tu</span> <span class='ocrx_word' id='word_1_462' title='bbox 236 4181 291 4220; x_wconf 85' lang='lat' dir='ltr'>non</span> <span class='ocrx_word' id='word_1_463' title='bbox 314 4167 471 4234; x_wconf 77' lang='lat' dir='ltr'>vulgaribus</span> <span class='ocrx_word' id='word_1_464' title='bbox 496 4167 664 4236; x_wconf 88' lang='lat' dir='ltr'>hominibus,</span> <span class='ocrx_word' id='word_1_465' title='bbox 690 4167 738 4223; x_wconf 91' lang='lat' dir='ltr'>sed</span> <span class='ocrx_word' id='word_1_466' title='bbox 763 4171 875 4224; x_wconf 89' lang='lat' dir='ltr'>summis</span> <span class='ocrx_word' id='word_1_467' title='bbox 895 4170 961 4225; x_wconf 91' lang='lat' dir='ltr'>viris</span> <span class='ocrx_word' id='word_1_468' title='bbox 984 4170 1142 4227; x_wconf 91' lang='lat' dir='ltr'>harmonica</span> <span class='ocrx_word' id='word_1_469' title='bbox 1159 4172 1316 4230; x_wconf 81' lang='lat' dir='ltr'>mandabis</span> <span class='ocrx_word' id='word_1_470' title='bbox 1355 4177 1386 4232; x_wconf 83' lang='lat' dir='ltr'>si</span> <span class='ocrx_word' id='word_1_471' title='bbox 1404 4177 1512 4231; x_wconf 66' lang='grc' dir='ltr'>ηιίιιια</span> 
     </span>
     <span class='ocr_line' id='line_1_44' title="bbox 153 4249 1511 4335; baseline 0.013 -30"><span class='ocrx_word' id='word_1_472' title='bbox 153 4249 270 4306; x_wconf 89' lang='lat' dir='ltr'>aliorum</span> <span class='ocrx_word' id='word_1_473' title='bbox 288 4253 342 4308; x_wconf 87' lang='lat' dir='ltr'>tais</span> <span class='ocrx_word' id='word_1_474' title='bbox 359 4254 551 4320; x_wconf 86' lang='lat' dir='ltr'>insererentur,</span> <span class='ocrx_word' id='word_1_475' title='bbox 569 4255 668 4310; x_wconf 91' lang='lat' dir='ltr'>radioli</span> <span class='ocrx_word' id='word_1_476' title='bbox 686 4264 780 4311; x_wconf 88' lang='lat' dir='ltr'>essent</span> <span class='ocrx_word' id='word_1_477' title='bbox 797 4259 960 4314; x_wconf 89' lang='lat' dir='ltr'>subobscuri</span> <span class='ocrx_word' id='word_1_478' title='bbox 973 4275 1035 4315; x_wconf 91' lang='lat' dir='ltr'>cum</span> <span class='ocrx_word' id='word_1_479' title='bbox 1047 4259 1204 4316; x_wconf 89' lang='lat' dir='ltr'>clarissimis</span> <span class='ocrx_word' id='word_1_480' title='bbox 1216 4263 1276 4318; x_wconf 89' lang='lat' dir='ltr'>tuis</span> <span class='ocrx_word' id='word_1_481' title='bbox 1294 4263 1448 4321; x_wconf 83' lang='lat' dir='ltr'>luminibus</span> <span class='ocrx_word' id='word_1_482' title='bbox 1457 4278 1511 4335; x_wconf 82' lang='lat' dir='ltr'>ptr·</span> 
     </span>
     <span class='ocr_line' id='line_1_45' title="bbox 154 4337 1511 4419; baseline 0.013 -26"><span class='ocrx_word' id='word_1_483' title='bbox 154 4337 243 4396; x_wconf 85' lang='lat' dir='ltr'>mixti.</span> <span class='ocrx_word' id='word_1_484' title='bbox 278 4341 415 4396; x_wconf 81' lang='lat' dir='ltr'>Cedamus</span> <span class='ocrx_word' id='word_1_485' title='bbox 434 4341 546 4397; x_wconf 89' lang='lat' dir='ltr'>Phoebo</span> <span class='ocrx_word' id='word_1_486' title='bbox 565 4350 594 4398; x_wconf 89' lang='lat' dir='ltr'>et</span> <span class='ocrx_word' id='word_1_487' title='bbox 611 4347 707 4400; x_wconf 91' lang='lat' dir='ltr'>moniti</span> <span class='ocrx_word' id='word_1_488' title='bbox 723 4346 836 4401; x_wconf 91' lang='lat' dir='ltr'>meliora</span> <span class='ocrx_word' id='word_1_489' title='bbox 852 4353 1024 4417; x_wconf 73' lang='lat' dir='ltr'>sequamur.“</span> <span class='ocrx_word' id='word_1_490' title='bbox 1039 4378 1073 4388; x_wconf 80' lang='lat'>·-</span> <span class='ocrx_word' id='word_1_491' title='bbox 1088 4351 1142 4414; x_wconf 73' lang='lat' dir='ltr'>,aa</span> <span class='ocrx_word' id='word_1_492' title='bbox 1155 4351 1297 4407; x_wconf 83' lang='lat' dir='ltr'>Antonius</span> <span class='ocrx_word' id='word_1_493' title='bbox 1314 4353 1394 4419; x_wconf 84' lang='lat' dir='ltr'>vivit.</span> <span class='ocrx_word' id='word_1_494' title='bbox 1410 4362 1441 4410; x_wconf 87' lang='lat' dir='ltr'>at</span> <span class='ocrx_word' id='word_1_495' title='bbox 1455 4366 1511 4409; x_wconf 83' lang='lat' dir='ltr'>tuat</span> 
     </span>
     <span class='ocr_line' id='line_1_46' title="bbox 153 4429 1510 4507; baseline 0.01 -27"><span class='ocrx_word' id='word_1_496' title='bbox 153 4432 269 4482; x_wconf 89' lang='lat' dir='ltr'>conatus</span> <span class='ocrx_word' id='word_1_497' title='bbox 288 4434 316 4482; x_wconf 90' lang='lat' dir='ltr'>et</span> <span class='ocrx_word' id='word_1_498' title='bbox 334 4434 411 4483; x_wconf 90' lang='lat' dir='ltr'>tuum</span> <span class='ocrx_word' id='word_1_499' title='bbox 424 4429 632 4496; x_wconf 79' lang='lat' dir='ltr'>Prognostieum</span> <span class='ocrx_word' id='word_1_500' title='bbox 649 4433 771 4503; x_wconf 84' lang='lat' dir='ltr'>impleat.</span> <span class='ocrx_word' id='word_1_501' title='bbox 799 4435 1008 4505; x_wconf 78' lang='lat' dir='ltr'>Prognosticum</span> <span class='ocrx_word' id='word_1_502' title='bbox 1026 4437 1078 4491; x_wconf 91' lang='lat' dir='ltr'>hoc</span> <span class='ocrx_word' id='word_1_503' title='bbox 1098 4437 1131 4491; x_wconf 93' lang='lat' dir='ltr'>de</span> <span class='ocrx_word' id='word_1_504' title='bbox 1144 4437 1239 4507; x_wconf 87' lang='lat' dir='ltr'>aliquo</span> <span class='ocrx_word' id='word_1_505' title='bbox 1259 4438 1510 4507; x_wconf 75' lang='lat' dir='ltr'>haeresiarcbajan</span> 
     </span>
     <span class='ocr_line' id='line_1_47' title="bbox 152 4512 455 4586; baseline 0.023 -19"><span class='ocrx_word' id='word_1_506' title='bbox 152 4512 213 4568; x_wconf 83' lang='lat' dir='ltr'>vics</span> <span class='ocrx_word' id='word_1_507' title='bbox 230 4516 336 4571; x_wconf 82' lang='lat' dir='ltr'>oraculi</span> <span class='ocrx_word' id='word_1_508' title='bbox 354 4523 455 4586; x_wconf 87' lang='lat' dir='ltr'>pono.“</span> 
     </span>
    </p>

    <p class='ocr_par' dir='ltr' id='par_1_9' title="bbox 256 4603 1510 4687">
     <span class='ocr_line' id='line_1_48' title="bbox 256 4603 1510 4687; baseline 0.013 -29"><span class='ocrx_word' id='word_1_509' title='bbox 256 4603 361 4659; x_wconf 85' lang='lat' dir='ltr'>Multus</span> <span class='ocrx_word' id='word_1_510' title='bbox 378 4613 437 4661; x_wconf 90' lang='lat' dir='ltr'>erat</span> <span class='ocrx_word' id='word_1_511' title='bbox 454 4608 590 4677; x_wconf 85' lang='lat' dir='ltr'>Keplerus</span> <span class='ocrx_word' id='word_1_512' title='bbox 609 4610 662 4665; x_wconf 90' lang='lat' dir='ltr'>hoc</span> <span class='ocrx_word' id='word_1_513' title='bbox 680 4617 709 4664; x_wconf 90' lang='lat' dir='ltr'>et</span> <span class='ocrx_word' id='word_1_514' title='bbox 726 4610 941 4679; x_wconf 78' lang='lat' dir='ltr'>sequentianno</span> <span class='ocrx_word' id='word_1_515' title='bbox 963 4611 993 4665; x_wconf 90' lang='lat' dir='ltr'>in</span> <span class='ocrx_word' id='word_1_516' title='bbox 1010 4612 1187 4667; x_wconf 85' lang='lat' dir='ltr'>observandis</span> <span class='ocrx_word' id='word_1_517' title='bbox 1210 4614 1370 4687; x_wconf 87' lang='lat' dir='ltr'>eclipsibus</span> <span class='ocrx_word' id='word_1_518' title='bbox 1392 4626 1422 4676; x_wconf 84' lang='lat' dir='ltr'>et</span> <span class='ocrx_word' id='word_1_519' title='bbox 1442 4617 1510 4674; x_wconf 71' lang='lat' dir='ltr'>ruti·</span> 
     </span>
    </p>
   </div>
   <div class='ocr_carea' id='block_1_7' title="bbox 147 4687 1507 4848">
    <p class='ocr_par' dir='ltr' id='par_1_10' title="bbox 147 4687 1507 4848">
     <span class='ocr_line' id='line_1_49' title="bbox 149 4687 1507 4833; baseline 0.011 -90"><span class='ocrx_word' id='word_1_520' title='bbox 149 4687 514 4833; x_wconf 51' lang='lat' dir='ltr'>tu&#39;e3l311unae2tbecris3</span> <span class='ocrx_word' id='word_1_521' title='bbox 540 4696 691 4767; x_wconf 89' lang='lat' dir='ltr'>specimina</span> <span class='ocrx_word' id='word_1_522' title='bbox 715 4699 869 4755; x_wconf 89' lang='lat' dir='ltr'>studiorum</span> <span class='ocrx_word' id='word_1_523' title='bbox 884 4698 1066 4756; x_wconf 83' lang='lat' dir='ltr'>exhibuimus</span> <span class='ocrx_word' id='word_1_524' title='bbox 1092 4716 1129 4757; x_wconf 90' lang='lat' dir='ltr'>ex</span> <span class='ocrx_word' id='word_1_525' title='bbox 1151 4717 1218 4760; x_wconf 88' lang='lat' dir='ltr'>mas.</span> <span class='ocrx_word' id='word_1_526' title='bbox 1245 4704 1368 4762; x_wconf 82' lang='lat' dir='ltr'>Pulkcv.</span> <span class='ocrx_word' id='word_1_527' title='bbox 1392 4706 1445 4764; x_wconf 87' lang='lat' dir='ltr'>rol.</span> <span class='ocrx_word' id='word_1_528' title='bbox 1465 4703 1507 4760; x_wconf 93' lang='grc'>111.</span> 
     </span>
     <span class='ocr_line' id='line_1_50' title="bbox 147 4780 440 4848; baseline 0.01 -16"><span class='ocrx_word' id='word_1_529' title='bbox 147 4788 179 4847; x_wconf 80' lang='lat' dir='ltr'>p.</span> <span class='ocrx_word' id='word_1_530' title='bbox 268 4792 315 4848; x_wconf 76' lang='lat' dir='ltr'>ss,</span> <span class='ocrx_word' id='word_1_531' title='bbox 333 4780 367 4833; x_wconf 83' lang='grc'>63</span> <span class='ocrx_word' id='word_1_532' title='bbox 402 4793 440 4835; x_wconf 90' lang='lat' dir='ltr'>ss.</span> 
     </span>
    </p>
   </div>
   <div class='ocr_carea' id='block_1_8' title="bbox 0 0 1666 5534">
    <p class='ocr_par' dir='ltr' id='par_1_11' title="bbox 0 0 1666 5534">
     <span class='ocr_line' id='line_1_51' title="bbox 0 0 1666 5534; baseline 0 1"><span class='ocrx_word' id='word_1_533' title='bbox 0 0 1666 5534; x_wconf 95' lang='lat' dir='ltr'> </span> 
     </span>
    </p>
   </div>
  </div>
 </body>
</html>
