3322 5534
486 392 528 450 De
545 390 639 450 amieis
657 396 686 449 et
704 388 858 450 fautoribus
875 388 998 464 Kepleri.
1357 388 1422 462 965

66 571 157 632 nibus
180 571 207 632 ci
230 589 289 632 nou
312 573 413 634 liceret
431 572 558 634 Galilaei
582 572 736 633 veritatem
759 580 789 632 et
807 570 941 646 judicare
965 579 995 632 at
1016 571 1191 649 perspicere,
1215 571 1270 632 soli
1294 571 1423 634 conflens

64 660 133 735 ejus
156 657 305 720 honestati
328 669 358 721 ot
379 660 447 721 ildei
470 669 500 720 et
523 662 557 718 iis
580 662 685 733 nitens,
709 677 785 736 qnae
809 659 845 719 de
868 659 1053 736 planetamm
1076 670 1156 719 motu
1180 668 1210 719 ct
1232 667 1336 720 natura
1358 663 1424 738 ipse

64 749 236 822 quaesierat
258 759 287 810 et
311 755 499 824 cognoverat.
532 746 599 822 Qua
620 749 766 823 gravitate
790 753 820 807 et
841 749 1000 807 severitate
1022 746 1168 823 Keplerus
1188 748 1292 823 juveni
1316 764 1423 808 occae-

63 841 134 894 cato
149 831 286 914 (Horkio)
308 836 459 896 levitatem
483 852 565 894 eruam
583 834 724 915 objecerit
746 834 940 910 eundemque,
965 850 1053 910 quam
1077 837 1228 910 indiguum
1243 843 1274 894 ot
1296 836 1423 911 iniquis·

63 923 173 980 simum
187 938 220 981 se
236 931 339 982 contra
354 921 520 985 Galilaeurn
537 922 712 999 praebuerit,
736 923 876 980 acerrime
892 922 1101 997 objurgaverit,
1126 920 1185 980 vol.
1201 921 1240 982 11.
1257 941 1285 999 p.
1303 928 1366 982 454
1381 940 1422 984 ss.

63 1009 127 1085 lagi
150 1010 266 1085 poterit.
283 1044 324 1057 -
342 1010 428 1069 Initio
452 1008 571 1086 quidem
587 1007 733 1085 Keplerus
755 1008 838 1067 solus
861 1017 924 1067 erat
946 1008 1035 1084 bajus
1058 1012 1100 1067 rei
1123 1008 1267 1082 defensor,
1291 1008 1423 1070 amultis

64 1104 98 1156 et
121 1098 185 1172 ipso
208 1096 367 1157 Massiliae
391 1115 448 1156 non
472 1095 647 1169 intellectae,
671 1112 762 1172 quum
784 1112 837 1171 pro
860 1094 989 1155 Galilaei
1013 1098 1138 1155 inventis
1162 1095 1279 1172 publice
1303 1094 1423 1158 diceret.

67 1182 158 1259 Quod
181 1200 216 1243 eo
239 1185 331 1260 pluris
354 1183 569 1244 aestimandum
592 1189 646 1256 cst,
670 1200 759 1259 quum
784 1181 935 1242 Galilaeae
959 1200 993 1241 er
1011 1200 1088 1242 anuo
1108 1187 1189 1243 1597
1214 1200 1299 1243 omue
1321 1184 1424 1244 litera·

64 1287 132 1329 rum
156 1274 361 1331 commercium
385 1270 576 1349 praecidisset
598 1277 628 1330 et
650 1272 750 1330 omnia
772 1267 892 1346 Kepleri
915 1287 1005 1346 opera
1028 1287 1121 1347 usque
1144 1270 1182 1329 ad
1204 1287 1313 1329 anunm
1338 1278 1422 1332 1613

63 1357 148 1418 edita
171 1358 359 1434 neglexisset.
397 1360 472 1418 Tum
497 1358 632 1436 demum,
662 1374 728 1417 eum
751 1356 899 1434 Keplerus
928 1374 987 1417 rem
1018 1356 1145 1417 Gaiiluei
1174 1357 1291 1435 publice
1319 1356 1423 1417 defen·

62 1445 157 1517 deret,
180 1444 328 1506 literarum
346 1447 548 1506 commercium
565 1444 660 1504 denuo
675 1447 840 1504 restitutum
864 1454 916 1504 est.
951 1442 1104 1503 Galilaeae
1120 1447 1197 1505 enim
1214 1447 1269 1521 ipsi
1293 1444 1421 1517 tradidit,

62 1531 209 1608 quidquid
232 1536 301 1592 novi
325 1533 451 1610 amplius
475 1532 610 1592 incaelo
634 1531 806 1604 detexisset,
830 1549 905 1607 quse
927 1530 1084 1591 relationes
1108 1548 1175 1590 oum
1197 1535 1259 1591 suis
1273 1535 1422 1608 responsis

63 1618 213 1697 Keplems
237 1622 265 1677 in
284 1620 448 1696 llioptrices
464 1620 644 1695 praefatione
667 1619 767 1692 edidit,
791 1618 829 1678 ad
846 1637 935 1695 quom
952 1618 1191 1678 conscribendam
1208 1620 1279 1696 ipsis
1293 1617 1422 1679 Galilaei

62 1709 193 1766 inventis
217 1707 374 1782 perductus
398 1717 450 1769 ost.
481 1706 604 1782 Propria
627 1722 746 1782 quoquo
770 1707 976 1766 observatione
1000 1708 1095 1765 nitens
1118 1708 1222 1766 iterum
1245 1705 1282 1765 ad
1299 1723 1420 1766 eausam

63 1793 233 1853 Galilaeam
256 1794 356 1868 rediit,
389 1805 421 1852 ut
453 1811 517 1853 carn
547 1793 731 1853 confirmaret
753 1792 904 1868 (Narratio
935 1793 971 1853 de
1003 1795 1167 1853 observatis
1191 1812 1209 1851 a
1231 1811 1263 1853 se
1293 1802 1422 1869 quatuor

64 1879 156 1941 Jovis
179 1881 358 1956 satellibus),
382 1882 581 1956 Prageneibus
603 1883 665 1939 suis
688 1882 791 1939 amicis
813 1882 971 1940 testimonii
995 1897 1085 1939 causa
1108 1880 1271 1943 advocatis.
1294 1913 1337 1926 -·

172 1967 208 2025 Et
238 1967 359 2043 Kepleri
389 1969 470 2027 libris
501 1968 588 2027 modo
617 1967 702 2027 dictis
733 1976 763 2027 et
793 1967 924 2042 ejusdem
955 1966 991 2026 de
1015 1966 1140 2026 Galilaci
1171 1970 1297 2027 inventis
1320 1968 1423 2028 litera·

64 2071 131 2113 rum
155 2058 329 2115 commercio
353 2057 445 2114 intimi
472 2058 524 2114 viri
548 2072 643 2114 mores
658 2055 744 2113 nobis
761 2053 937 2129 deteguntur
959 2055 1178 2130 clarissimeque
1200 2063 1332 2132 apparet,
1357 2072 1423 2116 cum

63 2150 100 2201 nt
123 2142 152 2198 in
177 2143 276 2201 multis
299 2142 366 2202 aliis
389 2144 489 2214 rebus,
514 2144 592 2200 ornni
616 2139 788 2201 inhonestae
811 2143 980 2200 ambitionis
1002 2142 1168 2217 suspicione
1195 2145 1301 2218 suique
1324 2160 1424 2204 amove

64 2231 240 2300 vacavisse,
271 2232 439 2306 iricorrupta
459 2231 576 2306 justitia
599 2238 627 2288 et
651 2231 775 2288 veritate
803 2230 957 2289 imbutum.
1001 2228 1205 2289 Admiratione
1228 2232 1305 2289 euim
1328 2232 1424 2290 omnis

65 2314 199 2375 irrvidiao
231 2327 349 2394 experte
380 2318 466 2377 refert
490 2316 651 2392 lieplerus,
682 2332 772 2392 quam
800 2316 874 2375 bene
898 2314 1051 2375 Galilaeae
1079 2316 1115 2375 de
1138 2315 1317 2393 amplificato
1340 2316 1423 2378 coelo

64 2405 264 2463 astronomico
287 2407 408 2463 meritus
430 2407 476 2474 sit,
501 2403 688 2480 simplicitate
704 2402 825 2461 amabili
842 2411 948 2474 narrat,
972 2421 1050 2477 quae
1066 2404 1251 2478 conjecturas
1274 2412 1304 2464 et
1325 2413 1423 2465 tenta-

65 2492 173 2550 tiones·
189 2492 281 2550 allato
305 2492 420 2550 illorum
444 2493 629 2550 inventorum
645 2491 751 2549 nuncio
767 2493 943 2566 necopinato
966 2493 994 2548 iu
1011 2493 1140 2550 animum
1162 2508 1248 2549 snum
1264 2493 1423 2564 subierint3

38 2584 96 2638 et
119 2579 217 2635 statim
241 2578 362 2638 edoctus
386 2578 421 2638 de
444 2580 496 2651 iis,
528 2596 604 2654 quae
628 2579 794 2637 etiamnunc
823 2578 947 2636 obscura
976 2586 1004 2637 et
1028 2578 1117 2638 dubia
1140 2588 1237 2648 eraut,
1270 2579 1305 2638 de
1335 2596 1424 2656 prae-

63 2667 172 2724 sumtis
196 2669 258 2724 suis
281 2667 470 2741 opinionibus
495 2665 610 2725 desistit
632 2682 727 2740 neque
750 2681 836 2737 vero,
865 2675 897 2722 ut
920 2667 965 2723 vir
995 2673 1058 2725 erat
1085 2667 1130 2723 sui
1161 2667 1255 2741 ipsius
1277 2669 1423 2740 conscius,

64 2750 186 2811 silentio
211 2756 358 2828 praeterit,
383 2772 459 2828 quae
484 2755 545 2828 ipse
565 2754 628 2827 jum
651 2761 740 2811 autea
762 2760 792 2811 et
815 2770 885 2810 vera
900 2754 1071 2826 cognoverit
1094 2762 1122 2811 et
1145 2770 1223 2812 nuuc
1245 2756 1425 2830 argumentis

67 2838 215 2899 affirmata
239 2841 382 2900 habuerit.
430 2838 573 2899 Omnibus
605 2848 704 2898 sutem
733 2841 784 2914 qni
808 2837 943 2898 Galilaea
974 2848 1003 2898 ct
1026 2839 1192 2899 inviderent
1221 2848 1251 2899 et
1274 2841 1424 2903 obtrecta-

64 2935 141 2998 rent,
165 2929 304 2987 accrrime
336 2930 441 2986 restitit
464 2934 493 2986 et
516 2943 567 2986 eos
596 2942 715 3002 quoque
737 2942 894 3000 aggressus
916 2934 975 2998 cst,
1009 2929 1058 3000 qui
1082 2944 1147 2984 eum
1178 2942 1248 2986 vero
1270 2929 1425 2989 inventore

65 3013 106 3073 de
140 3015 266 3072 inventis
300 3016 435 3073 certaturi
469 3021 581 3086 esseut,
617 3022 649 3071 ut
683 3011 842 3072 Onoldium
879 3011 958 3070 illurn
998 3012 1237 3074 mathematicum
1270 3014 1422 3075 Simonem

65 3100 211 3174 Marium,
245 3103 290 3160 eui
315 3103 409 3162 facete
434 3101 625 3172 demonstrat,
657 3098 736 3174 quod
759 3101 821 3175 ipse
845 3098 936 3170 dieat,
965 3101 1144 3176 septimum
1171 3101 1293 3161 Veneris
1314 3102 1423 3180 phasea

64 3188 224 3259 detexisse,
246 3189 401 3248 allatorum
418 3198 578 3264 terrrporurn
594 3188 811 3262 comparatione
835 3185 873 3245 ad
888 3189 998 3245 irritum
1015 3187 1120 3248 eadere
1137 3193 1185 3255 (il.
1197 3181 1278 3261 'fibi
1313 3190 1423 3252 Postea

66 3284 185 3347 tamen,
214 3294 279 3334 curn
304 3280 366 3351 ipsc
390 3276 575 3351 tranquillius
598 3292 657 3334 rem
681 3274 824 3349 cogitaret
846 3282 875 3333 et
897 3275 964 3334 aliis
995 3277 1200 3350 instigantibus
1224 3277 1423 3339 dubitationes

63 3379 138 3424 suas
162 3367 336 3439 terrrperavit
359 3372 468 3421 etcum
485 3363 578 3421 biario
596 3362 707 3421 offenso
724 3363 817 3420 amice
833 3377 892 3419 rem
910 3364 1083 3437 composuit.
1099 3395 1133 3407 —-
1150 3364 1246 3424 Etiam
1269 3364 1307 3426 da
1328 3369 1421 3441 primo

64 3448 150 3513 Solis
173 3449 352 3509 maerrlarum
378 3455 529 3509 inventore
552 3459 616 3508 orta
641 3457 687 3508 est
701 3450 909 3510 controversia.
941 3448 1035 3524 Quam
1060 3453 1257 3511 inventionem
1275 3452 1423 3529 Keplerns

64 3538 157 3599 amici
180 3540 225 3595 sui
243 3538 369 3597 liavidis
386 3539 512 3596 Fabricii
536 3536 596 3595 fufio
614 3535 725 3595 ‚loanni
748 3536 891 3608 attribuit,
916 3535 972 3596 hoe
991 3537 1061 3611 joco
1084 3537 1195 3611 addito,
1217 3542 1242 3597 si
1265 3542 1358 3616 ipsius
1380 3542 1421 3600 rai

64 3625 148 3684 ratio
170 3624 335 3695 haberetur,
360 3626 414 3683 ribi
439 3643 470 3683 sc
493 3626 568 3683 franc
583 3623 706 3699 gloriam
722 3639 880 3694 assumere,
904 3639 969 3682 cum
995 3627 1057 3699 ipse
1072 3624 1191 3700 quidem
1206 3628 1329 3702 primam
1345 3626 1425 3687 Solis

64 3710 215 3773 maceriam
231 3712 360 3783 vidisset,
378 3711 428 3770 sod
445 3730 510 3770 cam
526 3711 600 3769 frrlso
617 3728 668 3787 pro
683 3709 828 3769 Mercurio
845 3709 1005 3771 habuisset.
1029 3711 1174 3787 Keplerns
1190 3714 1296 3788 ipsein
1312 3713 1424 3789 templo

64 3800 278 3859 Ratisbonensi
303 3801 445 3874 frequenti
476 3808 504 3856 ot
532 3798 695 3871 legatorum
726 3795 795 3855 illuc
823 3795 860 3855 ad
890 3799 1051 3873 prirrcipnm
1083 3799 1238 3858 concilium
1267 3802 1423 3860 missorum

64 3895 98 3947 et
121 3885 246 3944 alioruin
271 3888 420 3945 bertuinum
446 3887 613 3958 corrverrtui,
638 3902 695 3943 uon
720 3882 853 3942 adhibito
876 3883 1045 3961 telcseopio‚
1070 3886 1149 3944 Solis
1168 3886 1300 3946 maculas
1322 3896 1422 3947 osteu-

63 3974 120 4044 dit,
145 3975 237 4049 ipsius
259 3974 337 4034 Solis
361 3976 458 4049 specie
482 3991 533 4047 per
556 3974 711 4031 fenestram
734 3978 801 4045 apto
833 3972 962 4030 irrruussa
991 3974 1018 4029 in
1047 3973 1149 4032 aedem
1182 3973 1301 4033 luminis
1329 3990 1424 4050 paena

63 4069 225 4135 expertein.
279 4062 350 4119 Cum
385 4060 522 4119 (iarlilaeo
556 4061 700 4135 donique,
733 4056 910 4128 Subcinero,
946 4059 1113 4132 Herrvarto,
1154 4060 1255 4120 Marco
1291 4060 1424 4122 Welsero

63 4148 214 4222 Keplerue
238 4147 273 4204 dc
297 4148 342 4206 iris
366 4148 443 4207 Solis
467 4147 589 4205 rrraeuiis
612 4163 664 4222 pcr
686 4145 828 4219 epistolas
856 4144 1018 4206 collocutus
1041 4157 1100 4217 cst,
1124 4165 1183 4223 quo
1209 4167 1244 4208 ex
1275 4153 1423 4210 literarum

61 4237 242 4297 commercio
273 4235 329 4294 lroc
362 4254 449 4293 unum
482 4236 645 4305 afferimus,
678 4231 837 4308 Keplernm
869 4232 936 4292 inde
961 4236 998 4292 ab
1031 4236 1114 4293 tuitio
1140 4243 1250 4294 eerturu
1275 4236 1425 4310 habuisse,

64 4320 136 4381 illas
159 4322 289 4381 maculae
313 4326 341 4379 iu
367 4326 430 4399 ipso
447 4321 524 4381 Solis
548 4338 667 4398 corpore
691 4336 771 4392 esse,
795 4337 917 4395 quarum
942 4338 977 4380 ex
994 4324 1121 4380 motibus
1144 4322 1268 4383 Solem
1290 4342 1329 4384 ss
1352 4341 1423 4383 mo

64 4426 159 4468 vere
183 4412 283 4468 circa
307 4429 410 4470 axern
435 4427 541 4467 suum
566 4410 710 4482 conjicere
733 4406 850 4476 liceret,
881 4408 960 4481 quod
984 4411 1046 4484 ipsc
1066 4409 1131 4484 jam
1155 4409 1204 4469 diu
1227 4418 1296 4470 anie
1320 4414 1425 4472 fureu-

63 4510 130 4558 turn
155 4496 344 4574 telescopium
368 4498 496 4573 physicis
519 4495 699 4569 argumentis
721 4496 816 4553 nitens
840 4492 970 4554 dixisset.
994 4530 1037 4540 -

176 4582 323 4658 Quamdiu
349 4585 460 4658 l'ragsc
484 4583 630 4659 Kepicrus
653 4588 730 4652 erat,
756 4598 792 4640 ex
816 4581 950 4639 familiari
975 4586 1149 4644 commercio
1177 4602 1242 4643 curn
1271 4587 1373 4644 amieis
1396 4593 1426 4647 ot

62 4672 231 4733 fautoribus
260 4671 319 4731 illic
343 4674 432 4748 proriis
455 4679 484 4728 ot
507 4670 535 4728 lri
560 4671 717 4727 uraxirnam
748 4670 857 4743 ingenii
888 4671 1085 4745 voluptatem,
1118 4680 1147 4731 et
1175 4674 1237 4749 ipse
1267 4674 1425 4735 maximam

57 4758 278 4838 jucunditatem
308 4770 337 4818 et
361 4758 516 4816 utilitatem
539 4758 678 4834 percepit.
724 4754 868 4830 Quamvis
891 4761 967 4817 enirn
996 4759 1125 4818 fautores
1156 4758 1187 4817 hi
1210 4760 1373 4835 Prsgsnses
1395 4763 1426 4819 ln

10 4858 16 4871 ·
63 4846 128 4907 illis
157 4847 214 4906 sub
242 4846 393 4924 Rudolplri
425 4846 610 4923 imperatoris
640 4845 721 4907 vitae
750 4845 861 4904 exitum
892 4853 922 4903 et
951 4845 1077 4923 publicis
1107 4848 1217 4907 coortis
1246 4848 1376 4909 motibus
1396 4857 1428 4911 et
