3308 5534
154 428 220 507 ibo
667 434 732 496 Vita
747 434 865 496 somna
882 436 1003 509 Kepleri.

152 633 278 695 seopum
300 617 459 695 attingeret
479 619 556 678 ratio
577 634 597 678 u
617 636 667 679 me
688 618 818 681 nondum
834 627 880 680 est
901 621 1032 680 inventa.
1051 649 1090 662 -
1120 621 1174 677 Die
1197 622 1239 680 ra
1263 623 1334 680 Dee
1359 624 1424 680 1661
1449 638 1505 679 reo

153 709 265 764 nunciat
276 709 414 765 Fabricio:
447 703 583 765 Ovelitas
605 724 672 766 mea
694 714 790 768 curtat
811 709 916 782 nimis‚·
945 706 1071 767 circulus
1093 707 1252 785 prolongat
1276 709 1379 783 nimis,
1408 712 1505 769 rarit-

151 799 200 853 ert
219 795 251 853 in
273 794 386 868 medio,
408 795 529 871 propior
549 801 649 854 tamen
672 795 810 857 oralitati
832 813 935 870 meae3
971 796 1123 856 omnino
1148 796 1264 873 qnasi
1289 799 1356 857 ria
1378 794 1504 858 llartir

152 888 260 943 esset
285 882 466 960 perieeta
494 879 668 959 ellipsis.
712 882 772 945 Sed
799 883 947 943 nihildum
975 884 1054 944 eirea
1084 882 1162 944 bane
1191 880 1360 960 explorari.
1404 888 1505 944 ostatu

151 972 261 1030 demum
277 989 372 1043 mense
388 974 453 1029 anni
473 973 541 1029 1606
558 972 658 1043 refert,
673 973 747 1043 jam,
765 974 872 1031 edesio
890 973 1041 1045 subducto,
1060 983 1165 1031 eertrrnr
1184 990 1215 1031 se
1233 991 1313 1048 esse,
1330 978 1404 1034 riam
1419 978 1504 1035 Hirti

150 1076 215 1121 esse
231 1061 349 1132 ellipsin.

255 1147 388 1205 Redimus
405 1147 441 1203 ad
459 1146 603 1217 epistolam
621 1147 648 1203 d.
667 1147 773 1205 etalii
792 1149 869 1216 1666,
886 1148 915 1205 in
927 1164 983 1219 qua
999 1150 1135 1220 Keplerns
1153 1151 1223 1209 lraee
1240 1153 1328 1210 reiert
1346 1154 1383 1211 de
1399 1154 1503 1225 (iptiea

152 1236 295 1295 Fabricio:
313 1231 430 1310 Optiea‚
454 1240 600 1307 quatenus
623 1234 730 1310 optieu,
753 1233 890 1311 absolri;
911 1242 1002 1294 restat
1025 1242 1058 1294 ut
1080 1235 1117 1295 de
1140 1252 1196 1295 usu
1219 1236 1335 1311 dicam',
1365 1237 1459 1299 idest
1475 1248 1501 1298 et

153 1320 206 1382 IV.
230 1320 267 1384 V.
289 1319 343 1381 Vl.
378 1319 543 1381 Ptolemaei
572 1320 663 1381 libros
693 1338 769 1396 pene
791 1329 871 1382 totos
900 1324 987 1381 noris
1009 1322 1204 1400 problematis
1232 1328 1410 1403 exprimam.
1449 1326 1500 1386 lm-

153 1425 256 1485 presaa
269 1425 329 1468 non
344 1415 422 1467 sunt
452 1407 564 1484 Magna
580 1407 738 1468 distentas
752 1407 938 1486 imprimendi
952 1411 1017 1470 erit.
1040 1412 1085 1469 Ad
1102 1415 1173 1471 haee
1191 1415 1270 1472 addit
1288 1420 1313 1473 1.
1331 1417 1414 1473 Febr.
1430 1419 1500 1475 ttut:

155 1494 264 1574 Optiea
285 1514 353 1557 mea
372 1495 435 1571 Jam
458 1497 575 1571 penitus
598 1494 715 1556 absolvi
738 1504 768 1557 et
790 1504 878 1576 typos
901 1515 1003 1558 omnes
1026 1497 1064 1558 ad
1090 1504 1151 1559 100
1173 1500 1298 1578 sculpsi.
1342 1500 1415 1563 Jam
1432 1500 1501 1562 laert

152 1585 271 1646 oeeasio
294 1583 480 1662 imprimendi
502 1590 571 1644 auto
593 1583 750 1645 nundinas.
787 1585 916 1647 Detenta
937 1603 990 1663 per
1011 1602 1140 1648 mensem
1162 1588 1283 1648 1111111111
1305 1589 1387 1668 apnd
1401 1588 1498 1650 Caesa·

154 1689 218 1733 rem
239 1688 292 1750 per
313 1669 526 1748 negligentiam
549 1671 805 1734 cubiculariorum.

257 1779 364 1849 Anglus
383 1779 586 1836 Edmundus
602 1780 750 1838 Brutina
767 1782 884 1854 (limos)
902 1784 1065 1840 1111101662.
1089 1783 1232 1842 Florentia
1244 1784 1395 1856 Keplerunr
1411 1785 1500 1843 seraa

152 1869 248 1939 literis,
266 1868 402 1938 equibus
420 1874 550 1939 apparet,
572 1867 651 1924 illum
671 1868 735 1924 dnm
753 1869 860 1941 Pragae
881 1871 1043 1927 versabatur
1058 1871 1180 1942 Keplero
1198 1872 1320 1929 amicitia
1341 1873 1499 1943 eoajnndu

151 1957 248 2016 inisse.
284 1957 406 2013 Nunciat
423 1958 451 2015 in
469 1957 512 2013 bis
531 1955 627 2026 literis,
646 1954 757 2012 dedisse
776 1972 807 2013 se
824 1956 901 2029 prins
918 1956 1025 2013 Patavii
1042 1956 1137 2016 literas
1154 1960 1190 2016 ad
1208 1960 1375 2031 iieplernm,
1390 1962 1499 2018 eisitan

154 2046 295 2116 ldaginnm
314 2045 455 2102 Bononiae
472 2052 501 2100 et
518 2043 697 2100 Prodromum
715 2042 756 2099 illi
776 2044 974 2115 „osoendisse‘,
999 2046 1046 2115 qui
1069 2054 1152 2117 neget
1169 2064 1201 2104 se
1223 2047 1326 2105 librum
1350 2051 1422 2107 bone
1435 2064 1498 2105 arar·

151 2134 229 2204 pisae
245 2139 299 2189 ete.
318 2134 381 2203 (crs.
401 2134 450 2189 rol.
469 2136 502 2186 ii.
522 2150 547 2200 p.
567 2133 640 2200 668.)
669 2132 750 2189 Duae
766 2134 881 2205 insuper
899 2139 1050 2204 supersunt
1066 2134 1202 2205 epistolae
1214 2136 1354 2193 Brutiiad
1366 2135 1497 2209 neptem

151 2221 233 2277 datae
251 2234 323 2276 anno
343 2220 411 2277 1666
430 2219 546 2288 (Patavii
563 2220 606 2277 21.
624 2221 696 2294 Aug.
715 2227 745 2278 et
761 2221 885 2277 venetiis
903 2223 929 2278 5.
949 2222 1028 2289 Nor.)
1052 2223 1187 2291 equibus
1210 2224 1302 2281 elneet
1327 2226 1379 2281 riri
1398 2224 1496 2282 bbere!

147 2308 294 2380 judicium,
320 2308 402 2379 longe
426 2313 573 2378 praestans
598 2306 756 2377 aequalium
778 2307 959 2378 plurimorum
983 2308 1156 2366 tenuitatem.
1204 2311 1238 2367 In
1262 2312 1403 2383 prionbas
1424 2311 1495 2367 lituis

150 2410 257 2453 summa
274 2395 370 2451 scribit
382 2397 496 2451 Brntius
511 2394 657 2465 „laetitia“‚
676 2396 750 2466 quod
768 2402 937 2465 compertum
953 2395 1057 2452 babeat
1073 2396 1161 2453 literis
1177 2413 1213 2454 ex
1224 2399 1493 2470 Gerrnarriaaeeapt'n¹

150 2483 300 2557 lieplernm
317 2485 408 2540 virere
425 2489 455 2539 et
473 2483 577 2540 salrnm
596 2498 668 2541 esse.
706 2484 792 2551 „Nam
809 2498 860 2554 per
877 2498 978 2539 anunm
996 2491 1025 2541 te
1041 2500 1093 2554 pro
1109 2492 1221 2541 mortno
1243 2487 1343 2557 habui,
1367 2498 1396 2545 at
1416 2489 1494 2545 bier!

152 2590 229 2632 meae
252 2576 289 2632 ad
306 2576 348 2632 Te
364 2576 466 2633 missae
489 2587 585 2632 rursus
608 2571 675 2628 mibi
696 2573 822 2628 redditae
845 2580 928 2642 teque
950 2588 1040 2642 neque
1057 2573 1162 2643 Progre
1187 2592 1281 2646 neque
1303 2592 1419 2650 usquam
1436 2578 1494 2633 irtrr

149 2664 273 2721 homines
291 2662 366 2718 riros
384 2663 508 2733 reperiri.
539 2662 615 2731 Ergo
634 2666 662 2715 te
680 2658 806 2716 obtestor
821 2674 953 2730 rogoque,
971 2668 1004 2715 ut
1020 2675 1064 2716 me
1081 2670 1187 2718 eertum
1205 2663 1293 2721 iacias
1312 2665 1346 2722 de
1363 2666 1422 2723 'rna
1436 2664 1493 2720 rair-

151 2752 248 2809 tudine
266 2757 385 2820 tuasque
402 2750 498 2805 literas
515 2751 668 2818 Augustam
687 2748 781 2804 mittas
804 2748 840 2804 ad
857 2748 901 2803 111.
919 2749 1015 2804 Virum
1033 2750 1068 2806 D.
1088 2750 1213 2806 Marcum
1231 2750 1401 2824 walterum,
1421 2766 1493 2809 ιιι

150 2838 352 2906 amicissimum,
372 2844 403 2892 ut
422 2852 470 2892 eas
488 2834 525 2891 ad
542 2852 586 2892 me
603 2838 702 2892 mittat.
728 2837 799 2893 Nam
817 2837 842 2893 si
853 2837 939 2892 semel
956 2843 1019 2893 tuas
1037 2837 1132 2894 literas
1150 2840 1279 2910 resipere
1289 2841 1404 2911 possim,
1419 2840 1493 2897 aaa·

149 2926 184 2980 ad
202 2934 232 2981 te
249 2926 406 2980 mandarem
424 2923 560 2993 quaedam
578 2925 688 2980 inventa
705 2925 867 2994 corpuscula
878 2925 1042 2981 naturaliter
1052 2926 1182 2996 perlecta,
1202 2928 1285 2982 etiam
1299 2929 1392 2985 lorsan
1404 2934 1493 3001 egoni

149 3014 211 3084 ipse
229 3011 263 3068 ad
282 3020 311 3069 te
328 3012 461 3081 volarem,
487 3019 634 3080 antequam
651 3012 688 3068 ad
706 3025 794 3066 meam
810 3009 927 3080 patriam
944 3019 1105 3068 reverterer.
1141 3013 1213 3068 b'arrr
1232 3015 1330 3071 nullus
1348 3024 1392 3072 est
1407 3016 1493 3071 111111

148 3101 335 3171 boemundo,
359 3117 421 3157 cunr
448 3116 503 3170 quo
526 3100 656 3154 libentior
673 3098 840 3168 oouloquar3
865 3114 928 3154 nam
951 3099 1093 3164 siscitari,
1117 3107 1252 3169 qnantum
1271 3110 1300 3157 et
1317 3104 1424 3172 quoties
1438 3102 1495 3156 inter

150 3204 244 3245 omnes
261 3189 384 3245 literatos
402 3188 489 3244 totius
507 3187 605 3242 italiae
624 3187 658 3242 de
676 3193 705 3243 ts
722 3185 856 3258 loquutus
874 3188 935 3251 sim,
954 3185 1058 3242 diceres
1071 3201 1182 3243 menon
1194 3188 1286 3244 solnm
1303 3191 1345 3247 tui
1358 3198 1495 3247 amatam

149 3277 199 3334 sed
219 3278 335 3333 amicum
354 3276 422 3333 iore.
453 3276 518 3331 Dixi
537 3275 593 3331 illis
611 3274 646 3329 de
663 3281 713 3329 tua
731 3273 849 3329 mirabili
866 3275 1023 3329 inventione
1040 3274 1068 3329 in
1086 3282 1145 3330 arte
1157 3277 1273 3341 musica,
1294 3277 1331 3332 de
1348 3278 1495 3336 observate

147 3366 228 3424 nibus
246 3366 353 3437 Martis,
371 3373 503 3436 tuumque
517 3364 696 3421 Prodromum
713 3361 807 3418 multis
819 3362 977 3429 monstrari,
995 3377 1077 3431 quem
1093 3378 1189 3418 omnes
1207 3364 1325 3421 landant
1341 3367 1497 3438 reliquesq!

147 3463 211 3512 tuos
229 3454 314 3511 libros
333 3454 410 3508 aride
428 3460 600 3523 exspectant.
630 3451 758 3520 binginns
776 3449 956 3504 Prodromum
974 3464 991 3503 a
1008 3449 1128 3517 quodam
1145 3449 1232 3505 nobili
1245 3450 1357 3509 Veneto
1373 3468 1422 3524 pro
1438 3453 1496 3509 ln·

146 3545 302 3615 nuperrime
322 3542 443 3613 aceepit,
467 3541 608 3597 Galilaeae
632 3546 709 3595 tuum
734 3534 833 3593 librum
857 3537 941 3592 babet
965 3541 1069 3605 tuaque
1092 3537 1205 3593 inventa
1229 3546 1367 3608 tanquam
1388 3554 1435 3597 a·
1449 3536 1495 3595 ιὰ

59 3682 65 3691 .
148 3631 320 3690 auditoribus
338 3629 490 3701 proponit“
506 3673 513 3686 .
528 3672 536 3686 .
550 3671 557 3684 .
573 3672 579 3685 .

251 3720 296 3775 Ex
309 3720 395 3775 literis
415 3719 487 3773 datis
499 3720 523 3773 5.
537 3717 607 3773 Nor.
622 3721 746 3785 apparet,
759 3712 909 3783 lieplernm
920 3712 1098 3782 respondisse
1110 3715 1146 3781 (l.
1160 3714 1258 3784 Sept).
1277 3716 1393 3773 Brnrins
1403 3712 1493 3785 mari,

148 3824 260 3881 sperare
277 3823 309 3864 se
320 3807 437 3876 Proqam
455 3807 490 3862 ad
503 3804 655 3875 lieplerum
671 3803 763 3858 redire
780 3817 864 3871 posse
884 3808 948 3868 „tuo
967 3801 1058 3857 divino
1076 3801 1216 3857 consortio
1236 3802 1363 3871 gaudere
1380 3800 1495 3870 mae

146 3905 195 3953 tua
218 3897 350 3955 eoelestia
374 3911 458 3966 opera
479 3894 651 3950 observare.
693 3889 744 3944 ilis
767 3888 907 3959 subjungit
933 3888 1155 3955 „dubitationes‘
1182 3902 1251 3944 snas
1277 3890 1306 3944 in
1333 3890 1492 3947 monna:

149 3986 178 4054 l)
195 3984 321 4053 mundos,
341 3982 478 4052 opinatur,
498 3996 559 4037 esse
576 3977 708 4045 infinitos,
726 3978 864 4046 11661111
881 3976 943 4032 rebi
961 3978 1132 4033 reloeissime
1148 3976 1177 4031 in
1195 3992 1249 4032 sno
1267 3977 1333 4034 loeo
1350 3980 1494 4035 1111111111

146 4086 241 4140 suum,
261 4071 292 4141 3)
309 4079 413 4125 motum
438 4069 512 4123 bunc
530 4066 609 4135 sequi
627 4064 769 4136 planetas,
789 4066 879 4135 qualia
897 4066 934 4120 sit
952 4066 1034 4120 etiam
1052 4066 1152 4133 Terra;
1177 4065 1206 4129 i)
1225 4066 1329 4123 stellas
1346 4068 1416 4124 dm
1431 4064 1493 4122 &b

147 4172 209 4214 ease
228 4158 272 4223 „in
290 4174 345 4213 non
363 4156 461 4212 minori
478 4156 579 4211 mundo
596 4153 651 4209 boe
668 4161 765 4209 nostro
783 4154 987 4223 planetarum⁸;
1015 4154 1046 4219 6)
1065 4157 1155 4206 airam
1180 4167 1246 4207 este
1263 4154 1341 4211 inter
1356 4155 1493 4211 rma

148 4246 257 4311 stellas;
283 4247 314 4314 6)
334 4245 448 4301 {ormam
467 4245 569 4299 Terrae
588 4242 624 4298 ad
642 4242 747 4298 oralem
765 4243 881 4312 liguram
899 4242 1044 4309 accedere3
1070 4240 1100 4306 7)
1119 4236 1192 4293 Solia
1209 4248 1242 4294 et
1259 4240 1405 4298 atellam
1420 4240 1493 4295 ΙΙΙ

146 4348 181 4389 ex
199 4348 293 4390 eorum
311 4340 386 4389 ruotu
405 4332 563 4405 procedere,
581 4328 707 4399 planetas
720 4344 784 4385 rero
797 4346 814 4385 a
826 4328 892 4385 Sole
909 4328 1066 4384 illuminari.
1087 4325 1180 4391 ,Haeo
1191 4327 1262 4383 mibi
1273 4328 1403 4385 rideatur
1411 4324 1491 4399 pah

146 4420 220 4490 bilia,
240 4421 288 4477 sod
307 4438 380 4477 nune
392 4436 447 4476 non
466 4427 509 4475 est
525 4416 592 4475 mihi
603 4418 646 4473 rel
664 4422 773 4487 tempos
791 4415 835 4471 rel
853 4414 986 4486 probandi
1005 4415 1096 4482 loeus,
1113 4413 1181 4469 milri
1197 4423 1244 4470 sat
1261 4418 1326 4487 erit,
1344 4418 1369 4474 si
1385 4426 1451 4473 tu
1463 4410 1491 4465 b

146 4509 190 4565 his
208 4510 373 4565 sententiam
392 4508 490 4565 elicere
514 4507 626 4577 possim.
662 4504 775 4562 Interim
797 4518 901 4574 quaeso
926 4505 1039 4573 ignosce
1064 4503 1198 4559 audoeiaa
1219 4518 1300 4561 meae
1317 4512 1349 4562 et
1364 4507 1436 4563 rm
1449 4501 1489 4555 lu

148 4596 242 4654 literas
260 4597 295 4652 ad
313 4603 391 4652 tuum
409 4596 526 4651 ricinum
543 4598 747 4661 (vestierunt)
765 4599 794 4649 et
810 4608 900 4649 meum
918 4594 1043 4649 amienm.

251 4683 324 4739 Num
342 4682 378 4738 ad
396 4683 466 4737 haee
483 4681 656 4751 responderit
674 4679 809 4750 lieplerns
826 4694 922 4749 necne,
940 4680 1085 4735 nescimus.
1111 4678 1271 4751 Adseripsit
1286 4678 1486 4745 rerumr-

150 4762 231 4818 turo:
249 4760 285 4816 ad
303 4764 332 4816 l:
359 4757 428 4817 Hoe
456 4755 680 4833 praeambulum
711 4757 827 4817 obstitit
856 4755 944 4831 mibi,
975 4772 1035 4831 quo
1064 4756 1162 4815 miuus
1193 4774 1294 4819 essem
1316 4766 1438 4821 mma
1454 4748 1484 4809 al

147 4847 311 4925 tequemio.
349 4848 394 4906 Ad
411 4849 438 4920 2,
455 4850 482 4919 3,
499 4849 530 4905 t:
558 4843 642 4905 llaec
672 4842 792 4921 quidem
812 4858 931 4923 semper
951 4845 1049 4920 tenui,
1078 4841 1133 4906 sed
1154 4843 1280 4908 Mum
1299 4864 1362 4909 ιη.
1379 4853 1483 4919 με.
