3308 5534
162 378 229 451 742
673 374 739 435 vtta
754 374 871 437 intuma
888 374 1011 447 itepiort

159 568 247 627 pense
264 551 402 611 addictum
418 568 468 625 per
486 558 542 607 tam
559 550 728 623 importunas
746 550 841 609 literas
859 551 1017 609 alieniorem
1035 557 1063 608 et
1073 552 1164 609 minus
1181 552 1324 611 faventem
1338 554 1443 627 adim,
1457 558 1497 615 set

160 641 190 699 in
206 646 346 713 posterum
364 644 393 695 te
409 638 615 710 prudentiorem
633 645 663 696 et
677 637 888 697 moderatiorem
904 638 1036 696 exhibeas
1048 639 1212 711 praesertin
1230 654 1299 713 erpa
1317 656 1387 715 eun,
1402 642 1497 713 quiin·

160 732 243 785 antea
257 743 324 796 erpa
335 734 364 783 te
375 742 476 799 magna
486 726 620 799 patientia
631 732 674 783 est
686 743 754 787 usus
772 733 801 784 et
817 728 869 783 tihi
885 727 996 799 tuisque
1008 744 1091 797 quam
1103 727 1206 798 optime
1218 742 1255 783 ex
1266 728 1360 785 animo
1370 730 1461 801 eupit*
1472 760 1497 773 -

263 814 448 873 Difficultates
463 815 519 872 hae
536 815 608 871 inter
625 813 783 885 Tychonem
800 820 829 871 et
845 812 995 886 Keplerum
1012 813 1112 871 iterum
1130 822 1208 871 ortae
1225 822 1292 886 post
1309 816 1424 875 reditum
1437 818 1498 889 lise

158 902 210 959 leri
228 904 330 972 (mense
347 903 481 972 Augusto)
504 902 673 974 compositae
691 916 752 957 esse
770 900 910 972 ridentum
934 900 963 956 in
981 901 1097 973 qratiam
1115 892 1256 973 T'ychonis
1278 908 1407 975 receptus
1426 912 1464 961 est
1475 916 1498 961 et

159 1006 200 1059 aa,
218 1006 289 1060 quae
307 990 401 1061 Tycha
419 990 473 1059 ipsi
490 988 659 1047 elaboranda
676 987 823 1053 commisit,
840 988 957 1045 fideliter
973 989 1092 1062 peregit,
1114 988 1226 1047 libellos
1243 992 1408 1063 comeripalt
1421 1000 1499 1049 emta

157 1076 259 1133 Ursum
276 1084 305 1133 et
319 1076 455 1147 Craiqium
468 1077 537 1145 (pL
552 1083 604 1132 217
617 1095 651 1134 ae.
666 1084 692 1129 et
703 1076 774 1145 280),
792 1076 891 1145 quibus
908 1076 1068 1147 Tychonem
1085 1074 1209 1133 defendit
1226 1082 1327 1133 contra
1337 1078 1400 1135 llrai
1414 1079 1497 1135 mlo}

39 1200 47 1213 .
158 1164 227 1233 nias,
244 1170 275 1220 et
294 1162 394 1234 Graigii
412 1164 576 1219 sententiam
594 1163 629 1219 de
647 1162 761 1219 cometis
786 1161 897 1219 refutat.
931 1163 1010 1219 Haec
1027 1162 1087 1233 ipse
1103 1162 1191 1219 refert
1207 1164 1362 1235 lieplerua:
1391 1162 1497 1241 llbtp-

158 1248 264 1308 tembri
278 1249 419 1325 inquisivi
432 1250 678 1308 eoceutricitatem
693 1246 781 1320 Solis,
805 1247 835 1305 in
849 1262 908 1323 quo
930 1245 1031 1307 labore
1046 1244 1149 1325 'l'ycho
1164 1258 1301 1309 mortuus
1316 1256 1371 1309 est.
1404 1248 1497 1311 Hens'a

158 1336 245 1397 nobis
268 1352 304 1397 co
328 1334 457 1397 curando
481 1334 550 1396 dum
566 1341 733 1414 aegrotaret
755 1341 785 1395 et
800 1332 969 1412 sepeliendo
986 1342 1101 1394 mortuo
1117 1346 1302 1396 consumtus.
1340 1334 1498 1415 ludeosqas

156 1420 196 1483 ad
222 1422 310 1483 ferias
338 1422 488 1483 natalitiae
515 1420 607 1499 relegi
635 1422 933 1501 Propymrsoemota,
965 1422 1068 1499 scripsi
1097 1420 1239 1497 indicem,
1270 1426 1394 1503 conoepl
1418 1436 1496 1499 mian

157 1526 282 1589 quarum
304 1508 432 1588 aliquae,
454 1510 589 1587 privatae
603 1511 774 1570 monitionis
796 1526 887 1571 causa
907 1509 1043 1585 scriptae,
1066 1508 1256 1586 postmodum
1277 1528 1334 1589 per
1354 1510 1497 1573 slmnhte

156 1605 273 1659 nocuas
296 1614 343 1659 ms
364 1614 423 1657 non
446 1596 574 1675 amplius
596 1595 730 1659 consulto
753 1596 871 1658 fuerunt
891 1596 934 1657 ita
955 1594 1065 1656 ruditer
1081 1603 1112 1657 et
1126 1596 1264 1672 eruditor,
1288 1606 1325 1659 nt
1338 1608 1496 1661 ereata!

155 1692 324 1764 conceptae,
349 1686 421 1746 citra
443 1702 558 1747 omnem
580 1688 786 1747 necessitatem
807 1686 979 1762 impressae,
1003 1684 1135 1758 conellio,
1159 1691 1192 1744 ut
1206 1686 1302 1763 ajunt,
1325 1702 1364 1747 ue
1377 1686 1496 1749 tus·

155 1790 211 1851 ego
234 1788 294 1851 quo
318 1772 520 1834 calumniarer.
543 1806 586 1818 -
607 1772 726 1834 Mortuo
749 1770 891 1857 'ly-chone
914 1770 1071 1831 Barwitius
1099 1770 1171 1832 mibi
1194 1778 1247 1833 26.
1271 1770 1409 1837 Octobris
1433 1774 1496 1835 ulna

153 1860 293 1921 salarium
324 1859 501 1922 Caesareum
527 1863 734 1938 annunciavit3
763 1860 794 1921 id
817 1867 851 1920 ut
878 1857 1095 1920 confirmaretur
1122 1859 1285 1937 petendum
1314 1871 1391 1938 erat,
1419 1860 1496 1925 aas

152 1947 272 2011 tandem
296 1954 325 2009 9.
348 1946 448 2008 Martii
474 1951 567 2010 1602.
591 1951 715 2028 primam
737 1948 839 2025 accepi
861 1948 1027 2026 pecuniam.
1050 1979 1094 1991 -
1115 1946 1220 2025 'Pytho
1236 1946 1371 2011 Brabeus
1389 1950 1419 2009 Ιιι
1432 1948 1495 2011 nint

151 2036 192 2097 D.
214 2034 293 2095 Erici
316 2034 413 2096 Brabe
435 2043 606 2115 aspectante
628 2054 676 2099 ms
698 2036 870 2114 exspiravit.
914 2032 1081 2097 Moriens
1104 2053 1123 2096 a
1145 2051 1215 2109 ms,
1245 2053 1358 2115 quem
1386 2040 1420 2097 le
1439 2038 1494 2099 co·

151 2122 308 2202 pernici
339 2126 541 2185 sententia
570 2142 654 2187 esse
679 2124 846 2197 sciebat,
877 2122 1014 2200 petiit,
1042 2123 1104 2182 uti
1130 2122 1168 2181 in
1196 2138 1268 2185 sua
1294 2123 1494 2205 hypothesi

43 2278 52 2295 ‚
153 2212 286 2273 omnia
309 2207 615 2276 demonstrarem.

254 2310 397 2368 hfontuum
410 2312 568 2384 Tpohonem
580 2310 717 2384 Keplerns
734 2316 897 2385 prosecutus
914 2316 958 2367 eat
967 2309 1071 2383 Elepio
1086 2310 1119 2367 ia
1135 2310 1242 2370 obitam
1259 2312 1398 2385 holonia
1406 2312 1492 2381 lisele

153 2410 235 2470 quam
252 2398 299 2455 fol.
320 2398 373 2457 138
389 2415 426 2456 ss.
445 2400 642 2471 praemisimus.

255 2486 386 2559 'lychone
398 2488 541 2545 etiamtum
552 2488 612 2545 uiso
625 2488 742 2558 Pragam
753 2485 828 2543 uenit
839 2484 916 2542 initio
930 2484 995 2542 anni
1008 2486 1086 2543 1601.
1108 2484 1260 2544 Derides
1272 2488 1453 2549 Fabricius
1465 2504 1490 2545 aa

151 2574 241 2631 Frisla
259 2573 392 2646 orientali,
410 2576 506 2633 literas
519 2591 611 2633 secum
622 2574 713 2631 ferens
726 2572 971 2631 commendatorias
989 2573 1188 2630 Eberhardi
1207 2574 1354 2645 Sobele,
1372 2574 1490 2635 erlulfi

153 2662 260 2719 Frlnfae
279 2664 452 2730 ,secretarii“
466 2663 523 2733 (etr.
536 2668 583 2717 iii.
597 2666 674 2733 tut),
692 2662 740 2733 qui
756 2668 856 2732 postea
874 2661 928 2731 (id.
941 2660 1030 2731 lunii)
1047 2660 1116 2717 haec
1134 2660 1212 2719 dedit
1229 2660 1267 2719 ad
1284 2662 1437 2735 Tyrione·
1452 2680 1489 2729 ,ιι

152 2766 216 2809 aree
233 2750 403 2808 innomi:
423 2752 502 2820 ,Non
521 2751 624 2821 dubito,
642 2766 718 2809 meas
735 2767 790 2808 una
808 2764 870 2806 oum
888 2748 985 2819 latore,
1004 2750 1037 2804 D.
1050 2748 1175 2805 Fabricio
1194 2758 1303 2818 notun,
1319 2760 1349 2809 te
1365 2754 1489 2825 tomba

150 2838 215 2897 lion
230 2838 309 2911 potui
326 2840 392 2909 quin
410 2846 439 2895 te
456 2840 511 2897 hac
528 2838 660 2897 schedula
675 2838 825 2908 inciacum,
844 2836 1051 2907 sciscitaturus,
1068 2853 1133 2893 uum
1153 2838 1247 2897 salem
1264 2856 1299 2897 ac
1316 2838 1489 2899 incolumiaal

150 2944 200 2985 sos
222 2929 385 2997 pervenerit.
420 2928 511 2985 hinlta
535 2942 634 2998 nempe
655 2925 794 2983 metuebat
817 2932 901 2995 atque
926 2934 957 2981 ut
979 2926 1046 2980 mihi
1071 2924 1216 2983 videbatur
1238 2928 1293 2987 sibi
1319 2930 1489 3001 peremerint
1530 2926 1532 2951 ²

150 3015 230 3085 quasi
247 3029 303 3070 nou
321 3015 380 3070 sine
398 3014 521 3085 periculo
539 3016 593 3071 hoo
615 3012 669 3069 iter
685 3012 820 3084 perficere
837 3019 944 3085 posset.
971 3012 1137 3069 Persuasum
1155 3029 1221 3071 sero
1239 3014 1341 3087 habeo,
1358 3016 1489 3073 Fabrici·

150 3100 314 3159 incolumem
339 3115 371 3157 ac
389 3099 494 3158 susum
518 3102 573 3158 bue
594 3102 783 3158 reversurum¹⁴
802 3104 854 3157 etc
876 3130 911 3141 —
929 3101 1035 3172 Prapae
1057 3115 1170 3158 versans
1195 3101 1344 3161 Fabricius
1365 3102 1489 3175 lieplflu
1529 3142 1532 3157 .

150 3189 255 3246 frustra
272 3187 383 3245 visitare
399 3188 486 3245 soluit
504 3188 667 3259 absentique
684 3188 778 3245 literas
791 3188 866 3245 dedit
882 3204 964 3259 seqre
981 3188 1073 3245 ferens
1084 3186 1159 3245 litim
1171 3188 1326 3245 absentiam
1339 3190 1426 3259 (efnl.
1436 3192 1489 3257 wi

149 3290 220 3345 quas
245 3275 320 3330 hreni
343 3274 529 3345 sequebantur
553 3277 624 3333 aliae
646 3293 681 3332 ox
701 3275 802 3347 idus,
827 3276 899 3333 uude
922 3284 983 3332 orta
1005 3282 1049 3333 est
1065 3274 1239 3333 familiaritas
1260 3278 1337 3334 inter
1356 3288 1489 3349 ιιιιιιιιιι

149 3378 200 3434 per
217 3367 307 3419 totum
325 3363 486 3420 decennium
503 3381 559 3421 non
577 3364 742 3421 intermissa.
779 3364 971 3433 (Rolienbagtue
990 3368 1016 3422 d.
1037 3370 1080 3423 lb.
1097 3366 1161 3430 liajt
1176 3370 1245 3419 leot
1264 3368 1382 3433 munet
1397 3372 1489 3433 nuru,

149 3444 292 3497 Fabricium
311 3459 341 3495 es
358 3448 447 3495 itinere
465 3461 520 3510 suo,
540 3448 607 3511 qnod
619 3447 653 3496 ad
666 3446 739 3497 illum
751 3448 897 3509 instituerit,
915 3448 1032 3503 rediisse,
1050 3444 1179 3508 Tychonis
1196 3448 1298 3516 stadie,
1317 3456 1347 3499 ut
1363 3456 1489 3509 nm

150 3524 339 3576 wmmendanse
356 3526 593 3592 observationesque
612 3540 670 3576 enas
691 3540 777 3576 coram
798 3526 950 3592 oetsndtaae,
976 3532 1001 3576 et
1018 3526 1058 3575 hle
1074 3522 1151 3576 finem
1171 3526 1246 3579 feeit:
1272 3526 1368 3591 ,uniet
1390 3530 1489 3597 prem

149 3606 321 3668 Ganymedem
339 3610 392 3656 taur
415 3604 554 3668 elegantem
572 3606 670 3659 Frisios
687 3610 774 3675 potius
791 3610 869 3659 bores
886 3620 1002 3671 peecare,
1026 3618 1105 3672 quam
1122 3606 1155 3654 ab
1177 3606 1269 3673 aquila
1291 3606 1389 3659 desinit
1409 3614 1489 3677 rap·

148 3686 206 3735 Dllt
222 3685 251 3733 in
269 3686 339 3735 coelo
357 3686 535 3751 minimest)

252 3768 342 3826 Amici
359 3776 388 3826 et
404 3769 524 3828 fautores
542 3770 656 3842 Kepleri
672 3776 788 3827 mortem
799 3769 939 3841 'Pythonis
957 3768 985 3825 in
1002 3769 1104 3826 bonnm
1116 3772 1262 3839 augurium
1281 3772 1431 3831 vertebant.
1455 3772 1488 3829 st

149 3858 296 3928 theologus
318 3857 604 3917 Hafenrofferus
627 3859 723 3916 scribit
746 3860 800 3929 (14.
823 3862 887 3914 tior.
910 3862 1003 3929 tootl:
1028 3858 1071 3914 De
1093 3866 1182 3915 morto
1206 3859 1351 3932 Tpehonia
1371 3876 1424 3917 noa
1444 3860 1488 3915 ιἰι

147 3961 247 4016 magno
264 3944 361 4002 dolore
378 3945 478 4004 audiri.
491 3987 499 4004 .
512 3986 519 4005 .
533 3987 563 4003 ..
609 3948 720 4004 Lenirit
737 3946 859 4004 dolorem
876 3961 955 4017 spes,
974 3961 1044 4018 quae
1062 3962 1126 4002 eum
1142 3948 1225 4003 nohis
1242 3946 1487 4021 mpenetitenftfl',

148 4033 197 4105 qui
216 4034 308 4091 divina
325 4034 437 4105 adjutm
456 4050 509 4106 ope
526 4035 687 4106 imperfecta
704 4034 843 4106 'lychonis
860 4050 946 4105 opera
962 4033 1095 4105 perficere
1113 4042 1217 4104 potest.
1251 4035 1333 4105 Quae
1349 4052 1394 4093 rea
1408 4038 1443 4093 ita
1454 4046 1487 4089 ι

147 4120 257 4189 refecit,
280 4125 311 4177 ut
332 4129 464 4191 quantam
487 4122 589 4179 doloris
611 4123 772 4179 immaturus
793 4121 842 4178 ille
864 4120 1003 4193 tychonis
1026 4121 1116 4179 obitus
1138 4124 1206 4179 mihi
1224 4124 1378 4195 ιιιιΙίιιιι,
1400 4134 1485 4179 teat·

147 4209 240 4278 madii
258 4215 288 4266 et
304 4210 548 4281 cougratulationis
570 4211 641 4269 haec
663 4210 719 4268 dds
736 4210 905 4267 successoris
928 4208 1080 4266 dexteritas
1103 4210 1263 4269 felicissime
1285 4222 1395 4285 sperata
1410 4224 1484 4283 up*

147 4296 269 4353 adderet
288 4325 323 4337 -
340 4297 546 4355 Hermastus
564 4301 599 4367 (t.
617 4300 720 4369 Dochi:
734 4339 742 4354 .
755 4338 764 4356 .
779 4338 807 4355 ..
826 4298 883 4355 ltan
900 4297 946 4355 ich
964 4298 1004 4353 lm
1016 4298 1241 4369 parnitrathen,
1258 4296 1483 4363 dmllrnffl

148 4384 236 4440 ander
251 4382 302 4440 Ort
319 4383 416 4440 eeokh
440 4387 574 4455 trnohtet‚
598 4385 673 4444 (ὶιιιιιι
690 4384 735 4443 ioh
753 4386 799 4442 fiir
815 4386 985 4457 meeifelig
1007 4387 1097 4457 holte,
1120 4388 1162 4444 Er
1179 4388 1271 4446 werde
1289 4390 1379 4447 ᾱὶιιιι
1393 4384 1480 4445 tlttss

146 4472 266 4528 lintrem
282 4488 318 4528 an
336 4489 459 4543 messem
470 4475 643 4532 Aninehmen
655 4476 793 4546 kommen,
813 4473 850 4532 da
866 4475 911 4532 ich
929 4474 1013 4545 deun,
1030 4491 1062 4530 so
1074 4475 1128 4532 viel
1140 4490 1176 4531 an
1188 4476 1249 4547 rnir,
1267 4472 1478 4535 meriritum

147 4559 240 4617 helien
264 4560 328 4620 siit.
365 4562 456 4619 Ailein
480 4566 537 4621 saie
559 4580 589 4621 er
613 4571 693 4623 caute
716 4572 744 4621 et
769 4565 980 4636 cucnmspocte,
1006 4564 1071 4622 dass
1094 4581 1126 4620 er
1148 4564 1267 4622 beiden
1286 4566 1378 4623 Erben
1392 4564 1417 4619 ie
1430 4562 1476 4617 ΕΙ

147 4650 299 4708 ldhtrmen
317 4652 433 4707 komme.
471 4653 507 4708 So
524 4653 604 4710 eone
622 4653 682 4710 sich
699 4652 750 4710 der
766 4653 839 4710 Herr
855 4653 906 4710 mit
923 4653 972 4710 der
989 4652 1150 4725 Beeoldnnq
1167 4654 1210 4711 nit
1226 4671 1259 4713 so
1278 4648 1473 4727 menidi

147 4752 267 4807 qsaogen
286 4738 455 4810 bamhiaqed
471 4740 576 4811 latren,
601 4740 720 4798 sondern
737 4740 799 4799 eine
817 4742 912 4799 sterio
933 4742 1120 4813 ausuhqliohe
1137 4742 1301 4815 Beaoldunp
1316 4736 1471 4825 Μ

146 4824 201 4885 end
218 4826 322 4887 dnmih
339 4826 449 4905 nit'pro
469 4829 624 4899 quantitate
641 4829 766 4903 corporis
783 4834 813 4889 et
829 4830 966 4891 tenuitas
977 4830 1076 4901 dmm,
1092 4830 1144 4891 sed
1154 4846 1207 4903 pro
1225 4820 1469 4905 untutmn'·
