3308 5534
495 386 1035 453 uomusomunaruaontsun
1392 376 1439 469 'at

78 562 199 623 reddidit
208 564 335 625 raiidiua.
358 565 428 625 Vide
440 580 528 625 meam
540 578 602 627 eunt
619 569 673 627 boo
690 570 791 627 uuneio
808 568 1035 627 Dissertationem
1052 568 1100 625 iol.
1114 570 1158 626 tl.
1193 568 1232 627 ut
1247 570 1304 628 buo
1319 570 1442 643 pertinet

78 654 137 701 tota
154 646 284 717 epistola,
303 662 385 717 quam
403 647 580 719 appendicem
599 650 654 707 ieui
670 651 779 707 adhue
796 650 943 711 Somnium.
962 664 1024 707 oure
1043 648 1320 706 demonstrationibus
1336 650 1404 708 suls.

183 726 342 797 21110801
360 727 457 785 ooalua
478 728 570 787 nullus
591 745 712 801 unquam
730 731 806 787 sidit.
841 730 927 787 vites
943 738 1036 785 tamen
1056 728 1085 783 iu
1102 728 1241 784 mentione
1257 729 1440 798 prirolrarum

76 805 223 863 ntiouem.
259 806 341 863 Valet
357 821 392 863 aa
407 808 533 865 nimirum
556 810 689 882 imprimis
711 810 764 871 ibi.
787 808 834 866 ubi
855 808 975 865 namur
997 806 1173 879 intemperies
1195 817 1224 864 et
1244 806 1442 867 ualentissima

76 882 240 941 vicissitudo
257 884 466 949 aurumiaestut
484 891 636 961 summique
652 889 769 959 iriporia·

183 963 310 1019 211111
327 964 463 1022 redonam
480 967 584 1039 ipsam,
609 968 746 1025 desertum
769 966 804 1023 ab
822 964 948 1022 omuibus
965 966 1135 1024 documentis
1158 965 1243 1022 maus.
1280 966 1318 1021 At
1334 966 1359 1022 si
1374 970 1442 1023 tune

76 1042 254 1099 substitisset
270 1042 351 1111 mibi,
375 1045 484 1103 Lunam
501 1048 662 1107 totbabero
680 1049 826 1119 depressas
842 1047 969 1105 lacunae,
987 1060 1056 1114 quas
1073 1045 1101 1099 la
1120 1045 1208 1101 lueem
1225 1044 1342 1114 protulit
1358 1044 1441 1101 tubus

75 1120 202 1183 Galilaei.
218 1132 269 1179 aut
284 1123 310 1179 si
328 1122 506 1183 Plutarchum
523 1125 651 1196 heleseu
669 1127 704 1183 de
723 1142 809 1197 spero
827 1124 947 1179 ileeutee
963 1123 1142 1193 fabulantem,
1159 1122 1242 1179 oredo
1260 1122 1381 1179 liberiori
1397 1140 1442 1181 aa·

75 1198 148 1257 lamo
167 1200 300 1271 dogmata
316 1201 473 1261 dietasaem.

182 1282 246 1339 212.
265 1282 352 1337 Terra
362 1283 475 1353 inquam
488 1283 645 1341 Selenitide
666 1284 824 1341 Animantia
840 1281 986 1339 censebam
998 1280 1152 1350 analogiam
1163 1278 1266 1336 habers
1278 1280 1313 1336 ed
1325 1288 1443 1341 montes.

75 1358 145 1415 Vide
163 1360 278 1417 Aaron.
298 1372 404 1433 partem
422 1364 547 1434 Optieam
565 1364 691 1420 101250.
727 1364 786 1419 Neo
803 1370 909 1418 tantum
926 1376 1071 1431 eorporuuu
1089 1374 1124 1417 sa
1141 1360 1282 1429 proportio
1301 1360 1335 1415 ad
1347 1370 1443 1417 nostra

77 1438 232 1505 amaria,
250 1438 300 1495 sed
318 1440 401 1495 etiarn
418 1441 587 1511 facultatum,
606 1442 811 1511 respirationis,
829 1439 922 1507 buu,
941 1441 1016 1508 sitis,
1034 1438 1194 1507 uigiliarum,
1212 1438 1315 1510 somni,
1333 1436 1444 1507 laboris,

77 1514 188 1585 quietis.
225 1516 356 1575 Testatur
373 1522 533 1589 magnitudo
551 1539 664 1593 operum
681 1538 716 1577 er
735 1521 886 1591 appendice
903 1518 1075 1590 potissimum
1093 1516 1299 1589 conspicienda,
1324 1526 1444 1575 teatsttrt

80 1603 106 1649 et
119 1596 293 1653 eontiuuitae
308 1612 472 1655 excessuum
491 1600 590 1657 caloris
607 1612 637 1658 et
653 1601 764 1673 frigoris
781 1608 811 1656 et
827 1600 927 1655 raritas
944 1596 1189 1667 relociliatlouum3
1206 1596 1241 1653 de
1258 1612 1314 1667 quo
1331 1596 1393 1654 ride
1409 1598 1442 1653 ll·

77 1672 179 1731 bellum
199 1674 342 1733 Plutarchi
359 1678 426 1734 lolio
447 1680 523 1738 tiae.

183 1756 248 1811 213.
265 1754 311 1811 Ex
328 1755 456 1812 thesibus
479 1758 533 1815 boe
550 1760 779 1831 Tubingenaibus.
815 1760 854 1815 Et
870 1758 925 1815 hoo
942 1770 1052 1827 quoque
1075 1754 1111 1811 ad
1134 1756 1276 1827 analogiae
1296 1758 1441 1829 diomnreh,

82 1832 161 1903 enjus
185 1834 224 1889 ab
247 1834 359 1891 ineunte
378 1844 469 1893 aetate
491 1838 531 1893 lui
548 1838 810 1896 observantissimus.
847 1837 925 1906 Quae
942 1835 1082 1907 proportio
1100 1843 1192 1892 motus
1215 1838 1330 1893 lixarum
1348 1837 1444 1895 tenutas

78 1913 137 1969 u'mi
154 1928 246 1985 peaes
267 1930 319 1971 uoa
336 1914 372 1970 ad
394 1917 581 1973 restitutiones
604 1918 774 1988 singulorum
791 1916 963 1987 planetarum
986 1915 1128 1985 ipsiusque
1146 1914 1215 1971 adeo
1233 1916 1352 1973 Telluris
1370 1914 1443 1973 diur-

79 2008 141 2047 num
159 1994 273 2061 breues,
291 2008 325 2050 ea
341 1994 409 2049 mibi
426 1994 485 2051 risa
502 2002 546 2052 est
561 2011 624 2054 eeee
641 1996 783 2068 proportio
801 1995 900 2050 amatis
918 1994 1052 2049 humanae
1064 1994 1099 2050 ed
1111 1995 1210 2050 molem
1228 2012 1373 2067 corporum
1386 2012 1444 2053 nro·

79 2069 176 2128 diram
215 2072 294 2143 Ergo
315 2074 435 2131 vicissim
459 2073 595 2135 nauus.
620 2090 681 2131 oum
704 2075 777 2130 iiras
794 2080 963 2129 reuertuntur
982 2071 1099 2129 salerius
1117 2090 1198 2143 quatu
1217 2076 1365 2148 Saturnus,
1384 2074 1444 2133 dies

78 2158 174 2207 souma
193 2150 232 2207 ait
248 2151 403 2221 miaeuuplo
420 2151 528 2221 longior
545 2162 651 2221 noema,
674 2152 785 2207 brevem
807 2151 990 2207 animantibus
1011 2151 1109 2221 vitam,
1135 2154 1304 2209 incrementa
1326 2152 1446 2210 maxima

79 2230 227 2287 uiuueuda
250 2232 362 2301 sensui,
384 2239 417 2287 ut
437 2232 505 2287 nihii
522 2231 557 2287 ad
575 2231 781 2289 eonsiateutiam
800 2230 954 2299 pervoniat,
979 2230 1070 2285 omnis
1091 2232 1120 2286 iu
1137 2232 1233 2288 mediis
1251 2234 1388 2289 intereant
1403 2234 1445 2289 iu·

78 2310 235 2368 uenenum
271 2310 304 2365 lu
321 2309 445 2366 thesibus
462 2311 499 2366 ad
517 2312 629 2381 politica
645 2310 755 2379 transii,
780 2308 945 2365 uniuersalis
961 2308 1066 2365 crebris
1083 2310 1262 2381 maximisque
1279 2310 1444 2369 vicissitudi-

78 2388 157 2445 nibua
176 2402 243 2445 asae
260 2386 393 2451 obnoxia,
411 2388 578 2459 privatorum
595 2406 641 2446 rea
659 2390 817 2459 frequenter
832 2402 955 2455 magnas.

182 2466 251 2523 214.
269 2468 338 2523 Cura
354 2482 443 2536 aquas
460 2467 591 2539 prieoiris
608 2468 785 2531 ademissem,
809 2476 902 2522 aestus
921 2476 950 2520 et
966 2464 1075 2535 frigoris
1097 2466 1297 2524 rieisutudines
1313 2468 1446 2527 immanet

78 2545 212 2615 proximis
235 2544 349 2601 omuino
372 2554 526 2616 temporum
548 2546 672 2605 articulis
695 2548 849 2617 relinquere
866 2560 992 2617 augerer,
1020 2543 1104 2601 subiit
1120 2546 1254 2615 animum,
1272 2562 1321 2602 eoa
1338 2555 1446 2604 traetut

79 2622 200 2681 habitari
219 2640 277 2679 non
294 2638 386 2695 potae,
405 2624 503 2681 saitem
522 2627 573 2685 aub
591 2626 645 2683 diu.
681 2627 727 2683 Ex
744 2634 900 2696 opportuno
917 2624 1000 2693 igitur
1016 2638 1106 2691 aquae
1123 2624 1273 2680 influebant
1290 2624 1373 2681 certis
1391 2624 1446 2681 diel

78 2704 300 2775 tempestatibus,
318 2720 366 2761 eae
383 2704 481 2761 iterum
493 2706 653 2761 recedentes
666 2704 740 2773 jussi
753 2703 872 2759 viventia
882 2702 1013 2767 comitari,
1032 2710 1061 2757 et
1072 2709 1103 2758 ut
1119 2710 1175 2756 tam
1187 2714 1305 2775 propere
1321 2710 1445 2777 possent,

78 2782 176 2855 longua
203 2783 292 2853 pedes
313 2782 390 2853 dadi,
415 2782 478 2839 aliis
499 2783 584 2839 naudi
600 2783 761 2841 laenitatem
778 2794 807 2839 et
824 2796 957 2851 aquarum
974 2782 1147 2853 patientiam,
1170 2792 1202 2837 ut
1220 2794 1327 2839 tantum
1343 2792 1398 2839 nou
1416 2786 1446 2841 iu

79 2860 168 2931 phuae
187 2862 398 2933 degenerarent
432 2864 492 2919 h'ee
513 2864 658 2933 quisuusu
682 2863 767 2932 buius
787 2862 828 2917 iiii
850 2862 903 2917 erit
923 2859 1096 2927 incredibile,
1127 2862 1174 2930 qui
1197 2861 1233 2917 do
1255 2863 1323 2919 cula
1345 2863 1446 2931 Siculo,

80 2939 295 3011 humine-pisae,
317 2940 425 3010 legarit.
460 2942 553 2999 Etiam
569 2943 638 2999 illud
655 2944 832 3014 reputabam,
853 2940 920 2996 nihii
937 2941 966 2995 iu
984 2939 1077 2997 Terris
1094 2948 1150 2997 tam
1166 2954 1229 2998 esau
1246 2944 1327 3000 nobis
1344 2944 1446 3000 uiolen-

80 3028 147 3089 tum,
173 3020 260 3089 eujus
278 3020 452 3077 tolerantiam
478 3038 534 3077 nou
552 3022 680 3078 indiderit
697 3024 773 3078 Deus
798 3027 874 3078 certo
897 3020 990 3090 generi
1013 3019 1183 3079 animalium.
1208 3022 1288 3078 ianuis
1306 3032 1335 3079 et
1352 3038 1446 3080 amous

80 3099 204 3157 dirimi
221 3099 358 3171 leonibus,
375 3100 445 3157 ritus
463 3110 493 3156 et
508 3102 699 3157 immensorum
711 3101 881 3157 desertorum
894 3100 990 3170 Syriae
1006 3098 1181 3170 Palmyrenes
1199 3101 1319 3173 eamelia,
1337 3100 1445 3174 frigoris

81 3177 247 3251 hyperborei
265 3182 336 3236 unia
354 3188 408 3236 ete.

183 3258 251 3315 215.
270 3258 315 3313 Ex
331 3259 386 3314 hoo
403 3257 592 3329 fundamento,
615 3260 691 3329 quod
709 3259 796 3314 omnia
814 3259 941 3327 materia,
964 3258 993 3312 in
1011 3265 1141 3329 quantuni
1159 3258 1274 3313 materia
1293 3258 1385 3313 animo
1401 3274 1447 3315 ea·

83 3352 151 3397 reus.
172 3353 207 3393 se
223 3338 288 3407 ipsa
306 3339 343 3393 sit
360 3338 469 3407 frigide,
487 3351 516 3394 et
533 3340 558 3396 si
575 3342 611 3396 ab
628 3340 784 3394 extrinseca
800 3354 885 3393 eausa
902 3336 1018 3405 calefiat,
1037 3348 1135 3407 sponte
1153 3352 1204 3393 sua
1223 3354 1273 3393 uuo
1291 3337 1387 3409 frigori
1404 3352 1446 3394 re·

83 3416 221 3482 minatur,
240 3416 378 3472 exstincto
396 3433 446 3487 per
464 3419 643 3475 uastationem
662 3433 761 3473 causae
778 3418 870 3472 calore
886 3416 1046 3475 adventitio.
1075 3419 1138 3473 iarn
1157 3431 1246 3485 aquae
1263 3418 1446 3486 priuoloarum

82 3494 235 3551 iuanmmo
261 3496 372 3564 quiden
394 3508 500 3553 aestima
522 3499 658 3554 radiorum
677 3498 749 3553 Solis
772 3497 906 3567 sentiunt,
931 3498 966 3553 ad
984 3496 1131 3569 penitiores
1151 3512 1216 3552 raro
1233 3510 1360 3553 moestus
1377 3496 1448 3554 radii

83 3574 151 3631 Solia
169 3590 228 3631 uon
246 3573 417 3645 pertingunt,
435 3578 471 3633 ob
488 3578 704 3647 profunditatem
722 3578 826 3646 opinor.

186 3654 252 3709 218.
269 3650 367 3707 Omnis
383 3653 485 3723 quippe
503 3659 585 3715 tertia
604 3659 699 3714 usibus
715 3656 876 3713 destinanda
899 3662 988 3712 mant.
1023 3657 1127 3712 Feruor
1143 3662 1233 3710 autem
1252 3669 1385 3725 aquarum
1402 3672 1445 3714 ss·

84 3730 219 3803 queratur
237 3748 273 3786 ex
290 3733 335 3789 diu
352 3741 409 3787 tam
427 3733 508 3803 longa
525 3746 554 3794 et
571 3740 756 3808 experimento
769 3736 903 3792 cbiieueis
922 3737 1077 3806 provinciae
1095 3736 1146 3791 sub
1167 3734 1268 3791 elreulo
1290 3736 1448 3808 capricorni

86 3828 209 3883 musque
226 3813 332 3867 torrida
349 3812 432 3869 etiarn
450 3814 495 3871 die
512 3824 607 3873 nostro
627 3817 715 3879 breri;
734 3815 857 3870 scribunt
875 3816 946 3870 euin
964 3814 1071 3884 plurius
1089 3815 1187 3871 cadere
1204 3816 1285 3886 plane
1302 3816 1415 3872 calidas.

187 3892 254 3949 tii.
273 3892 349 3947 liaeo
366 3902 410 3949 eat
426 3892 502 3949 reiut
519 3897 671 3967 occupatio.
695 3894 724 3949 81
742 3895 804 3963 orris
822 3893 893 3948 euim
906 3893 1024 3961 objiciat,
1042 3894 1235 3949 inhabitabiles
1248 3910 1309 3948 esse
1319 3894 1446 3963 regiones

87 3970 153 4041 illae,
172 3972 198 4029 si
217 3972 302 4027 etiam
313 3988 403 4041 aqum
421 3973 552 4043 terreant,
570 3992 630 4030 eum
651 3990 702 4043 epo
719 3975 753 4027 ad
767 3982 875 4029 nostres
892 3973 978 4029 oelltts
996 3980 1025 4028 et
1041 3982 1141 4045 puteos
1159 3972 1310 4042 proluudoa
1327 3974 1444 4047 munitio,

87 4051 230 4123 munibus
248 4060 355 4108 metata
372 4064 468 4123 potum
486 4066 609 4110 nostrum
625 4054 822 4123 infrigidantus.

187 4130 253 4189 218.
271 4130 416 4189 Praeieere
433 4142 585 4189 nostrarum
609 4134 733 4204 stirpium
752 4141 781 4188 et
798 4133 935 4189 fruetuum
959 4131 1074 4187 cortices
1097 4130 1208 4201 diuersi,
1233 4132 1340 4187 diversa
1356 4132 1446 4203 provi·

87 4210 160 4265 sione
178 4220 312 4275 naturae,
337 4210 478 4280 praeivers
495 4220 584 4269 testae
602 4220 754 4269 ostrearum
772 4220 801 4267 et
817 4211 985 4267 testudinum
1003 4210 1206 4281 eiypeiiormes,
1224 4213 1365 4281 prorisore
1383 4208 1446 4268 aalil

88 4290 194 4359 padum
212 4289 333 4357 ungulas
350 4302 379 4347 et
397 4289 490 4347 soleae
507 4292 685 4347 animantum.

188 4368 253 4427 219.
271 4366 406 4438 laeseram
423 4370 584 4428 marrubio
596 4372 672 4435 Afro,
691 4371 762 4425 iuter
778 4369 891 4426 delicias
909 4368 969 4438 eius
987 4371 1076 4443 gentis
1094 4379 1123 4426 et
1140 4370 1193 4426 hoe
1210 4377 1446 4441 murmurantes

87 4444 172 4503 uudua
190 4458 334 4517 exponant
351 4448 417 4518 Soli,
435 4451 590 4519 apriountee
608 4458 639 4506 ut
656 4450 792 4515 boenas,
809 4458 838 4504 et
855 4450 883 4503 ni
902 4446 984 4504 ialior
1001 4451 1082 4505 etism
1101 4448 1244 4517 eroeodiil,
1264 4462 1394 4517 quorum.
1414 4452 1446 4503 ut

87 4524 188 4583 bestiae
206 4528 324 4597 patriae
342 4538 469 4583 naturam
486 4530 569 4587 airus
585 4530 688 4587 bebere
706 4546 740 4585 ex
759 4545 792 4586 eo
809 4530 912 4585 ueneni
940 4530 1011 4584 Num
1028 4528 1056 4584 id
1075 4526 1183 4597 quidem
1201 4526 1280 4583 nobie
1293 4524 1446 4597 Europaeis

88 4608 212 4663 armenti
228 4608 324 4677 potius
341 4624 428 4677 genus
448 4618 530 4665 esset.

187 4688 251 4745 220.
270 4686 318 4743 Sia
335 4687 369 4743 ds
381 4688 492 4759 populis
504 4688 682 4754 Ouiomoriao,
700 4686 855 4758 prouinciae
867 4686 1012 4757 Soytbioae
1024 4684 1212 4758 hyperboreae
1224 4683 1366 4740 serabitur:
1383 4696 1446 4739 esse

89 4768 132 4836 oui
157 4778 242 4825 noete
264 4766 316 4825 itta
338 4766 423 4839 anea
443 4767 587 4837 iupumte
615 4768 795 4837 emoriemur,
817 4766 883 4823 sote
904 4766 1037 4823 mdeuuts
1064 4764 1246 4835 reviviscant,
1271 4772 1360 4833 eoque
1384 4764 1445 4820 tuta
