3308 5534
248 406 315 483 908
610 499 614 505 Ι
757 411 822 472 viu
838 411 954 473 loannis
969 409 1090 485 Keplerl.

250 586 331 644 Initio
350 585 472 648 decurris
489 589 620 662 originem
639 591 846 664 disputationis:
870 607 915 649 me
932 593 1007 649 aluo
1024 588 1154 659 inimicae
1177 586 1228 645 ubi
1246 588 1346 645 curem
1364 586 1481 655 salntim
1501 588 1535 645 ad
1549 604 1599 644 en

251 676 432 734 hortationem
450 682 607 751 reposuisse
624 687 653 736 te
677 697 778 752 anceps
795 680 937 749 dilemma,
961 695 1014 736 nec
1031 677 1173 733 censuisse
1189 676 1389 732 transitionem
1407 678 1445 733 uh
1461 676 1537 732 amisi
1551 693 1602 747 gra·

252 764 319 818 tiam
337 764 490 821 reluctante
507 768 674 823 couscientia
690 769 857 839 faciendum
882 785 944 827 cum
960 767 1114 824 instaurem
1132 779 1199 834 08⁰2
1218 779 1282 820 0⁸1⁰
1300 764 1512 821 emmim!
1526 776 1604 835 Μ·

252 851 337 906 cinari
355 854 537 911 conscientiae
558 863 623 912 tuae
645 874 700 913 nou
717 873 812 928 posse,
837 857 884 929 qul
901 855 976 913 haud
993 853 1088 926 plures
1112 852 1141 908 in
1158 860 1208 909 tua
1224 853 1277 909 ills
1293 853 1476 919 Lutheraaa,
1492 855 1602 925 qaara’a

253 947 347 995 uestra
366 947 394 996 et
406 941 548 998 Catholica
565 944 682 1002 ecclesia
699 961 805 1003 errores
820 959 965 1016 agnoscas.
994 941 1181 999 Dissimulasti
1199 949 1230 998 tu
1248 940 1363 999 seilicet
1380 942 1603 1013 comparationem.

253 1042 334 1094 quam
352 1027 532 1099 institueram,
552 1040 580 1086 et
593 1034 620 1086 in
632 1031 746 1089 alterum
758 1038 865 1104 partem
876 1030 1051 1102 respondisti,
1069 1030 1122 1085 etsi
1140 1028 1357 1098 aliquammults
1369 1043 1388 1083 e
1399 1031 1503 1085 nmtris
1513 1028 1604 1099 pluria

254 1121 284 1173 et
300 1115 436 1185 approbes
455 1115 514 1187 ipse
532 1127 561 1175 et
578 1123 711 1189 sequaris,
729 1119 794 1175 ferri
811 1127 903 1176 tamen
917 1119 1008 1175 omnia
1019 1133 1051 1173 ac
1063 1117 1176 1173 tolerari
1187 1131 1242 1171 uon
1258 1132 1355 1186 posse,
1374 1116 1501 1172 additum
1513 1132 1603 1185 ere-p

254 1200 312 1258 lum
330 1204 364 1259 de
382 1205 409 1262 S.
429 1206 456 1263 C
475 1208 590 1277 meritis,
615 1225 686 1278 quae
708 1207 792 1262 libelli
810 1208 898 1263 nostri
915 1207 944 1263 iu
963 1205 1183 1263 Satisfaetionem
1205 1221 1258 1274 pro
1277 1204 1408 1274 peccatis
1432 1203 1526 1259 offerri
1538 1218 1604 1273 pune

255 1292 380 1349 dooeaut
416 1294 512 1349 Facile
537 1294 602 1361 fuit,
627 1304 658 1351 ιιι
681 1298 865 1354 condonarem
890 1293 965 1352 istud
989 1294 1090 1358 amico,
1117 1293 1152 1348 de
1177 1298 1252 1346 statu
1279 1291 1459 1359 questionis
1480 1290 1604 1347 abdam

257 1380 372 1449 Scripsit
391 1381 425 1436 de
444 1396 477 1436 ea
495 1384 657 1450 quaestione
674 1383 846 1454 Augustinus
864 1391 983 1439 mentem
1002 1390 1085 1451 atque
1103 1381 1280 1449 sententiam,
1298 1381 1329 1436 in
1349 1382 1435 1450 cujna
1452 1381 1604 1452 expos'aine

256 1482 318 1522 cum
336 1468 455 1523 viderem
475 1475 503 1524 te
521 1469 630 1538 ingenio
650 1478 698 1526 tuo
711 1471 868 1541 plusculum
879 1469 1030 1538 indulgere,
1048 1468 1197 1537 Augustini
1209 1475 1333 1523 mentem
1347 1484 1385 1523 ex
1398 1470 1461 1539 ipso
1472 1467 1605 1537 eugub

257 1553 412 1611 luculenter
430 1558 562 1625 expressi.
596 1559 656 1627 Quo
669 1560 825 1615 testimonio
843 1558 871 1614 id
889 1560 1052 1628 impetrasse
1068 1569 1112 1612 me
1124 1557 1211 1621 video,
1230 1564 1263 1610 nt
1281 1556 1490 1626 propemodum
1505 1554 1604 1615 fatui.

260 1648 289 1696 te
306 1641 335 1695 in
358 1656 392 1695 ea
416 1642 526 1711 quidem
549 1646 710 1714 particulari
733 1645 948 1703 controversiola
969 1644 1140 1715 triumphari
1176 1645 1238 1712 Ego
1256 1643 1329 1699 illud
1359 1643 1429 1699 mihi
1451 1661 1508 1699 non
1526 1658 1605 1711 armet
1642 1700 1644 1705 ,

258 1728 296 1783 mi
314 1728 446 1800 Keplere;
472 1731 616 1788 velitamur
640 1750 691 1789 nos
708 1752 759 1805 pro
777 1734 857 1804 eopia
876 1740 904 1789 et
921 1732 1056 1803 sapientia
1073 1747 1155 1800 quam
1174 1731 1244 1786 satis
1262 1739 1320 1794 est.
1344 1732 1459 1787 interim
1475 1746 1525 1801 pro
1539 1742 1604 1785 rau
1642 1726 1644 1769 ÷

259 1815 371 1872 meliore
387 1827 493 1887 pugnet
509 1820 674 1891 antiquitas,
692 1823 783 1878 vincat
799 1823 888 1890 Deus,
913 1822 1014 1877 veritas
1032 1818 1188 1888 triumphet
1225 1818 1360 1874 Ceterum
1379 1819 1489 1889 inipso
1505 1816 1551 1873 illo
1563 1818 1603 1871 As

258 1901 362 1970 gustini
380 1904 536 1959 testimonio
560 1906 655 1976 aliqua
678 1911 827 1966 etiamnum
851 1908 1008 1965 desiderare
1025 1914 1054 1963 te
1071 1906 1158 1961 rideo.
1195 1905 1305 1961 iubeor
1322 1907 1463 1976 probare,
1487 1921 1545 1960 ean
1559 1918 1601 1959 ιι

257 1993 376 2047 mentem
394 1995 540 2062 Augustini
559 2013 594 2052 ex
607 1997 812 2054 circumstantia
829 2003 931 2053 textus.
954 1996 1122 2066 Quaestione
1140 1994 1203 2050 tte.
1220 1995 1250 2049 iu
1265 1994 1402 2050 Exodum
1421 2011 1456 2050 ex
1475 1992 1601 2063 composi

258 2077 288 2134 S.
306 2078 354 2134 Vir
371 2080 485 2149 prohat:
512 2083 614 2150 ,ldosis
632 2085 706 2156 apud
722 2087 810 2142 Deum
828 2091 957 2154 tunquam
976 2081 1126 2139 fidelissimi
1144 2081 1240 2139 famuli
1259 2090 1373 2139 tantum
1395 2081 1482 2138 fuime
1500 2080 1602 2135 merit·

257 2179 309 2236 per
325 2164 399 2223 illius
418 2170 547 2238 gratiam,
572 2180 604 2228 ut
622 2174 647 2228 ei
671 2173 776 2229 diceret
794 2174 883 2242 Deus,
907 2175 968 2229 siue
984 2188 1026 2228 sue
1044 2172 1177 2228 stitutus
1201 2171 1249 2226 iro
1266 2176 1418 2227 conterere
1436 2186 1491 2225 eoo.
1523 2164 1602 2221 «inlu

258 2254 388 2325 probare,
406 2257 503 2312 merita
521 2259 590 2314 haec
602 2262 720 2330 amplius
739 2261 804 2330 quid
817 2275 887 2327 esse,
905 2275 988 2330 quam
1000 2264 1096 2314 sancta
1108 2256 1248 2325 suffragia,
1267 2272 1342 2327 quae
1355 2255 1434 2326 apud
1447 2256 1533 2313 Dea·
1543 2254 1602 2309 iste

258 2350 403 2414 ponantur.
441 2346 611 2402 Credendum
631 2357 682 2417 est,
701 2350 791 2420 inquit
808 2349 992 2416 Augustinus,
1017 2345 1090 2416 quod
1109 2359 1204 2400 omues
1222 2342 1424 2413 eleemosynae
1440 2344 1526 2399 tot‘ms
1539 2338 1601 2397 aar}

261 2428 318 2487 siae
336 2437 364 2486 et
382 2432 522 2488 orationes
541 2441 569 2489 et
587 2450 671 2505 opera
686 2437 812 2507 justitiae
829 2443 858 2492 et
874 2434 1078 2493 misericordiae
1102 2440 1266 2489 succurrant
1284 2434 1500 2504 recognoscenti
1515 2438 1601 2489 m

260 2526 335 2575 tuam
355 2518 390 2574 ad
408 2527 483 2576 tuam
502 2525 716 2580 couversionem.
753 2523 859 2581 Jubeor
875 2521 1005 2592 probare,
1029 2518 1064 2575 de
1081 2519 1135 2575 illis
1153 2517 1220 2576 eolis
1238 2519 1317 2589 loqui
1335 2520 1536 2591 Augustiana,
1553 2530 1601 2589 μ

256 2606 316 2676 jam
336 2609 507 2666 condonatus
526 2613 601 2669 Deus
620 2613 718 2683 diligit.
743 2612 795 2667 llic
814 2619 845 2667 tu
863 2625 975 2666 causam
993 2616 1068 2667 tuam
1088 2606 1159 2662 ultro
1178 2605 1336 2676 prodidisti,
1357 2606 1460 2677 ecquid
1477 2624 1505 2662 n.
1521 2606 1600 2673 obita

261 2708 307 2748 ras
324 2701 456 2766 tauquam
474 2698 613 2767 piaculum
632 2699 721 2766 nohis,
740 2699 788 2768 qui
805 2715 862 2755 non
880 2699 909 2755 S.
922 2697 949 2753 S.
968 2703 1074 2752 tuntum
1087 2695 1192 2761 medua,
1210 2693 1260 2749 sed
1279 2693 1390 2750 ordinis
1407 2696 1490 2751 aiam
1502 2690 1599 2749 etmt'*

262 2797 323 2836 rum
341 2790 496 2839 nostrorum
514 2785 718 2844 satisfactiones
737 2786 836 2843 offerre
855 2785 914 2840 Deo
933 2784 1089 2839 doceamus.
1115 2779 1221 2835 Jubeor
1232 2779 1365 2850 probare,
1385 2780 1465 2836 illum
1482 2795 1533 2835 non
1547 2774 1600 2847 ΙιμΙ

262 2869 296 2924 du
315 2871 478 2927 necessitate
496 2875 642 2942 temporis,
669 2875 718 2930 sed
738 2874 772 2929 de
789 2880 848 2928 tota
866 2878 1040 2947 peccatorum
1059 2883 1172 2923 summa.
1210 2867 1337 2923 Alterum
1362 2883 1480 2925 necare
1503 2874 1552 2933 est,
1568 2870 1601 2921 Ι

261 2956 319 3012 falli
338 2965 366 3014 to
385 2959 574 3026 vehementer,
594 2969 643 3017 eut
660 2961 773 3028 fallere,
797 2974 848 3013 uec
872 2957 950 3014 licuit
976 2956 1042 3011 mihi
1065 2963 1128 3011 ante
1151 2955 1220 3010 haec
1242 2955 1360 3023 impune
1384 2954 1529 3025 suspicari,
1546 2948 1599 3007 teh

262 3043 463 3101 catholicorum
488 3047 612 3116 placitis,
637 3048 800 3119 quibuscum
816 3045 845 3099 in
863 3059 972 3100 menam
992 3043 1148 3112 descendis,
1172 3042 1241 3098 adeo
1261 3043 1406 3112 hospitem
1428 3058 1491 3099 ease
1506 3052 1532 3097 et
1545 3052 1599 3111 prm

262 3131 377 3198 griuum
403 3133 489 3188 Ecce:
508 3133 647 3189 offerimus
661 3134 823 3190 Sanctorum
842 3133 948 3202 merita,
967 3132 1024 3188 sire
1042 3147 1136 3188 eorum
1153 3130 1201 3201 qui
1219 3145 1282 3184 cum
1294 3129 1413 3186 Christo
1431 3140 1548 3199 πμιιι,
1561 3125 1599 3181 u'tt

262 3234 355 3272 corum
375 3219 422 3287 qui
440 3220 581 3276 nobiscum
600 3221 730 3291 militant,
755 3221 784 3277 in
802 3220 1018 3277 satisfactionem
1036 3217 1226 3289 propeccatis
1246 3216 1369 3286 uostris,
1394 3232 1486 3287 neque
1502 3214 1555 3271 sois
1568 3222 1599 3265 n

262 3304 366 3373 absque
379 3306 479 3362 Christi
492 3309 595 3365 meritis
614 3312 733 3380 pretium
752 3318 781 3364 et
793 3309 919 3365 effectum
932 3308 1068 3376 habitura,
1087 3322 1176 3375 neque
1194 3307 1280 3360 otiam
1298 3306 1341 3360 ita
1361 3316 1527 3375 compunta,
1542 3314 1599 3372 qma

262 3391 338 3460 ipsse
358 3394 460 3450 Christi
478 3399 652 3466 precationes
671 3401 776 3466 absque
793 3397 827 3453 iis
846 3414 901 3453 uou
920 3396 1068 3465 sufficiant,
1087 3394 1135 3449 sed
1154 3394 1218 3464 quia
1236 3402 1266 3448 et
1278 3408 1403 3462 aequum
1421 3402 1465 3449 est
1483 3394 1598 3446 etSmru

262 3479 458 3551 honorificum,
484 3492 516 3538 ut
533 3486 706 3555 precationes
725 3485 789 3540 illae
807 3499 899 3540 coram
918 3485 976 3538 Deo
996 3499 1052 3539 nou
1075 3482 1130 3537 sint
1147 3481 1244 3535 manes
1263 3488 1308 3534 eto
1308 3520 1432 3537 ......
1468 3479 1532 3533 Vade
1546 3474 1597 3531 adl

262 3584 391 3636 quorsum
415 3587 459 3626 res
484 3582 590 3628 restrae
616 3581 644 3629 et
662 3572 776 3628 consilia
798 3572 929 3642 evadant,
953 3580 1096 3640 postquam
1121 3568 1285 3624 conculcata
1307 3568 1448 3625 eeclesiae
1470 3567 1596 3621 asemas

261 3655 408 3728 profligata
421 3661 517 3714 summi
530 3661 666 3730 praesulis
678 3661 840 3728 reverentia,
859 3658 1022 3727 quantillum
1034 3658 1165 3712 audaciae
1178 3656 1299 3725 spatium
1319 3664 1458 3726 superest,
1477 3668 1505 3709 nt
1516 3664 1596 3708 mers

261 3759 384 3813 quoque,
405 3746 504 3813 quibus
524 3746 641 3802 ecclesia
659 3747 792 3804 hacteuus
811 3748 902 3814 stetit,
927 3745 1069 3802 columnae
1086 3742 1285 3800 subducantur.
1323 3744 1388 3798 Stat
1408 3760 1459 3814 pro
1475 3740 1597 3809 nemeae·

261 3831 437 3902 Thummius,
464 3833 545 3891 aliter
563 3850 597 3888 ex
616 3835 731 3890 adverso
750 3836 896 3890 bleuzerus
914 3834 1077 3903 scripturam
1100 3830 1245 3899 iutelligit;
1271 3829 1339 3900 quid
1360 3832 1386 3885 si
1405 3848 1440 3885 ex
1458 3830 1545 3886 eadem
1558 3838 1595 3879 aa

261 3919 332 3973 teria
350 3919 441 3987 Arius,
461 3921 602 3990 Eutyches
622 3928 649 3975 et
667 3921 812 3977 Nestorius
831 3937 880 3992 pro
899 3919 1036 3977 erroribus
1054 3918 1097 3973 his
1115 3926 1277 3986 argtumeuta
1295 3921 1463 3974 arcessant?
1490 3915 1552 3985 usit
1565 3928 1595 3965 α·

261 4008 438 4072 spectemus?
471 4007 544 4062 ltfale
562 4015 654 4063 tecum
673 4009 771 4077 agitur,
791 4009 826 4062 mi
839 4009 968 4077 Keplere,
988 4006 1117 4076 quamdiu
1135 4005 1199 4060 fidei
1217 4012 1246 4059 et
1257 4006 1451 4062 conscientiae
1467 4016 1527 4061 tuae
1540 4016 1595 4069 rap

260 4091 314 4145 lam
333 4091 414 4147 uliam
433 4110 489 4148 non
511 4094 603 4162 habes,
624 4101 705 4164 quam
723 4095 764 4150 illi
783 4095 912 4164 habetote,
932 4110 1001 4164 quos
1014 4092 1072 4149 falli
1086 4100 1114 4147 et
1132 4091 1229 4147 fallere
1248 4106 1300 4146 uec
1319 4098 1352 4147 tu
1371 4094 1433 4163 ipse
1445 4092 1594 4149 diffiter'a‘

260 4180 378 4234 Ventum
398 4180 432 4234 ad
450 4184 642 4253 poppolvaea,
662 4198 732 4251 quae
750 4190 809 4238 tute
827 4182 863 4237 ad
882 4181 1030 4250 marginem
1049 4179 1196 4250 epistolae,
1215 4179 1333 4247 calamo,
1353 4188 1386 4235 ut
1406 4180 1509 4250 opinor.
1523 4168 1595 4231 mul

260 4266 359 4333 tuario,
377 4269 514 4331 excitasti,
534 4269 590 4323 sire
608 4286 642 4324 ea
658 4271 845 4340 appellatione
863 4268 1022 4324 sacerdotes
1040 4268 1126 4324 nostri
1144 4274 1292 4336 petuntur3
1311 4282 1372 4323 nou
1390 4268 1484 4331 rideo,
1504 4280 1537 4321 aa
1548 4256 1595 4315 Ν

260 4352 417 4421 hujusmodi
436 4369 452 4407 a
471 4362 499 4409 te
517 4359 671 4426 exspectari
691 4360 804 4428 debeat,
823 4357 870 4428 qui
888 4357 960 4412 inter
978 4356 1134 4412 Catholicae
1156 4361 1198 4409 tot
1216 4369 1304 4408 anum
1323 4365 1456 4411 retentus
1473 4352 1595 4421 ιιιιῌ

260 4438 390 4507 potuisti,
415 4439 486 4494 iuter
511 4449 641 4499 centones
664 4444 727 4501 illos
753 4454 781 4502 et
800 4444 927 4509 cuculos,
952 4444 1024 4500 inter
1047 4443 1177 4499 informes
1201 4457 1251 4497 eas
1270 4448 1382 4512 tegetes
1401 4460 1456 4499 uon
1473 4458 1530 4497 rare
1543 4436 1594 4491 th!

260 4524 394 4594 ejusmodi
412 4525 507 4596 latere,
526 4531 690 4598 quibuscum
707 4547 758 4589 nec
775 4531 913 4589 fortunam
930 4548 982 4588 nec
1000 4530 1152 4587 doctrinam
1171 4544 1249 4584 susm
1262 4529 1461 4599 praedicantes
1476 4524 1550 4583 reni
1561 4534 1594 4577 1

260 4611 344 4666 deaut
360 4629 524 4683 componere
543 4622 625 4685 atque
643 4635 818 4689 comparure;
838 4621 895 4676 sive
914 4620 949 4677 de
967 4619 1091 4675 ommno
1108 4624 1265 4673 neruorum
1278 4617 1383 4687 agitur,
1402 4618 1500 4687 quibas
1512 4620 1593 4669 m

260 4698 342 4752 vestri
361 4716 414 4752 uon
434 4716 495 4754 raro
514 4703 581 4757 vivis
599 4705 737 4763 coloribus
756 4707 953 4777 depinguntur,
973 4715 1041 4779 puto
1059 4706 1088 4761 id
1106 4722 1185 4761 omne
1204 4722 1221 4761 a
1239 4707 1346 4762 uostris
1364 4707 1439 4762 hand
1457 4704 1532 4779 paulo
1544 4712 1592 4755 Ι

259 4785 400 4850 perantiua
418 4786 485 4856 fiori,
505 4807 587 4859 quum
606 4795 690 4849 vestri
707 4811 858 4865 praecones
877 4794 992 4865 sulcem,
1012 4792 1060 4864 qui
1078 4809 1112 4850 ex
1130 4792 1208 4864 Papa
1220 4779 1435 4861 Antichristus,
1453 4808 1486 4849 ex
1501 4792 1591 4859 ln*

259 4874 319 4927 ture
335 4873 489 4931 Draconem
506 4877 746 4955 Apocalppticum,
764 4899 800 4940 ex
817 4882 967 4955 Episcopis
984 4895 1082 4945 mnes
1099 4880 1219 4953 hestiae,
1241 4893 1280 4939 aa
1297 4879 1475 4957 Principib-
1488 4892 1556 4945 Β,
1566 4884 1590 4929 ⁸
