3308 5534
746 402 824 461 roos.
845 402 920 462 reor.
1448 409 1511 479 775

150 602 220 646 cuur
239 586 301 644 uria
323 582 396 644 fient
412 582 512 660 justae
534 580 697 643 solutiones
719 583 845 644 aulicae.
873 584 981 660 ltaque
1001 584 1064 661 jam
1081 584 1190 645 dudum
1206 595 1308 647 venter
1321 604 1404 647 meus
1419 588 1513 650 lame-

148 668 225 733 licus
247 674 367 750 respicit
389 674 481 730 instar
503 672 584 730 canis
607 670 644 730 ael
669 670 828 742 dominnm,
853 689 872 730 a
894 689 953 748 quo
976 672 1066 732 semel
1095 673 1158 749 jam
1180 672 1239 733 iult'
1258 684 1369 753 pastus.
1418 676 1512 753 Equi-

149 760 218 822 dem
241 762 268 819 sl
290 760 328 819 D.
353 759 503 820 Welserus
526 766 674 836 pateretur·
696 778 728 818 se
750 777 864 818 rursum
888 763 1001 820 exorari
1025 760 1062 818 ad
1085 761 1166 821 nrillc
1189 762 1236 821 rel
1259 762 1439 839 sesquirnillc
1461 782 1512 824 so·

146 848 293 909 lutioucur
317 854 443 922 (tautum
468 848 543 907 enirn
567 864 662 923 eoque
686 846 812 924 amplius
834 847 906 904 milri
929 846 1073 924 debetur),
1097 856 1238 924 quantum
1256 850 1323 910 inde
1339 850 1408 909 nrilri
1425 869 1512 911 seeu-

147 938 248 995 ritatls
271 935 438 1008 accederet,
470 941 611 1009 errantum
644 937 782 1011 temporis
812 935 980 1008 retinerem,
1013 944 1106 993 toturn
1130 935 1159 993 id
1183 937 1379 1016 impenderem
1411 941 1458 998 rol
1482 942 1512 997 iu

148 1022 350 1101 Porphyrium
372 1025 558 1093 (Harmonice)
586 1021 633 1080 vel
657 1025 685 1079 in
702 1022 922 1099 geographiam,
946 1022 1051 1081 melius
1067 1024 1199 1094 sortasse,
1224 1028 1353 1101 quamsi
1370 1034 1513 1101 quaesto·

148 1116 216 1171 rum
238 1128 356 1170 meuses
379 1116 517 1182 sectatus,
541 1110 654 1168 aeraria
677 1108 840 1169 diutissime
863 1109 997 1187 pulsans,
1016 1111 1143 1187 deniqne
1167 1112 1259 1171 nihilo
1276 1117 1372 1172 ruinas
1389 1114 1512 1175 candem

146 1214 297 1261 summurn
317 1202 530 1274 extorquerem.
575 1197 651 1255 Nam
675 1197 810 1256 Caesaris
833 1213 915 1256 mora
943 1197 1056 1256 nullam
1087 1206 1199 1277 parturn
1223 1203 1372 1278 pensionis
1395 1200 1510 1277 deterit,

148 1286 225 1347 milri
247 1303 319 1346 vcro
341 1292 457 1362 tempus
480 1287 634 1344 consumit.

258 1388 300 1441 Ile
318 1385 443 1440 Welsero
462 1386 661 1439 llerwartus
679 1383 800 1454 Keplero
819 1383 979 1451 (Novembri
1000 1384 1080 1447 ilidii)
1099 1387 1290 1442 nunciaverat:
1316 1387 1365 1442 leh
1388 1388 1444 1443 hah
1463 1390 1512 1444 mit

148 1476 212 1533 dem
226 1476 317 1531 llerrn
329 1472 683 1543 Reichsplenninumaister,
702 1470 742 1524 als
760 1469 876 1524 meiuem
889 1471 1004 1525 sonders
1017 1470 1105 1524 liebeu
1119 1470 1208 1526 Herrn
1222 1474 1345 1541 lettera,
1359 1474 1408 1529 des
1424 1474 1513 1530 llerru

150 1564 260 1623 Sacben
280 1563 333 1618 rud
353 1561 486 1631 Obliegcu
505 1560 602 1614 halher
620 1559 717 1624 aeredt
735 1558 788 1612 und
808 1558 955 1626 heluudcu,
976 1558 1039 1613 dass
1059 1577 1088 1613 er
1107 1559 1167 1613 dem
1188 1561 1277 1613 llerru
1295 1562 1366 1615 nach
1379 1562 1514 1631 hittgliclr-

148 1654 208 1709 lreit
225 1671 260 1709 zu
278 1648 419 1707 uilfalrren
432 1650 550 1718 genaigt,
571 1647 624 1700 will
636 1645 707 1701 auch
727 1645 876 1713 r'erholleu,
894 1646 954 1700 weil
973 1648 1109 1700 nunnrelrr
1128 1648 1176 1701 dcr
1189 1646 1307 1702 l·'rlcdcn
1326 1650 1397 1714 (cnm
1410 1648 1513 1705 Trans·

150 1742 257 1799 silvano
277 1739 423 1807 Botsclrai)
447 1735 694 1791 dermalenciusteu
719 1735 825 1803 gottlob
852 1736 1043 1807 geschlossen,
1069 1753 1098 1792 es
1118 1738 1206 1793 werde
1226 1738 1274 1793 der
1292 1739 1400 1793 Saclreu
1419 1740 1514 1795 besses

151 1828 225 1885 llutlr
242 1845 278 1883 zu
296 1825 420 1882 schullen
440 1839 515 1893 scyn.

237 1916 338 1970 'Anuo
360 1915 426 1970 1607
444 1927 538 1967 mense
557 1911 641 1965 Juuio
664 1912 776 1966 nunciat
795 1910 932 1979 Keplerus
950 1912 1116 1967 Pistorio:
1147 1908 1256 1969 Cacsar
1272 1910 1343 1968 milri
1356 1908 1437 1970 dedit
1449 1917 1511 1971 tuo

151 2000 279 2061 ilorcuos
300 2001 330 2057 iu
354 1996 571 2057 Commentario
594 1995 707 2055 Martis.
753 1994 788 2053 ln
811 2012 846 2054 eo
867 1995 930 2070 jam
958 1996 1060 2055 labore
1091 2014 1165 2055 srrrrr.
1213 1997 1431 2076 Exseulpurrtur
1450 1999 1513 2075 jam

152 2090 214 2167 typi
236 2086 337 2163 lignei.
381 2082 606 2159 h'l'eugnugliu
635 2084 752 2141 vertiam
781 2081 950 2160 publicandi
975 2100 1049 2160 opus
1072 2085 1201 2143 noudum
1232 2085 1328 2145 lralrco
1351 2094 1381 2144 et
1403 2086 1514 2145 Caesar

153 2174 281 2235 inhibuit
304 2172 521 2232 distractionem
539 2171 748 2248 exemplarium
764 2169 802 2228 sd
819 2187 904 2228 suurn
922 2170 1083 2229 arbitrium.
1117 2177 1324 2243 llrcugecro
1349 2192 1443 2231 meuse
1461 2178 1513 2232 Oc·

152 2264 236 2321 tohri:
267 2260 378 2321 Vereor
401 2262 430 2318 in
453 2257 645 2318 adornatione
670 2258 951 2317 Commentariorum
974 2256 1010 2318 dc
1026 2259 1156 2316 motibus
1172 2258 1276 2318 stellae
1299 2257 1412 2321 Martis.
1452 2262 1514 2320 llx-

152 2350 292 2412 eudeutur
306 2344 387 2427 apud
404 2345 608 2422 Voegeliuum,
631 2344 860 2421 llcidclbergae.
892 2344 1109 2423 Exemplarium
1125 2344 1314 2406 distractione
1331 2346 1403 2407 mihi
1427 2355 1472 2408 est
1494 2366 1514 2407 a

153 2438 279 2499 Caesare
301 2433 498 2495 interdictum.

254 2542 361 2603 laur.
389 2542 589 2597 Cant-iuuentae
607 2537 699 2595 studia
718 2538 925 2611 chronologica
950 2541 1064 2597 multum
1088 2544 1221 2613 temporis
1240 2550 1450 2607 consumserunt
1467 2544 1514 2600 oh-

151 2634 318 2692 servationes
336 2635 496 2687 cometae.
532 2628 614 2683 Ltort
632 2634 687 2683 tres
705 2627 739 2682 dc
759 2628 877 2684 Cornelis
898 2627 1034 2694 inchoati,
1059 2630 1130 2685 lilrer
1153 2631 1325 2697 germanicus
1349 2632 1384 2687 dc
1407 2638 1515 2687 corneto

151 2722 233 2793 hujus
252 2721 317 2778 euni
336 2719 480 2775 absolutus
499 2732 588 2784 neque
611 2732 675 2769 vero
700 2715 772 2785 typis
791 2730 910 2771 excursus
929 2722 980 2771 est.
1017 2718 1069 2771 Dic
1088 2720 1131 2774 28.
1152 2718 1219 2786 hluji
1243 2720 1388 2775 observata
1406 2719 1513 2776 macula
1551 2694 1559 2725 Ν

150 2810 230 2877 Solis,
248 2824 297 2877 pro
319 2805 472 2871 „Mercurio
490 2804 518 2858 iu
537 2804 600 2857 Sole
618 2803 693 2857 visot
713 2819 730 2855 a
749 2800 869 2873 licplcro
888 2804 1077 2871 pronunciata.

252 2895 297 2950 Ad
315 2893 502 2950 Hennensium
521 2891 625 2947 Mundi
641 2889 713 2945 redit
730 2889 783 2944 hoc
802 2904 873 2945 auno
886 2890 1038 2959 lleplerus,
1063 2907 1143 2961 quam
1162 2892 1198 2946 alr
1216 2910 1288 2949 anuo
1311 2894 1377 2950 1590
1395 2891 1514 2947 couscri-

149 2986 212 3043 herc
236 2986 265 3039 iu
290 2989 381 3037 arente
400 2981 506 3035 lralruit.
552 2982 689 3033 Summam
714 2993 822 3044 corum,
846 2993 918 3047 quac
942 2979 976 3033 de
996 2980 1140 3043 „vocibus-
1166 2991 1264 3051 nguut,
1289 2982 1421 3037 Jauuario
1444 2982 1514 3038 itui

150 3074 325 3131 llernarto
344 3069 442 3138 refert,
467 3075 565 3136 postea
583 3067 683 3137 talprili
702 3075 730 3122 et
747 3062 907 3135 Novembri)
932 3069 961 3122 iu
988 3069 1074 3123 literis
1093 3069 1127 3123 ad
1148 3072 1264 3125 eundem
1283 3071 1354 3126 elatis
1372 3088 1424 3127 sua
1441 3086 1513 3127 cum·

151 3168 230 3231 parat
248 3176 312 3215 curu
330 3156 478 3212 Ptolemaei
498 3156 646 3209 Harmonia
664 3156 723 3222 (eir.
739 3160 769 3206 ι’.
791 3160 824 3209 30
844 3157 891 3223 ss.)

251 3246 418 3301 Ilurnronien
437 3261 488 3299 sna
506 3243 646 3311 explicans
665 3244 718 3298 hoc
741 3243 883 3313 subjungit
906 3245 1076 3313 exemplum:
1095 3239 1194 3317 Parce
1210 3241 1324 3318 loquor.
1354 3244 1421 3304 Nun
1437 3242 1512 3316 dieu,

151 3347 345 3411 qmceunqnc
369 3327 428 3386 duo
453 3346 518 3387 curn
542 3328 627 3387 tertio
644 3324 837 3399 concordant,
862 3330 937 3387 inter
960 3347 992 3386 se
1015 3326 1202 3401 concordant,
1225 3330 1278 3389 sed
1300 3330 1377 3391 addo
1394 3333 1513 3393 cautio-

153 3438 229 3491 nem,
254 3426 287 3477 ιιι
309 3435 345 3475 cx
369 3417 463 3473 tribus
487 3415 544 3473 duo
568 3424 696 3490 aequent
718 3415 854 3487 tertium,
885 3431 940 3474 nec
963 3424 1076 3475 tanturn
1100 3425 1242 3490 aequent,
1267 3418 1318 3477 sed
1342 3428 1375 3478 ut
1397 3421 1514 3478 tertium

154 3510 249 3583 ipsum
281 3511 395 3564 constet
425 3521 459 3561 cr
492 3502 617 3563 duobus.
663 3502 738 3561 Num
767 3519 864 3578 neque
893 3505 935 3560 iu.
954 3503 1020 3561 aliis
1051 3506 1181 3563 scientiis
1211 3506 1290 3565 valct
1320 3514 1352 3565 ut
1378 3504 1510 3581 injurus

153 3594 297 3655 llcrrricus
321 3592 409 3651 irater
432 3609 515 3649 urens
539 3597 593 3662 est,
616 3588 762 3649 Sebaldrrs
785 3607 868 3648 meus
884 3591 971 3649 irater
988 3597 1040 3661 cst,
1066 3609 1135 3665 ergo
1159 3592 1304 3651 llenricus
1320 3602 1349 3653 et
1364 3592 1514 3652 Sehuldus

155 3684 227 3743 inter
249 3699 282 3739 ss
305 3688 375 3738 sunt
396 3679 509 3740 fratres.
547 3677 635 3736 Pater
658 3679 735 3736 enir'n
758 3675 877 3737 Hernici
902 3678 1042 3737 lirnestus
1065 3681 1168 3754 genuit
1190 3698 1225 3737 cx
1250 3696 1340 3739 uxore
1357 3680 1513 3741 Waltruda

95 3798 99 3807 ·
156 3768 321 3839 llenrlcuru,
346 3784 406 3842 qrro
423 3775 537 3824 mortuo
553 3782 625 3824 uxor
642 3764 798 3825 Waltruda
814 3782 880 3823 mco
896 3769 971 3841 patri
989 3764 1137 3825 l'riderieo
1152 3770 1253 3842 nupsit
1268 3785 1372 3844 uroque
1388 3770 1510 3844 peperit

158 3854 219 3933 Qua
247 3864 364 3915 mortua
396 3844 479 3930 pate'r
514 3870 597 3910 ruens
626 3852 836 3928 Kumgundarn
872 3851 954 3911 duxit
982 3871 1076 3928 exque
1109 3872 1144 3913 ea
1173 3853 1335 3913 Sebaldunr
1368 3857 1509 3932 suscepit.

159 3942 298 4004 lleuricus
322 3942 413 4018 igitur
435 3940 506 3999 milri
530 3940 618 3998 irater
641 3948 694 4013 est,
717 3938 767 3998 scd
791 3941 931 4012 utorium,
956 3940 1102 3999 Sebaldus
1125 3942 1223 4017 irater,
1247 3941 1299 4002 sed
1322 3943 1382 4003 alia
1405 3952 1512 4003 matre-r

163 4039 187 4091 et
206 4034 249 4092 sic
272 4030 417 4089 Hernicus
442 4037 470 4087 et
494 4027 641 4086 Sehuldus
665 4030 739 4087 inter
762 4045 793 4087 sc
817 4028 920 4087 iratres
944 4045 1002 4087 non
1026 4037 1102 4087 suut.

255 4130 299 4185 Dc
317 4128 411 4182 libello
431 4126 465 4181 de
484 4133 591 4181 cometa
610 4127 697 4181 eideru
716 4125 811 4181 refert:
833 4128 890 4191 „lle
910 4128 1022 4181 Corneta
1040 4128 1136 4197 scripsi
1156 4129 1271 4199 aliquid3
1297 4138 1427 4199 exspecto
1446 4130 1513 4201 quid

164 4214 190 4271 de
207 4234 238 4274 eo
257 4218 360 4271 Caesar
377 4211 560 4283 praeeipiat“;
586 4230 656 4281 ιμιιιι
676 4230 736 4268 curn
756 4212 887 4280 Tuuckio,
906 4213 1065 4281 professore
1085 4214 1238 4283 Lipsiensi,
1264 4217 1297 4271 dc
1317 4218 1429 4272 cometis
1447 4219 1513 4291 egit,

164 4302 281 4373 legemur
297 4302 349 4356 rol.
369 4302 428 4355 Vll.
448 4317 474 4369 p.
495 4305 511 4356 'l
531 4317 568 4355 ss
603 4301 688 4356 Liber
706 4300 843 4355 secundus
862 4302 1006 4355 attentius
1026 4301 1116 4369 operis
1135 4303 1168 4356 de
1187 4305 1314 4374 corrrcthr,
1339 4305 1413 4372 quod
1429 4321 1515 4377 supra

166 4390 278 4462 diximus,
295 4392 352 4460 jum
372 4390 419 4445 illo
438 4398 561 4458 tempore
581 4388 700 4443 nlrsolnti
719 4388 839 4457 fererant,
858 4389 932 4458 quod
951 4397 1088 4444 testentur
1107 4391 1307 4461 dedicationem
1327 4391 1374 4445 illa
1392 4393 1453 4447 libri
1472 4408 1513 4449 se·

166 4481 235 4535 caudi
253 4480 320 4536 datu
339 4486 382 4536 est
401 4479 435 4533 ad
454 4479 626 4533 llerwnrturu
644 4475 791 4531 Novembri
813 4478 889 4545 tutti,
909 4476 956 4530 illo
974 4477 1047 4531 tertii
1067 4477 1101 4532 ud
1121 4480 1343 4547 Sturenlrergiunr
1360 4480 1513 4547 Decembri,

166 4580 217 4623 cunr
233 4586 304 4640 opus
322 4568 457 4637 integrum
475 4566 609 4636 prodierit
628 4566 736 4621 demum
753 4580 825 4619 annu
847 4566 925 4623 tutu.

258 4668 300 4721 De
319 4666 376 4721 filio
395 4672 459 4720 nato
479 4665 547 4719 heroe
568 4662 798 4732 deprehendimus
817 4663 844 4717 iu
863 4663 1027 4719 collectione
1045 4664 1231 4719 nativitatum:
1251 4658 1308 4719 Die
1325 4661 1514 4721 21.Dcceru·

171 4742 223 4807 bris
243 4759 332 4810 uatus
354 4749 433 4808 silius
455 4748 694 4808 Ludovicus.
728 4744 901 4822 Baptizatus
925 4750 953 4805 in
969 4748 1094 4808 aedibus
1116 4766 1134 4806 a
1157 4768 1204 4808 rue
1228 4747 1380 4808 conductis
1399 4753 1513 4820 (medes

168 4836 358 4911 Cuneriaaae,
376 4857 392 4897 c
409 4842 520 4911 regione
538 4839 706 4896 desciturum
727 4839 762 4895 sd
778 4842 922 4911 perteue)
944 4838 1112 4899 aministro
1131 4837 1187 4897 sub
1202 4842 1338 4915 utroque.
1375 4838 1512 4901 Patrimi:
