3322 5534
148 403 215 475 598
286 441 289 445 -
464 398 645 459 scammum
660 396 800 455 necnec
815 395 1010 457 Διὶιοιιοιιὶω
1023 396 1121 458 nult
1136 399 1215 461 xvi.

149 587 275 636 turbatam
293 584 480 643 deiicientem
500 581 646 643 seriemque
664 580 804 642 icaunam
822 578 849 625 ln
861 577 907 628 ill.
921 579 1018 642 prolem
1036 581 1183 642 amicosque
1200 587 1284 647 ngat,
1302 583 1349 631 aed
1360 597 1411 633 uon
1426 583 1493 635 mu

149 659 203 723 dat,
221 655 288 703 unde
306 656 381 701 stiam
399 653 489 715 quiin
508 651 540 701 V.
559 651 598 697 sel
616 648 662 699 XI.
680 648 778 695 Lunam
797 648 902 708 habent,
925 650 1018 697 multos
1041 647 1109 698 filios
1133 652 1289 716 sortiuntur,
1312 653 1359 703 eeel
1376 654 1408 704 de
1422 659 1492 720 μή

149 727 272 789 gaudium
290 724 446 789 percipiunt;
465 723 492 768 in
510 720 568 769 llll.
586 719 726 781 tristitiam,
744 719 845 766 brevem
863 719 953 770 vitam.
971 747 1005 757 --

255 796 284 842 ln
303 795 371 841 omni
389 794 504 853 genitura
522 796 560 838 est
578 790 689 853 optimus
706 786 777 838 locus
795 787 829 841 X.
850 787 889 836 rel
907 789 926 836 1.
944 790 967 838 si
985 791 1024 838 his
1042 791 1146 839 fortune
1163 792 1203 841 vel
1214 791 1304 841 radius
1320 795 1445 857 propitius
1462 795 1490 845 rel

150 866 253 917 alterius
271 865 404 912 luminaris
422 860 461 909 ccl
480 859 553 910 stella
570 859 698 908 fortunate
713 862 865 923 jungantnr3
883 860 993 909 medium
1013 861 1079 909 cosli
1105 863 1248 922 estmagni
1266 863 1377 916 roboria.
1397 891 1425 902 -
1441 864 1489 915 css.

148 938 247 999 junctio
272 936 372 984 Saturni
398 938 423 979 et
440 930 522 991 Jovie,
545 933 571 978 in
596 944 647 994 quc
670 931 742 990 signo
763 924 794 977 'et
816 943 874 978 cnm
899 933 992 995 quibus
1014 929 1096 979 stellis
1119 938 1145 979 ct
1168 933 1213 980 ubl
1238 933 1313 981 Luna
1333 938 1396 983 tunc
1415 950 1442 985 ac
1458 935 1489 987 iel

148 1008 250 1067 luerint,
269 1003 456 1059 consideranda,
474 1016 531 1049 nam
551 1002 613 1049 haec
631 1001 679 1047 erit
697 999 831 1063 dispositio
848 1001 883 1050 20
902 1015 1026 1049 annornm
1043 1004 1202 1066 sequentium
1221 1003 1358 1063 genualia.
1394 1004 1487 1056 hcet

151 1075 219 1128 Solis
236 1076 269 1123 ad
287 1081 408 1138 punctum
427 1074 498 1120 illins
516 1071 701 1131 coniunctionis
720 1069 844 1118 indicabit
862 1071 937 1119 nnius
955 1075 1015 1120 anni
1033 1078 1216 1136 tempestatem.
1254 1074 1387 1134 lngreem
1402 1074 1487 1125 seinis

149 1148 225 1196 initia
244 1146 285 1206 V,
304 1147 347 1207 Ξ,
366 1143 410 1203 st,
432 1143 472 1203 z,
490 1142 626 1205 qualesque
645 1141 738 1187 inerint
761 1139 828 1188 radii
845 1138 1003 1205 planetarum
1027 1157 1084 1190 cum
1098 1143 1185 1204 Luna,
1208 1144 1293 1208 qualis
1312 1144 1384 1195 loeua
1403 1144 1486 1195 heim.

148 1220 215 1267 rium
234 1218 261 1265 in
281 1218 350 1279 orbe,
369 1213 427 1262 talis
445 1214 493 1261 erit
511 1212 644 1275 dispositio
664 1213 680 1260 3
699 1211 823 1259 mensium
840 1213 1037 1276 interceptorem
1054 1217 1104 1266 ete.

254 1298 349 1355 Missis
373 1297 415 1351 his
438 1294 609 1363 astrologicis
628 1291 745 1348 Cardani
767 1293 934 1348 vanitatibus
958 1294 1028 1349 alios
1052 1295 1112 1363 ejus
1130 1295 1238 1351 adimus
1256 1296 1359 1368 libros,
1384 1298 1489 1370 eqn'tu

150 1386 293 1457 multiplex
317 1385 376 1454 ejus
403 1383 527 1437 doctrina
551 1381 674 1434 immixta
697 1380 870 1448 perversitati
888 1381 988 1450 ingenii
1012 1382 1079 1437 satis
1104 1383 1207 1449 elucet,
1231 1383 1490 1443 dicimna·libree1te

146 1475 309 1535 Subtilitate
327 1480 354 1527 et
372 1472 416 1527 De
434 1471 538 1526 Rerum
561 1468 709 1524 Varietate.
742 1467 820 1536 Quae
837 1467 872 1522 de
889 1468 1005 1539 physica
1022 1478 1170 1526 occurrunt
1186 1471 1322 1543 notanda,
1341 1473 1410 1528 haee
1427 1480 1495 1529 eunt:

151 1567 214 1629 ,list
231 1564 329 1628 aliquid
347 1564 374 1610 in
393 1575 474 1609 rerum
492 1566 584 1607 natura
601 1560 648 1606 sub
667 1557 747 1607 forme
763 1559 880 1624 latitans,
905 1560 975 1624 quod
993 1575 1038 1609 nec
1056 1576 1101 1625 per
1118 1565 1307 1624 generationem
1324 1561 1369 1631 fit,
1395 1579 1437 1615 nec
1449 1578 1497 1614 cer·

148 1637 268 1703 ruptione
290 1636 348 1698 ipsa
373 1633 471 1695 interit5
495 1631 543 1677 hoc
561 1630 644 1693 ipsum
670 1634 697 1676 ut
713 1630 823 1693 primum
846 1630 973 1694 quoddam
1001 1634 1132 1680 materiem
1149 1635 1258 1697 primam
1276 1648 1396 1684 vocamus
1411 1637 1502 1697 inmi-

148 1714 200 1755 tam
218 1717 393 1764 necunquam
413 1701 576 1749 interituram
613 1698 719 1746 Materia
737 1700 819 1763 prima
835 1707 892 1749 actu
911 1706 963 1766 eet,
990 1701 1025 1749 ad
1041 1702 1134 1750 formas
1156 1711 1302 1767 comparata
1322 1707 1433 1768 potentie
1450 1714 1509 1755 eta·

150 1777 253 1826 dicitur.
291 1773 352 1822 Cum
371 1775 427 1836 ipsa
445 1773 478 1818 ab
497 1771 571 1817 initio
590 1773 644 1817 tota
661 1770 751 1817 inisset
768 1767 950 1834 implessetque
967 1771 1015 1820 hoc
1034 1786 1171 1821 concavum
1183 1775 1259 1829 erbis,
1277 1788 1324 1823 nec
1336 1774 1510 1840 paremus,

148 1859 256 1895 vacuum
275 1858 328 1893 esse
347 1857 398 1891 lion
416 1845 506 1903 potest.
542 1839 616 1898 Quod
634 1852 741 1888 vacnum
760 1853 811 1888 non
828 1840 876 1896 ait,
898 1840 971 1890 folles
997 1842 1134 1891 ostendunt
1156 1842 1265 1905 seclusi,
1291 1847 1338 1908 qui
1360 1846 1384 1896 ei
1405 1847 1515 1895 nmin-

149 1915 324 1965 disteudautur
342 1912 506 1974 tranguntur;
531 1923 589 1957 nam
612 1911 683 1958 loeus
703 1911 822 1975 capacior
843 1911 926 1960 iectus
949 1926 1006 1960 cum
1029 1926 1075 1961 nec
1099 1915 1155 1962 aire
1176 1912 1280 1978 impleri
1302 1917 1395 1978 possit,
1417 1921 1515 1965 metu!

149 1986 299 2035 tenuitatem
317 1997 367 2032 uon
386 1983 541 2044 admittente,
559 1994 606 2028 nec
623 1993 732 2028 vacuum
751 1979 806 2029 deri
824 1987 907 2046 queat,
925 1989 1041 2046 superest
1051 1984 1163 2044 tertium,
1180 1990 1210 2033 ut
1226 1981 1302 2035 tolles
1315 1987 1512 2050 disrumpentur.

147 2056 231 2117 Hujus
250 2055 322 2103 vacui
340 2054 489 2101 necessitate
507 2064 575 2115 equa
592 2051 715 2112 ascendit,
734 2049 794 2098 dum
813 2066 859 2114 per
877 2052 991 2101 canalem
1008 2054 1136 2118 sugimus,
1155 2068 1286 2119 pronaque
1304 2055 1431 2106 descendit
1444 2057 1508 2105 ien-

147 2127 215 2176 riens
234 2125 336 2173 situlam
355 2138 387 2171 ex
405 2122 516 2173 urceolo.
553 2120 608 2169 Hac
626 2122 723 2168 ratione
740 2118 844 2170 lucerna
862 2122 985 2171 mirabilis
1003 2126 1147 2183 excogitate
1164 2130 1217 2189 est,
1241 2127 1319 2174 turris
1339 2128 1418 2177 eorm
1433 2126 1507 2175 andi-

149 2210 198 2259 qne
217 2193 334 2245 conclusa
352 2192 457 2257 soloque
469 2192 590 2240 toramine
603 2195 731 2253 contenta,
750 2206 796 2255 per
807 2191 876 2256 quod
889 2191 972 2241 oleum
990 2193 1141 2243 infunditur.
1168 2192 1232 2244 Cum
1244 2198 1409 2258 convertitur,
1424 2194 1503 2246 cleu

149 2267 245 2316 edundi
268 2278 319 2313 uon
338 2268 437 2328 potest3
463 2276 521 2309 nam
540 2261 563 2309 si
580 2258 764 2322 effunderetur,
788 2275 896 2310 vacuum
914 2264 1107 2328 relinqueretur.
1145 2265 1256 2314 accenso
1276 2270 1361 2315 antem
1386 2264 1500 2328 ellychnio

149 2335 233 2385 oleum
252 2336 408 2383 consumitur
431 2338 456 2380 et
474 2333 511 2381 sic
532 2332 635 2379 lucerne
659 2333 751 2380 sensim
775 2346 855 2380 vacua
871 2333 999 2397 redditur,
1024 2334 1092 2396 qnod
1111 2335 1177 2395 ignm
1195 2333 1368 2385 cdeiaclendo
1385 2338 1461 2386 retina
1474 2340 1499 2384 et

147 2408 249 2455 tenuius
268 2403 346 2453 eidclt
363 2403 454 2463 oleum,
472 2402 498 2449 id
512 2403 593 2449 rarius
607 2402 702 2449 tactum
714 2403 858 2450 intumescit
876 2409 902 2450 et
918 2418 962 2465 per
979 2403 1091 2452 toramen
1111 2406 1241 2470 exuberat,
1260 2406 1437 2470 levissimaqne
1451 2409 1496 2468 aiut

148 2491 208 2540 para
224 2476 326 2524 interim
344 2474 458 2522 aseendit
476 2473 507 2520 ad
527 2485 652 2520 summum
669 2470 800 2536 lucernas,
825 2487 965 2536 quaecum
988 2473 1069 2522 multo
1089 2477 1144 2522 aare
1166 2477 1258 2524 referta
1275 2478 1324 2542 sit,
1351 2478 1430 2527 locun
1450 2479 1493 2527 aiat

149 2544 260 2610 complet
277 2559 308 2593 ac
325 2546 362 2593 sic
380 2545 473 2591 sensim
492 2547 607 2606 augetur,
626 2542 685 2589 dum
704 2541 788 2590 oleum
806 2541 952 2594 effunditur.
982 2543 1091 2594 Materia
1107 2546 1185 2604 igitur
1202 2547 1298 2610 ubique
1317 2554 1372 2610 eet;
1389 2546 1434 2596 illa
1447 2559 1490 2596 ιιιι

149 2618 203 2666 sins
222 2618 304 2664 torma
322 2629 375 2662 esse
394 2629 444 2661 non
463 2619 560 2678 potest,
586 2626 662 2674 qnare
687 2614 761 2661 ctiam
780 2614 885 2661 {ormam
904 2615 998 2677 uirique
1017 2629 1071 2663 csse
1093 2629 1196 2664 necesse
1219 2622 1274 2678 est,
1298 2617 1345 2666 sed
1364 2623 1389 2667 et
1404 2618 1489 2667 enim

149 2686 284 2752 quandam,
303 2700 347 2733 seu
365 2682 434 2748 qnod
452 2684 547 2747 ubique
565 2681 612 2730 fiat
623 2684 762 2746 generatio,
780 2697 825 2731 seu
845 2684 914 2748 quod
932 2686 960 2732 in
972 2699 1123 2750 quocunque
1136 2699 1251 2749 corpore,
1271 2701 1330 2735 cnm
1341 2693 1411 2737 extra
1426 2688 1489 2737 Ιοοιι

149 2770 222 2805 suum
240 2756 328 2815 fuerit,
352 2761 434 2803 motus
457 2754 613 2817 principium
638 2766 692 2800 esse
719 2753 841 2806 rideatur.
876 2756 912 2802 At
929 2761 1012 2804 metm
1028 2769 1079 2803 non
1096 2757 1130 2804 ab
1149 2757 1240 2815 anime,
1259 2758 1305 2806 aed
1323 2772 1341 2806 a
1357 2764 1442 2807 nature
1457 2762 1488 2806 et

150 2826 279 2887 Quaedam
298 2839 328 2872 ex
347 2825 495 2888 corporibus
514 2829 543 2871 nt
560 2821 626 2871 levia
644 2836 752 2889 sursum,
772 2821 824 2871 elia
842 2824 960 2873 deorsum
979 2827 1095 2874 seruntur
1113 2831 1142 2873 ut
1158 2827 1255 2893 maria,
1274 2842 1327 2876 non
1345 2842 1402 2877 vere
1418 2823 1488 2893 impti-

149 2899 236 2945 luntur
253 2909 301 2943 nec
318 2895 462 2958 trahuntur,
487 2894 558 2941 locus
582 2894 649 2941 enirn
666 2892 782 2942 accidens
800 2900 839 2942 est
856 2900 882 2942 et
899 2896 1050 2944 clementum
1069 2898 1152 2959 ipsum
1176 2910 1228 2944 non
1246 2898 1326 2947 trahit
1342 2898 1442 2963 utque:
1461 2898 1488 2945 ln

148 2968 238 3015 timum
256 2966 334 3025 igitur
353 2971 399 3029 eet,
418 2978 469 3029 quo
488 2966 604 3011 movetur
621 2965 772 3011 elementum
791 2969 835 3011 ant
852 2966 886 3012 ab
904 2966 1027 3014 elemento
1041 2969 1156 3019 mixtum.
1181 2964 1247 3015 Dico
1266 2969 1383 3032 mixtum,
1401 2974 1427 3016 ut
1440 2966 1488 3031 lepl-

150 3037 206 3085 dem
224 3050 239 3082 a
256 3040 332 3096 terra,
351 3049 415 3099 quae
434 3037 461 3082 in
480 3036 536 3096 ipso
556 3039 601 3099 est,
621 3034 738 3082 deorsum
756 3036 864 3099 moseri,
887 3042 932 3083 ant
950 3050 1030 3099 aque,
1052 3036 1176 3100 siqnidem
1196 3037 1277 3085 mixte
1294 3043 1320 3086 et
1337 3040 1394 3103 ipae
1409 3040 1437 3087 ab
1452 3038 1489 3086 elt-

149 3111 234 3154 mento
252 3111 296 3152 aut
314 3104 452 3166 elementis,
471 3119 537 3167 qnae
555 3105 582 3151 in
602 3106 664 3167 ipsis
684 3104 853 3164 dominentur,
872 3106 968 3153 moveri
987 3107 1079 3158 solent.
1101 3105 1163 3155 Cum
1178 3120 1236 3154 vero
1249 3118 1358 3171 corpora
1374 3111 1489 3173 ipsaeint·

150 3176 207 3225 dem
225 3189 275 3223 non
293 3176 387 3223 fuerint
405 3176 516 3235 generis,
541 3173 747 3221 eodeminloco
766 3189 889 3223 essenon
912 3183 1032 3238 possunt:
1058 3191 1117 3225 nam
1135 3178 1242 3225 materia
1258 3174 1304 3226 illa
1328 3178 1392 3228 duaa
1408 3179 1490 3227 lanera
1516 3208 1519 3213 -

149 3246 225 3295 simul
244 3247 344 3296 formas.
382 3243 538 3292 condensari
557 3258 647 3307 corpus
664 3247 761 3306 potest,
781 3245 849 3308 quod
868 3245 962 3294 similes
981 3247 1058 3294 habet
1073 3252 1171 3313 partes,
1190 3260 1241 3294 non
1259 3252 1347 3299 autem
1364 3258 1490 3312 corporate

148 3322 278 3380 penetrare
297 3322 413 3379 possunt.
433 3345 463 3354 -
487 3316 514 3362 ln
532 3316 676 3361 universum
695 3319 745 3361 tres
764 3322 838 3363 erunt
854 3321 948 3363 motus:
977 3314 1000 3377 l)
1019 3331 1034 3363 a
1052 3319 1126 3366 vacui
1144 3316 1213 3382 iuga,
1233 3318 1279 3366 sed
1297 3321 1381 3369 verius
1399 3319 1490 3367 efesus

149 3389 273 3443 elementi,
294 3401 349 3434 cum
370 3389 488 3446 majorem
507 3387 635 3432 raritatem
654 3398 705 3432 non
723 3384 846 3445 admittet,
866 3399 911 3435 nec
929 3389 1048 3434 materiae
1066 3394 1149 3450 partes
1162 3390 1275 3450 seperari
1286 3402 1397 3454 nuquam
1408 3392 1490 3452 queant

148 3459 209 3506 Esse
228 3463 311 3504 antem
337 3458 404 3504 hunc
427 3460 521 3503 motum
539 3456 690 3513 naturalem,
715 3455 825 3503 ostendit
849 3470 986 3505 consensus
1003 3459 1031 3504 in
1048 3457 1097 3505 hoc
1115 3459 1226 3506 universi
1250 3464 1275 3507 at
1295 3459 1436 3509 obedientia
1451 3471 1490 3508 cu·

149 3528 218 3575 nium
237 3541 378 3590 corporum,
398 3541 461 3587 ques
478 3524 574 3573 relictis
592 3527 704 3589 propriis
717 3526 837 3590 motibus,
857 3533 885 3573 nt
903 3527 962 3574 huic
980 3528 1144 3592 satisfaciant,
1163 3529 1306 3578 ascendunt
1323 3536 1411 3594 sponte
1421 3528 1490 3590 gretia

148 3598 352 3660 descenduntque
370 3596 444 3643 levia.
480 3593 505 3658 2)
525 3595 608 3643 Motus
632 3597 726 3644 directo
753 3597 810 3644 huic
833 3599 974 3645 contrarius
993 3595 1085 3662 (metus
1107 3597 1276 3663 attractionis)
1302 3603 1386 3665 specie
1408 3598 1489 3665 quiin

148 3666 238 3716 utillc
257 3681 367 3715 evacuo
387 3669 422 3715 tit.
460 3666 509 3713 Hic
527 3680 558 3713 ne
577 3679 683 3727 corpora
702 3681 728 3714 se
747 3671 834 3715 mutuo
852 3673 984 3730 penetrent
1001 3667 1086 3716 iactus
1104 3669 1216 3734 videtur,
1241 3670 1286 3718 sed
1305 3673 1388 3720 verius
1405 3666 1488 3735 oppeti-

147 3744 198 3785 tam
216 3739 295 3799 priori
314 3739 346 3784 ob
365 3738 495 3799 rationem,
514 3750 545 3784 ne
563 3750 599 3788 sc.
618 3738 699 3784 iorma
716 3733 775 3798 plus
790 3739 859 3797 Justo
878 3752 954 3801 quam
973 3737 1062 3786 debeat
1078 3741 1197 3788 materiae
1217 3741 1317 3804 primae
1335 3745 1488 3806 consequatur.

148 3807 248 3855 Clarum
267 3812 312 3871 est,
332 3808 421 3855 ambos
440 3812 522 3854 motus
541 3808 653 3855 motibus
671 3808 789 3854 omnibus
808 3807 927 3855 violentis
945 3811 1099 3870 potentiores
1118 3810 1197 3857 multo
1217 3824 1280 3863 esse.
1313 3811 1344 3876 3)
1356 3812 1487 3871 Mutuum·

147 3880 217 3926 vium
235 3878 269 3925 ad
287 3878 394 3938 interna,
412 3877 505 3923 levium
525 3876 557 3923 ed
575 3891 693 3938 superna,
712 3891 787 3940 quem
805 3875 883 3940 plane
901 3891 987 3927 omnes
1005 3878 1145 3927 naturalem
1163 3895 1218 3929 esse
1236 3882 1356 3932 fatentur.

252 3948 311 3996 Tria
329 3954 388 3995 sunt
406 3949 539 3994 elementa:
567 3954 642 4011 terra,
662 3961 726 4011 quae
752 3947 902 3996 densissima
920 3953 958 3997 est
976 3955 1053 4012 atque
1077 3950 1226 4010 gravissime
1249 3953 1277 3998 in
1300 3953 1402 4018 imoque
1417 3948 1488 4016 prdie

149 4020 198 4083 asir,
217 4020 263 4082 qni
280 4019 434 4078 rarissimus,
455 4018 605 4080 leuissimus,
625 4019 650 4064 in
670 4032 787 4080 suprema
804 4024 877 4081 perte
895 4017 1040 4083 collocatur,
1059 4025 1084 4067 et
1102 4033 1177 4085 aqua,
1196 4035 1262 4086 quae
1280 4023 1392 4073 medinm
1408 4024 1434 4073 ln
1448 4030 1488 4068 en·

148 4090 222 4137 nibus
242 4090 280 4137 his
297 4088 420 4151 possidet.
454 4085 603 4135 Communia
622 4089 740 4135 omuibus
758 4093 825 4148 sunt,
844 4089 911 4150 quod
930 4090 1042 4150 expertia
1059 4096 1119 4137 sunt
1136 4091 1239 4139 innatae
1258 4093 1408 4159 caliditatis,
1423 4084 1490 4141 null!

148 4160 214 4206 enim
235 4158 304 4207 calor
321 4160 371 4205 nisi
390 4173 404 4203 a
423 4156 492 4204 coelo
511 4161 586 4220 atque
604 4158 661 4206 ideo
680 4160 713 4204 ab
733 4160 816 4206 anima
835 4158 874 4206 vel
891 4158 957 4211 lnce.
993 4158 1083 4208 Omnis
1100 4159 1145 4208 lux
1164 4161 1249 4210 calide
1267 4169 1436 4213 asteterunt
1449 4162 1490 4211 et·

148 4245 203 4278 rum
222 4231 254 4277 ob
274 4230 300 4277 id
321 4227 439 4278 calidum.
465 4228 634 4291 Decipiuntur
652 4229 757 4291 plurimi
775 4229 802 4276 in
821 4228 951 4277 elementis
970 4231 1003 4277 ob
1022 4228 1131 4279 calorem
1144 4229 1285 4281 violentum
1298 4236 1491 4299 eutlmpren

147 4300 211 4348 Nam
229 4314 259 4348 ex
276 4300 376 4347 actione
395 4304 517 4345 astrorum
536 4299 716 4347 elementorum
735 4303 818 4360 partes
835 4299 869 4347 ad
887 4300 1031 4347 mistionem
1051 4303 1157 4351 veniunt
1175 4303 1291 4368 dunque
1307 4305 1420 4369 potantia
1434 4298 1490 4361 telq

148 4374 176 4418 ut
194 4372 268 4434 piper
287 4368 410 4431 calidum;
431 4369 473 4414 sed
492 4368 539 4415 hoc
557 4382 609 4416 non
627 4374 664 4417 est
682 4369 839 4433 elementum,
859 4369 903 4418 sed
921 4371 1032 4424 mistum.
1056 4370 1125 4430 Ignis
1143 4372 1230 4434 etiam,
1243 4387 1310 4438 quae
1328 4374 1437 4439 lepidum
1449 4368 1490 4421 etl·

147 4439 239 4487 lisicne
258 4440 414 4499 accenditur,
440 4443 477 4485 ost
496 4438 612 4487 caliditas
638 4444 761 4487 astrorum
785 4441 812 4487 in
831 4454 936 4502 corpore
953 4441 1088 4492 rarefacta.
1126 4441 1287 4493 Elementum
1310 4458 1363 4495 non
1380 4458 1437 4495 racc
1451 4452 1492 4493 ιι

147 4509 334 4570 calidissimam,
353 4510 397 4556 sed
417 4507 479 4555 illud
493 4505 642 4556 elementum
656 4510 721 4569 dico,
739 4510 808 4574 quod
820 4524 867 4559 nec
879 4509 973 4573 pabulo
985 4511 1092 4573 indiget,
1111 4525 1155 4561 nec
1167 4518 1259 4576 sponte
1272 4517 1443 4582 corrumpitur,
1456 4522 1492 4563 eet

147 4584 258 4644 vagatur,
277 4579 321 4626 sed
339 4585 431 4626 certam
449 4584 518 4626 tenet
534 4578 632 4643 sedem,
652 4582 787 4629 maximam
806 4581 902 4629 habens
915 4582 1006 4629 molem
1025 4596 1056 4631 ac
1074 4581 1108 4631 ad
1125 4585 1318 4643 generationem
1335 4592 1445 4652 peretum
1456 4584 1492 4633 d

147 4649 260 4712 Cumque
272 4650 370 4697 nullum
382 4650 471 4696 horum
484 4650 537 4712 igni
551 4651 690 4712 conveniat,
710 4652 776 4699 hunc
789 4648 939 4699 elementum
954 4665 1114 4717 nequaquem
1126 4653 1326 4717 appellabimus.
1350 4654 1494 4707 rm«

147 4718 212 4768 nihil
224 4718 295 4767 aliud
307 4734 381 4783 qnam
400 4721 441 4766 aiir
458 4732 591 4778 accensus,
610 4727 731 4784 perpetuo
749 4725 875 4786 ureretur,
895 4735 940 4783 per
957 4724 1139 4782 angustissima
1157 4724 1284 4774 foramine
1307 4726 1454 4789 ingreditur,
1468 4722 1494 4775 ti

147 4795 242 4837 motum
262 4790 355 4837 dividit
367 4803 395 4835 ec
408 4789 509 4853 scindit,
529 4789 634 4837 discissa
646 4792 729 4840 calore
741 4792 863 4840 immenso
882 4794 934 4840 urit
951 4808 982 4841 ac
999 4795 1026 4840 in
1039 4795 1171 4857 propriam
1189 4799 1318 4847 convertit
1334 4798 1496 4849 cubantia.

146 4860 240 4911 anue
252 4865 291 4911 eat
302 4857 405 4929 duplex,
417 4859 529 4929 quidem,
548 4861 593 4925 qui
604 4861 717 4913 dammae
732 4861 857 4926 succedit,
874 4864 960 4914 tenuis
973 4867 1012 4914 sat
1022 4869 1050 4915 et
1060 4865 1089 4923 ln
1098 4865 1185 4925 eiecta
1202 4864 1322 4931 celarit„
1333 4870 1422 4927 uma
1429 4872 1497 4935 atqet
