3308 5534
217 360 261 432 66
492 359 607 419 ioannis
625 358 740 435 liepleri
757 360 847 420 Notae
862 361 891 418 in
908 361 1047 419 Somnium
1064 362 1290 421 Aemonomicnnn

322 536 467 593 Traaailiri
485 536 676 594 documentum
694 537 819 607 tertium
837 539 865 595 id
883 538 1038 608 disputator
1055 536 1138 594 insert
1154 539 1226 595 thesi
1246 539 1304 596 tls.
1333 536 1464 594 lanceatis
1476 537 1574 593 Lanae

215 632 309 687 margo
334 618 424 673 clarus
448 626 477 672 et
499 632 585 687 purus
603 625 647 671 eat
664 624 693 672 et
710 618 768 672 aine
787 617 912 684 maculis,
936 617 964 671 in
988 616 1076 673 medio
1099 625 1158 673 tota
1175 618 1257 674 Luna
1277 617 1418 674 maculosa
1441 626 1573 687 apparet:

217 696 281 767 quia
298 695 424 751 nimirum
442 700 490 752 ner
507 695 611 751 tunam
629 696 657 751 in
675 698 765 753 medio
783 714 898 767 corpore
915 714 993 753 rarus
1013 707 1041 754 et
1058 696 1176 752 vadosus
1196 699 1222 752 in
1242 697 1365 766 devexis,
1389 711 1484 751 uersas
1502 710 1574 751 mar·

215 776 292 844 pines
310 774 461 844 profundus
478 774 597 830 occurrit
609 775 684 831 risui.
710 777 755 832 Sic
773 776 845 831 euim
863 778 890 830 in
903 776 1004 831 Terrae
1016 775 1181 845 planitiebus
1198 782 1247 832 atr
1264 791 1349 847 supra
1360 773 1460 845 capita,
1477 790 1574 844 qnam·

213 856 255 909 ris
274 869 291 908 a
308 854 372 909 Sole
390 853 570 921 illuminatus,
596 871 649 910 non
668 856 747 911 valde
764 864 854 911 movet
872 857 974 925 risum,
994 864 1022 911 et
1041 872 1056 911 e
1074 854 1210 924 profando
1228 862 1314 923 puteo
1332 852 1575 923 prospectantibus

216 951 271 991 non
288 935 357 1004 tegit
375 934 469 989 stellas
487 935 620 1003 majorem
639 942 668 990 at
685 942 734 990 adr
750 933 887 989 montibus
899 935 1004 989 eminus
1017 933 1205 998 circumfusus,
1223 934 1288 1004 quia
1300 947 1415 1002 magnae
1433 929 1574 1003 profundi-

214 1014 279 1070 tatis
297 1014 440 1070 maritum
458 1014 573 1083 praebet
590 1013 667 1081 risui,
686 1014 809 1082 albescit,
828 1022 934 1068 montes
954 1014 1025 1069 ultra
1038 1014 1143 1083 positos
1155 1013 1283 1069 caeruleo
1302 1012 1393 1069 colore
1411 1011 1500 1081 angle,
1518 1010 1575 1065 imo

214 1093 322 1163 penitus
341 1091 466 1161 offuscat,
484 1092 622 1161 etiamque
639 1091 752 1148 ahsente
764 1092 828 1148 Sole
840 1092 935 1148 stellas
947 1092 1113 1149 clarissimas
1125 1092 1244 1149 orientes
1259 1091 1409 1149 obnubilat.
1428 1091 1473 1147 Sic
1485 1089 1576 1147 nubes

213 1170 374 1241 plerumque
392 1188 475 1240 supra
494 1172 608 1227 vertices
626 1182 674 1228 aut
692 1173 784 1229 nullae
802 1181 850 1229 aut
868 1188 981 1242 sparsae
999 1182 1027 1229 et
1045 1182 1265 1242 transparentea,
1290 1187 1385 1228 sersus
1403 1170 1575 1225 horizontem

214 1264 330 1320 semper,
351 1251 397 1305 ubi
415 1251 458 1304 vel
476 1250 615 1305 minimum
634 1249 697 1318 quid
716 1258 759 1307 est
776 1253 805 1307 in
824 1252 933 1320 uertice,
952 1251 1137 1307 densissimae.

317 1330 393 1385 Haec
416 1340 481 1386 sunt
502 1329 665 1386 documenta
683 1330 821 1386 Maeatlini
845 1331 879 1385 de
902 1337 964 1385 acre
983 1330 1099 1399 Lunari,
1125 1329 1191 1385 haec
1215 1346 1307 1385 eorum
1332 1331 1381 1384 ris.
1418 1328 1486 1383 Post
1503 1327 1575 1383 haec

214 1409 297 1479 igitur
320 1410 401 1465 interr
419 1409 510 1465 thesin
532 1411 580 1466 152
603 1424 718 1476 eamque
742 1411 917 1479 penultimam
941 1408 1039 1476 libelli,
1063 1408 1091 1462 in
1110 1425 1164 1478 qua
1187 1414 1277 1463 adrem
1296 1408 1418 1464 lunarem
1436 1407 1483 1462 ille
1502 1422 1575 1461 conr·

215 1496 295 1558 parat
312 1488 369 1544 aeri
388 1500 482 1543 nostro
501 1488 592 1543 Terris
611 1488 783 1558 circumfusa,
803 1496 943 1559 comparat
955 1487 1106 1542 claritatem
1125 1487 1198 1542 illam
1217 1486 1301 1553 limbi,
1320 1502 1390 1556 qnae
1409 1485 1575 1542 mirabilium

212 1565 414 1635 apparitionum
434 1581 516 1621 cansa
534 1567 627 1621 existit
644 1583 759 1623 aurorae
777 1578 900 1635 nostrue3
920 1566 1074 1635 attollitque
1087 1565 1181 1620 oculos
1194 1576 1304 1619 nostros
1321 1567 1350 1619 in
1367 1564 1462 1629 altum,
1479 1574 1511 1619 nt
1522 1578 1576 1633 ego

213 1644 241 1701 in
259 1645 373 1709 Lunam,
392 1646 455 1700 iude
472 1646 612 1713 agnituros
630 1647 656 1701 in
677 1649 728 1703 hac
747 1646 859 1702 Tellure
876 1654 971 1700 nostra
988 1645 1173 1715 apparitiones
1191 1643 1272 1713 plane
1290 1643 1454 1699 consimiles.

318 1725 443 1793 Denique
461 1734 553 1780 notam
571 1726 689 1795 subjicit,
707 1728 762 1793 Au,
781 1725 916 1793 inquiens,
935 1730 985 1779 atr
997 1725 1051 1791 ilie,
1069 1724 1195 1779 similiter
1206 1730 1238 1778 at
1250 1730 1344 1779 nomer
1361 1725 1392 1779 t'a
1409 1724 1497 1778 ashes
1509 1738 1574 1779 cors·

212 1812 324 1873 armam,
343 1821 414 1875 qaae
433 1805 569 1875 opacitate
586 1810 702 1877 speciem
719 1808 840 1863 induant
857 1805 1087 1861 solidissimorum
1104 1822 1258 1875 corporum,
1277 1822 1361 1875 eaque
1377 1812 1409 1862 ut
1426 1805 1505 1875 apud
1521 1821 1574 1861 reos

212 1882 277 1940 aaa
294 1885 398 1939 oriente
409 1886 450 1940 cel
468 1886 612 1955 occidente,
631 1888 778 1943 candentes
789 1892 840 1940 arti
851 1887 947 1955 ipneae
961 1891 1130 1953 appareant:
1146 1886 1177 1939 ia
1188 1884 1277 1939 medio
1294 1885 1481 1954 relinquimus.
1507 1882 1572 1939 Hoc

212 1969 283 2017 certe
298 1978 350 2018 uos
368 1962 461 2017 docuit
478 1966 656 2033 experientia,
675 1965 750 2034 qaod
767 1963 942 2031 circumfluas
959 1963 1003 2016 ille
1020 1962 1150 2031 splendor
1167 1962 1283 2017 dirersis
1300 1964 1468 2032 temporibus
1484 1978 1573 2033 appa·

211 2046 275 2095 reat
293 2041 435 2110 limpidior
442 2042 509 2110 pias
521 2045 651 2098 mirasse.
678 2044 715 2097 Et
727 2040 803 2095 addit
816 2040 1007 2096 documentum
1021 2055 1097 2094 meae
1111 2050 1205 2108 aptum
1218 2040 1377 2109 hypothesi:
1396 2042 1480 2097 Aeso
1494 2041 1573 2097 roos.

211 2135 325 2189 vespera
337 2119 500 2175 Palmaram
517 2121 548 2174 ia
559 2121 658 2175 Lanae
670 2120 820 2188 deficientis
832 2134 954 2188 corpore,
967 2117 1110 2173 candentis
1125 2120 1196 2188 ferri
1207 2120 1325 2175 colorem
1342 2125 1574 2189 repraesentante,

210 2214 305 2255 aereas
323 2199 434 2254 hoream
453 2200 596 2269 nipricaas
613 2199 748 2268 quaedam
765 2198 875 2253 macula
893 2203 919 2251 et
932 2196 1075 2252 obscurior
1090 2199 1196 2268 reliquo
1214 2214 1328 2269 corpore
1339 2206 1485 2268 conspecta
1500 2199 1575 2267 fait,-

210 2276 327 2333 dicisses
344 2277 442 2332 nubila
462 2278 490 2330 im
510 2278 623 2332 maltam
640 2279 777 2347 repiorrem
795 2284 915 2343 extensa,
930 2276 1034 2346 placiis
1052 2285 1078 2333 et
1097 2280 1287 2348 tempestuosis
1302 2281 1434 2335 imbribus
1444 2278 1574 2349 prouida,

211 2354 365 2423 cammada·
382 2356 419 2410 ab
436 2356 603 2409 excelsorum
619 2357 753 2410 martiam
770 2354 849 2427 jopia
871 2357 902 2410 irs
923 2354 1073 2412 lramiliora
1097 2360 1262 2413 cauodliam
1285 2360 1345 2414 loca
1362 2359 1575 2428 despicientibus

212 2449 270 2488 stoa
287 2449 354 2488 raro
372 2433 463 2488 sidere
482 2434 625 2503 contlaptt.
661 2435 729 2490 Veni
748 2434 887 2502 aliquanto
906 2445 970 2504 post
988 2452 1048 2491 cum
1068 2451 1100 2489 eo
1119 2436 1146 2489 in
1165 2435 1340 2506 colloquium,
1360 2433 1486 2490 camille
1505 2434 1574 2491 mihi

212 2510 366 2578 affirmavit,
385 2512 519 2567 maculam
538 2511 611 2567 illam
630 2529 684 2567 non
702 2515 822 2582 vulgaris
841 2515 925 2570 luisse
944 2515 1113 2583 quantitatis,
1133 2513 1181 2569 sed
1200 2513 1338 2568 dimidiam
1349 2520 1574 2583 praeterpropter

211 2587 335 2645 diametri
354 2598 459 2657 partem
478 2606 636 2659 occupasse.
668 2594 759 2660 Atque
777 2593 830 2648 hoc
849 2593 937 2663 ipsum
956 2601 1006 2661 est,
1025 2593 1104 2661 cujus
1124 2592 1278 2647 recordatio
1295 2602 1402 2661 partem
1420 2592 1492 2647 hanc
1510 2591 1573 2647 ulti-

211 2682 284 2723 mam
301 2667 419 2723 absolsit
437 2669 490 2725 nrei
509 2669 619 2725 Samnii.
655 2669 715 2737 Epo
735 2687 843 2740 quoque
861 2671 889 2725 in
908 2670 969 2739 ejus
986 2670 1151 2740 repetitione
1168 2678 1247 2726 notas
1265 2670 1316 2725 has
1334 2670 1408 2726 linio.
