3308 5534
307 372 310 379 ’
396 383 576 447 amasam
593 384 730 488 historin
748 385 939 447 messenius
956 386 1049 445 seoda
1066 354 1143 448 KVb
1237 438 1279 494 '.
1393 386 1457 462 629

128 569 211 632 laum
232 574 279 632 oet
301 571 376 631 inter
397 577 435 634 ο(
456 574 486 630 et
501 570 553 643 [],
577 576 609 629 at
630 571 661 627 ln
682 583 719 638 ο(
742 587 778 638 00
798 571 864 646 ipsa
886 570 1024 646 aequatio
1041 569 1200 648 cpicycliea
1220 569 1283 646 jam
1307 574 1352 629 est
1372 570 1459 647 peni-

128 668 162 720 tus
178 657 318 732 absoluta,
342 660 372 716 in
387 658 434 731 [],
458 661 515 717 etsi
537 656 678 716 distantia
692 653 769 740 &a
789 657 827 733 Θ
850 675 903 734 per
918 652 995 739 2¹d2⁰
1019 655 1117 717 deficit
1140 657 1188 718 vcl
1211 655 1335 731 excedit,
1358 665 1458 717 tamen

128 744 252 807 hoenihil
274 744 377 819 effluit,
408 761 475 804 cum
499 745 562 821 jam
593 745 623 801 in
644 744 717 823 jugo
740 748 832 804 simus
861 744 987 821 epieycli
1018 747 1158 804 menstrui
1181 751 1211 804 et
1233 745 1315 803 sinus
1345 745 1376 802 in
1398 744 1457 806 fine

128 831 274 910 prudentis
294 849 354 893 non
375 839 523 892 mutentur
545 832 732 894 sensibiliter.
778 830 858 891 Inter
875 850 911 901 00
932 830 984 904 [],
1009 848 1045 901 0(
1065 832 1103 905 Π
1125 848 1221 908 pauca
1242 831 1383 908 scrupula
1404 849 1457 893 ac-

128 918 209 981 cedunt
235 918 285 983 vel
306 919 469 994 decedunt,
499 926 586 997 prout
610 936 680 981 vera
711 918 759 978 vel
782 916 1108 996 epicyclicadistentia
1126 919 1164 994 Θ
1181 939 1199 978 a
1214 914 1257 1001 Θ
1274 920 1458 995 aequaveris.

128 1005 227 1068 dmm
246 1007 324 1069 alias
346 1009 376 1065 in
397 1005 455 1066 hoc
476 1009 534 1066 situ
557 1006 660 1084 aliqua
680 1005 819 1083 scrupula
834 1007 864 1064 iu
880 1021 976 1066 errore
991 1007 1058 1081 sint,
1081 1005 1225 1067 hacteuus
1240 1005 1370 1066 nondum
1386 1005 1458 1067 duxi

128 1095 299 1157 merium
321 1091 526 1172 ἀκριβολογειν.
1249 1131 1251 1135 «

206 1181 252 1244 De
274 1184 363 1244 tertia
385 1181 560 1258 objectione.
602 1180 660 1241 Hic
680 1181 774 1257 primo
799 1179 971 1239 variationis
994 1178 1112 1240 libratio
1135 1181 1201 1257 ipsa
1226 1179 1457 1257 reprehenditur,

128 1266 229 1330 urendo
252 1268 459 1347 inaequalitas,
484 1270 569 1329 tertio
592 1269 731 1328 identitas
754 1267 817 1343 ejus
841 1268 870 1326 in
894 1265 1011 1326 diversa
1034 1266 1190 1328 altitudine
1204 1267 1307 1328 Lunae
1323 1286 1341 1327 a
1357 1268 1457 1330 Terra.

128 1355 191 1419 Hace
213 1365 283 1419 sunt
311 1359 520 1418 contrariarum
543 1356 720 1432 qualitatum
744 1355 934 1431 objectiones.
979 1353 1102 1429 Fateor,
1132 1355 1264 1415 uoluisse
1286 1354 1457 1433 Tychonem

128 1445 223 1505 alcima
250 1446 341 1506 etism
371 1445 476 1505 sectari
505 1450 534 1504 et
560 1443 671 1503 nodum
694 1446 723 1500 iu
746 1444 843 1519 scirpo
873 1447 1078 1519 quaererelp),
1102 1442 1380 1520 concedendumque
1403 1450 1457 1520 est,

128 1533 277 1595 tardatio
300 1531 454 1594 mediocris
478 1539 523 1591 est
537 1535 600 1603 41¹,
624 1533 780 1589 maximam
804 1546 890 1605 posse
909 1545 975 1587 esse
992 1532 1054 1603 43‘,
1077 1531 1227 1589 minimam
1251 1533 1314 1604 39‘,
1338 1531 1457 1606 quando

128 1619 229 1681 ruistio
250 1618 304 1697 ¹per
325 1619 433 1680 circeili
456 1617 630 1678 diametrum
652 1619 828 1693 geometrice
852 1615 1076 1676 demonstratur.
1122 1618 1163 1677 At
1185 1619 1250 1693 ipsa
1271 1618 1389 1677 libratio
1404 1635 1458 1694 per

128 1722 151 1767 to
165 1708 304 1792 mntemoi
325 1723 513 1784 nequequam
536 1707 641 1782 potuit,
664 1722 730 1764 cum
752 1706 791 1763 sit
808 1707 869 1776 41¹,
893 1720 970 1780 quae
993 1705 1162 1764 observatio
1185 1705 1282 1781 prodit
1292 1710 1338 1779 (q).
1373 1704 1458 1766 Haec

128 1792 203 1870 aalma
221 1797 252 1855 in
274 1795 372 1855 medio
395 1801 449 1867 est,
471 1792 619 1870 quomodo
644 1791 802 1868 simplicior
824 1790 997 1868 hypothesis
1015 1790 1120 1852 haberi
1136 1794 1238 1868 possit,
1261 1810 1338 1870 quae
1353 1793 1459 1853 obser·

128 1882 273 1943 monibus
295 1882 467 1943 satisfaciat.
512 1880 559 1940 De
581 1878 730 1957 inaequali
750 1885 836 1957 ‚motu
858 1877 947 1955 hujus
970 1877 1077 1939 circelli
1101 1878 1167 1938 dico
1190 1879 1303 1956 eadem,
1326 1898 1403 1959 quae
1418 1879 1457 1941 ad

128 1967 296 2046 ellectionem
320 1968 479 2030 secundam
498 1979 537 2047 (r).

206 2055 343 2134 Objectio
365 2064 480 2133 quarta.
519 2054 668 2114 Retractio
691 2061 720 2114 et
742 2051 901 2130 parallsxls
926 2052 1077 2137 ,habentur
1099 2067 1152 2131 pro
1175 2053 1385 2130 accidentibus,
1409 2073 1458 2116 re-

128 2145 283 2222 ttriuguutur
304 2146 383 2205 euim
405 2143 443 2203 ad
466 2148 561 2203 certos
583 2142 664 2201 locos
688 2143 718 2199 in
740 2139 849 2202 mundo
874 2148 903 2201 et
925 2144 999 2200 situs
1013 2141 1116 2203 Lunae
1138 2159 1241 2203 versus
1263 2143 1455 2204 horizontem.

128 2228 216 2293 utun
236 2232 286 2292 hio
300 2230 404 2310 Tycha
424 2232 620 2302 cautissimus,
642 2231 737 2307 primo
760 2230 790 2287 iu
813 2228 987 2305 recipiendis
1003 2229 1270 2305 observationibus,
1293 2247 1328 2290 ex
1349 2231 1458 2306 quibus

128 2315 275 2395 ippothesis
299 2327 345 2380 est
366 2325 522 2392 exstructa,
546 2315 652 2378 deinde
675 2318 704 2374 iu
728 2314 902 2376 calculanda
924 2323 1048 2391 utreque
1071 2316 1235 2380 allectione.
1280 2316 1380 2391 Miror,
1404 2334 1457 2378 cur

128 2400 165 2467 too
181 2405 223 2466 illi
246 2405 421 2483 objiciatur,
453 2422 519 2465 oum
550 2406 580 2462 in
611 2403 715 2464 iisdem
738 2403 848 2465 tabulis
870 2403 1036 2463 Lunaribus
1063 2402 1229 2465 habeantur
1248 2411 1406 2482 praecepta
1428 2412 1458 2466 et

128 2492 222 2556 hithe
241 2504 281 2562 le).

205 2579 318 2658 Quinta
340 2579 479 2656 objectio.
519 2577 586 2639 Non
609 2584 686 2640 recte
709 2579 871 2638 instituitur
892 2577 1072 2657 computatio
1095 2579 1282 2655 aequationls
1295 2579 1457 2657 maximam

128 2668 204 2729 tacit
227 2670 306 2730 euim
320 2670 349 2727 in
366 2667 403 2740 U
421 2666 459 2742 Θ
477 2682 535 2725 non
557 2684 609 2743 per
631 2667 945 2743 appropinquationem
968 2662 1143 2745 eptcyelit),
1170 2683 1248 2742 quae
1270 2683 1341 2726 sane
1364 2668 1459 2744 major

128 2751 169 2815 tut
186 2773 248 2816 non
269 2762 372 2832 posset
393 2772 482 2830 quam
507 2750 542 2814 5⁰
566 2757 626 2824 13‘‚
650 2752 702 2813 scd
726 2755 830 2814 crescit
850 2771 904 2830 per
925 2754 1142 2831 appositionem
1158 2752 1211 2812 ΑΒ
1235 2753 1368 2813 diametri
1393 2757 1458 2831 epi·

128 2841 238 2919 pallad
260 2841 424 2903 A'l'crram
447 2840 485 2899 sd
509 2838 571 2914 GC,
595 2838 651 2900 GD
675 2839 723 2900 vei
746 2840 797 2900 Bu
820 2839 994 2901 diametrum
1014 2839 1139 2917 epieycli
1162 2843 1192 2898 in
1215 2840 1457 2903 circumferentia.
1514 2840 1517 2844 ⁴

128 2927 164 2991 led
183 2947 302 3002 moneo,
325 2929 415 3006 paulo
440 2927 549 2987 diutius
573 2935 602 2988 te
624 2945 760 2988 exerceas
782 2929 811 2986 in
834 2925 1110 3006 comprehendenda
1123 2927 1273 3006 Tycbouis
1288 2928 1457 3008 hypothesi,

128 3032 162 3077 tot
175 3011 236 3078 'tibi
258 3015 326 3094 plus
344 3015 482 3093 proderit,
505 3032 594 3093 quem
610 3014 699 3090 longa
715 3016 780 3092 epi·

128 3104 189 3167 tois.
227 3092 355 3165 Tantum
370 3103 427 3162 hoc
442 3110 523 3177 tene,
550 3101 630 3178 quod
650 3102 703 3163 toi.
727 3109 777 3164 0.b

128 3206 162 3251 on
174 3209 322 3271 expresse,
345 3196 378 3251 ut
393 3189 504 3264 debuit,
520 3192 647 3266 ponitur,
670 3189 779 3249 lineam

128 3276 160 3339 lu
180 3298 215 3340 ex
240 3279 374 3339 ATerra
395 3277 485 3355 perF
502 3284 632 3336 centrum
656 3275 779 3354 cpicycli

128 3366 181 3444 pud
195 3367 319 3428 Terram
340 3383 455 3442 semper
469 3382 586 3424 manere
607 3363 780 3442 parallelum

128 3453 198 3516 hese
220 3453 367 3532 apsidum,
391 3459 421 3513 et
443 3469 509 3512 cum
532 3469 569 3512 ea
582 3453 639 3512 sub
657 3451 779 3511 zodiaco

128 3544 186 3604 ouis
208 3542 252 3624 82,
276 3542 471 3612 circumitae).

203 3629 273 3689 Has
302 3629 420 3688 chartae
447 3632 575 3702 quatuor
598 3626 662 3702 jam
685 3625 779 3702 septi-

128 3718 194 3778 uuis
211 3717 371 3794 jacuerunt
399 3717 474 3774 inter
503 3720 602 3774 scruta
631 3731 699 3773 mea
720 3730 779 3773 uua

128 3818 168 3863 um
187 3807 248 3864 tuis
270 3802 363 3863 literis
378 3801 578 3862 absconditae.
608 3800 682 3860 Nem
699 3817 779 3861 eram

128 3906 136 3949 t
154 3889 376 3971 typographicis
398 3891 641 3965 occupatissimus
660 3896 690 3948 et
705 3904 778 3947 con-

128 3979 283 4051 !lssimus,
318 3975 366 4038 sel
397 3979 486 4052 igitur
516 3975 641 4036 tandem¹
663 3982 779 4053 reperta

128 4066 195 4129 too.
240 4063 370 4126 Valeat
391 4082 438 4124 me
461 4066 588 4136 Domino
611 4063 763 4122 Praetorio
786 4059 968 4122 commenda.
1007 4059 1039 4120 Si
1062 4058 1237 4136 quidquod
1260 4077 1370 4136 operae
1390 4076 1461 4138 pre·

128 4152 176 4215 hm
194 4154 253 4215 erit
275 4151 386 4212 dixisse
409 4152 511 4213 videor
532 4150 842 4228 idquerexpliestlone
864 4148 986 4209 clariore
1009 4147 1163 4222 indigebit,
1186 4150 1300 4225 petenti
1322 4149 1376 4208 tibi
1399 4146 1460 4207 alio

128 4256 234 4321 mpure
255 4257 317 4300 uon
340 4239 503 4316 denegabo.
547 4239 662 4313 Pragae
686 4238 713 4297 d.
739 4244 789 4298 30.
812 4236 975 4314 septembr.
1002 4241 1096 4295 1606.

206 4328 244 4391 P.
260 4327 292 4390 S.
315 4326 362 4387 su
384 4327 529 4399 Bitala)
552 4335 683 4386 centrum
706 4326 859 4386 eccentrici
882 4322 978 4383 uvalis
1001 4322 1113 4396 Lunae,
1137 4321 1160 4382 (l
1183 4323 1347 4398 aequantia,
1372 4320 1400 4381 Α
1421 4322 1461 4381 sit

128 4410 193 4477 ltus
206 4417 239 4477 in
262 4414 376 4493 copulis
392 4421 422 4476 et
435 4413 489 4472 AB
506 4415 715 4476 eceentricitas.
745 4413 824 4472 Ilsit
838 4411 929 4473 'l'erra
943 4414 974 4471 in
996 4410 1116 4489 quadris
1138 4416 1169 4471 et
1183 4410 1233 4469 ΕΒ
1249 4412 1460 4473 ecceutricitae.
1490 4448 1494 4455 =

1083 3080 1133 3133 utg.
1150 3079 1182 3124 ii.

128 4563 314 4582 -—-——-—-

206 4657 235 4726 ⁸)
253 4653 495 4737 Appropinquatio·
511 4652 626 4724 epicycli
642 4668 696 4707 non
712 4651 806 4720 datur,
824 4651 936 4736 quandq
947 4653 975 4707 in
993 4651 1164 4709 comentrico
1184 4650 1321 4778 epicpclus
1333 4649 1460 4732 solvitup.

128 4718 167 4779 bed
180 4726 261 4797 deas,
280 4732 468 4807 concentrrlcus
487 4740 515 4780 m
536 4730 564 4786 Π
586 4739 641 4779 non
658 4729 759 4795 manet,
778 4739 839 4780 eum
857 4729 893 4780 srt
911 4739 972 4791 epus
989 4729 1113 4779 centrum
1129 4721 1193 4777 inB
1266 4737 1354 4780 mum:
1374 4727 1403 4777 at
1420 4735 1462 4792 ste

128 4794 197 4873 totus
218 4796 361 4873 elongatur
378 4792 518 4866 epreyclus
536 4795 571 4858 ab
589 4794 629 4874 A3
648 4794 725 4858 Aba
743 4793 871 4876 aequatio
888 4794 1006 4860 maxim
1023 4793 1051 4849 in
1069 4792 1251 4872 quadraturis.
