3308 5534
147 374 215 447 290
505 370 679 431 Collectauea
696 386 732 429 cx
749 372 891 429 codicibus
907 371 1146 432 Pullxoriensibus.

147 552 278 617 medium
305 552 381 612 iuter
410 550 535 611 caudam
557 548 651 613 Ursae
681 551 802 630 maJ’oris
829 568 1009 629 manumque
1032 551 1137 613 Bootis
1165 554 1197 613 iu
1219 552 1395 619 meridiano.
1440 554 1507 631 Quo

146 644 226 705 lacto
248 639 374 701 circulus
397 657 416 699 a
437 638 550 715 aenith,
577 638 657 717 quod
682 640 744 717 jam
772 638 874 718 polum
896 638 998 699 mundi
1021 639 1100 700 illius
1123 644 1262 719 temporis
1295 652 1508 721 repraesenux,

149 729 294 791 demissus
316 746 368 808 per
389 726 490 807 polum
514 727 677 806 eclipticae,
701 729 752 805 qui
774 726 852 787 idern
874 728 1006 805 proxime
1022 736 1067 787 est
1089 726 1178 789 hodie
1194 735 1224 789 et
1239 728 1319 803 olim,
1343 747 1406 791 nou
1420 730 1507 794 raldo

148 818 265 880 aberrat
295 816 333 877 ab
355 813 503 876 hodiernis
532 817 647 895 punctis
679 816 799 894 tropicis
822 816 852 874 in
875 816 1100 892 consequentia,
1135 832 1230 893 coque
1252 818 1375 879 nomine
1397 814 1507 880 vitiosa

150 915 196 969 est
217 904 292 965 haec
306 902 531 979 aequinoctialis
547 902 721 977 delineatio,
745 902 847 963 debuit
870 904 947 962 onim
970 904 1205 981 appropinquare
1228 904 1356 965 circulus
1379 908 1435 967 iste
1457 906 1505 965 hui

150 994 255 1055 Cancri
276 998 306 1053 ct
330 990 499 1070 Capricorni
520 990 663 1051 hodierni.
701 988 791 1073 (Vide
813 1007 851 1049 an
873 988 948 1051 haec
970 990 1057 1051 licerit
1079 1006 1178 1064 eausa,
1202 1008 1253 1052 cur
1275 990 1384 1053 dixerit
1406 1002 1507 1075 poste·

148 1084 256 1144 riorum
279 1078 396 1156 aliquis,
419 1086 529 1158 puncta
551 1096 621 1139 vera
642 1080 756 1158 tropica
779 1096 843 1139 esse
858 1080 889 1137 iu
905 1080 1019 1138 octavis
1040 1079 1173 1155 partibus
1187 1081 1341 1156 signorum
1355 1081 1506 1161 sphaeras,

148 1188 167 1231 a
188 1168 307 1247 tropicis
329 1164 531 1247 inceptorum.)
575 1166 666 1227 Porro
690 1164 758 1227 illae
782 1172 800 1228 3
825 1164 929 1227 stellae
952 1182 1005 1227 seu
1028 1166 1127 1243 potius
1148 1168 1280 1228 membra
1302 1168 1506 1231 constellatio·

149 1274 233 1331 num,
264 1254 372 1332 quibus
395 1254 527 1331 Scaliger
548 1257 591 1314 ait
614 1254 739 1315 describi
762 1262 952 1331 aequaturum
973 1252 1087 1313 Eudoxi
1110 1253 1174 1331 (sol.
1200 1254 1271 1331 dai),
1303 1258 1445 1319 ridentur
1470 1260 1505 1319 ab

149 1342 343 1405 Eratosthene
365 1360 382 1403 e
403 1342 582 1418 reliquorum
612 1359 732 1403 numero
762 1342 888 1419 rejectae
916 1348 946 1401 et
972 1340 1059 1401 titulo
1082 1340 1199 1401 Eudoxi
1228 1344 1352 1405 seorsim
1383 1348 1504 1425 positas,

149 1441 183 1493 ut
212 1448 289 1509 quac
319 1430 499 1504 exorbitent,
530 1432 601 1507 quia
629 1429 678 1490 lric
706 1428 909 1489 Eratosthenis
938 1429 1166 1504 aequinoctialis
1195 1432 1302 1491 transit
1332 1432 1424 1509 longe
1453 1434 1504 1493 sub

150 1519 277 1599 Aquilae
297 1516 354 1592 ala,
378 1536 419 1577 se.
443 1535 495 1596 per
510 1517 681 1593 Antinoum,
704 1516 792 1593 longe
813 1517 870 1578 sub
884 1516 960 1593 Equi
976 1517 1095 1590 lemare,
1117 1534 1158 1577 sc.
1175 1535 1226 1596 per
1240 1525 1377 1597 caputet
1391 1520 1503 1593 collum,

150 1609 239 1685 louge
261 1606 317 1665 sub
340 1605 451 1665 borcali
474 1604 569 1679 Pisce,
593 1622 633 1668 sc.
656 1623 708 1684 per
731 1605 794 1682 ejus
818 1605 955 1681 imaginis
977 1602 1112 1665 caudam.

254 1692 288 1754 Si
307 1693 370 1769 jam
391 1694 480 1753 etiam
502 1696 646 1771 tropicum
669 1692 784 1768 Cancri,
808 1710 896 1769 quem
918 1690 1003 1751 titulo
1026 1690 1141 1751 Eudoxi
1156 1689 1290 1768 Scaliger
1312 1692 1445 1765 exbibet,
1468 1694 1502 1755 ad

151 1779 271 1843 easdem
297 1780 379 1857 leges
407 1778 579 1859 expenderis
609 1788 638 1841 ct
669 1789 749 1841 creta
777 1782 877 1857 signes
906 1779 1026 1839 ductum
1055 1779 1155 1840 circuli
1182 1780 1303 1839 minoris
1332 1798 1385 1859 per
1413 1780 1503 1843 meilis

153 1870 258 1930 Cancri
280 1874 310 1929 ot
331 1868 441 1928 Leonis
465 1870 494 1926 in
517 1867 740 1945 longitudinem,
762 1885 813 1947 ρετ
838 1868 1009 1946 ,superiora
1031 1866 1170 1945 Virginis,
1195 1868 1339 1927 cervicem
1362 1872 1503 1947 serpentis

151 1954 309 2036 Ophiuchi,
333 1954 464 2016 dextram
487 1973 607 2015 uranum
622 1956 794 2033 lngeuieuli,
817 1965 907 2033 eaput
922 1953 1080 2032 Ophiuchi,
1104 1954 1212 2017 collunr
1234 1964 1264 2015 ct
1280 1954 1415 2017 dextram
1432 1958 1502 2017 alum

150 2044 235 2120 Avis,
249 2042 389 2121 ungulam
401 2044 485 2121 Equi,
501 2042 633 2103 dextram
648 2061 767 2103 manum
783 2041 997 2116 Andromedae,
1010 2045 1157 2103 sinistram
1171 2060 1268 2102 suram
1285 2042 1397 2117 Persei,
1413 2062 1503 2123 genua

151 2132 299 2193 Heniochi
322 2138 351 2191 ct
374 2133 473 2210 capita
496 2130 722 2205 Geminorum“,
751 2148 793 2191 sc.
821 2148 871 2209 per
893 2132 1036 2208 imagines
1057 2130 1161 2191 horum
1188 2131 1400 2205 membrorum,
1432 2152 1502 2211 quae

150 2219 262 2283 habent
284 2218 416 2294 aliquam
439 2218 641 2279 latitudinem:
671 2220 804 2279 invenies
828 2220 945 2278 omuino
968 2217 1141 2295 parallelum
1163 2217 1242 2277 hunc
1264 2218 1386 2279 ductum
1409 2220 1502 2281 ductui

152 2310 251 2387 priori.
297 2305 380 2367 idem
404 2306 493 2367 etiam
517 2306 554 2366 de
577 2306 686 2367 circulo
709 2308 817 2367 arctico
839 2304 1013 2378 tenendum,
1044 2306 1122 2382 quod
1145 2309 1262 2366 omnino
1285 2307 1413 2367 circulus
1435 2309 1502 2370 dua

154 2405 203 2457 tus
225 2412 278 2473 per
301 2394 474 2471 ,humerum
496 2394 609 2466 Bootis,
632 2412 684 2472 por
706 2396 857 2471 superiora
880 2394 1012 2455 Coronae
1034 2394 1076 2473 (id
1099 2404 1145 2455 est
1166 2412 1218 2469 per
1240 2394 1317 2467 loca,
1340 2412 1419 2471 quae
1441 2403 1501 2455 ruat

153 2502 244 2563 supra
266 2482 434 2561 Coronam),
459 2481 631 2543 intermedio
655 2490 749 2542 tractu
773 2484 847 2541 inter
868 2490 958 2559 ceput
979 2480 1124 2541 Draconis
1144 2499 1234 2558 supra
1257 2491 1288 2541 et
1310 2484 1386 2543 inter
1401 2482 1501 2563 Lyram

155 2570 285 2633 etaiam
307 2569 402 2647 Cygni
426 2570 499 2628 iulra
522 2570 577 2647 (sic
599 2570 676 2629 euim
700 2567 890 2647 intelligenda
910 2576 979 2629 sunt
1001 2570 1071 2629 ista:
1097 2576 1206 2647 „caput
1227 2570 1389 2641 Draconis,
1418 2586 1501 2647 sups-

154 2662 232 2720 riora
249 2658 342 2737 Lyrae
363 2667 392 2717 et
406 2656 471 2717 alae
488 2655 608 2718 dextrae
625 2654 754 2737 illitis“),
778 2668 807 2717 et
829 2658 954 2734 denique
977 2674 1028 2733 per
1044 2659 1181 2717 viciniam
1195 2658 1301 2735 prioris
1317 2656 1403 2735 pedis
1417 2656 1501 2719 Ursae

155 2746 307 2823 majoris“,
330 2746 374 2805 sic
396 2754 429 2803 ut
449 2768 487 2805 ru
509 2742 682 2819 sfarxerueru,
705 2761 764 2805 non
786 2768 824 2806 τα
845 2740 1016 2819 ὑποκετμενα
1039 2744 1184 2821 legamus,
1206 2752 1260 2805 aut
1281 2755 1315 2804 ut
1336 2746 1501 2817 subaudias,

154 2836 246 2913 pedes
262 2830 354 2893 Ursae
370 2850 435 2892 esse
457 2834 532 2891 inter
553 2856 591 2892 τα
607 2828 779 2906 excusarem
794 2856 887 2910 scarp
909 2836 1019 2909 κυκλτρ,
1044 2832 1123 2909 quod
1144 2834 1193 2893 hie
1216 2832 1352 2909 circulus,
1378 2836 1502 2911 inquam,

153 2924 194 2983 sit
215 2921 337 2997 reliquis
360 2918 476 2979 duobus
498 2918 668 2997 parallelus.

257 3008 349 3068 Porro
380 3008 427 3067 hic
461 3008 544 3067 lubet
576 3006 728 3084 deplorare
756 3006 987 3067 imbecillitatem
1018 3003 1175 3081 Scaligori,
1215 3010 1266 3083 qui
1294 3026 1362 3069 cum
1393 3010 1450 3067 ista
1469 3024 1501 3067 cx

154 3098 331 3174 antiquitate
354 3096 487 3169 eruisset,
510 3110 569 3153 non
593 3102 689 3154 tamen
714 3094 795 3169 vidit,
819 3095 872 3153 hos
896 3104 954 3154 tres
969 3091 1094 3153 circulos
1108 3094 1267 3170 parallelos
1290 3098 1412 3156 omnino
1434 3112 1502 3155 nau·

156 3188 227 3247 cisci
249 3182 360 3261 polum,
384 3184 435 3259 qui
458 3184 573 3243 vicinus
595 3183 635 3241 sit
657 3181 771 3241 duabus
794 3180 880 3241 elaris
902 3184 931 3239 in
954 3179 1151 3257 quadrilatera
1176 3180 1270 3243 Ursae
1300 3186 1438 3255 minoris,
1463 3184 1501 3241 ric

155 3283 189 3333 ut
211 3280 291 3333 recta
312 3288 364 3348 per
387 3270 452 3329 illas
482 3268 570 3329 ducta
600 3271 732 3345 proxime
764 3270 893 3343 attigerit
922 3267 1023 3346 polum
1047 3278 1077 3327 et
1098 3272 1141 3328 sie
1163 3272 1225 3347 poli
1253 3270 1344 3347 liujus
1375 3280 1500 3349 respectu

155 3376 215 3420 non
239 3360 308 3418 illae
331 3361 361 3416 in
385 3356 489 3431 cauda,
512 3356 564 3417 sed
587 3358 662 3416 istae
683 3357 783 3434 potius
798 3356 910 3433 Vigiles
925 3355 1119 3433 appellandae
1142 3359 1201 3417 siut
1223 3368 1255 3419 et
1268 3382 1417 3439 zopissa«,
1439 3360 1500 3435 quis

155 3448 353 3509 vicinissimae
376 3445 477 3522 polam
500 3445 665 3504 transibant
687 3452 717 3504 et
739 3444 861 3503 circulos
884 3446 1001 3503 omnino
1024 3446 1150 3504 minores
1172 3446 1397 3522 describebant,
1420 3460 1501 3523 qus!

156 3535 261 3596 ultima
285 3532 405 3605 caudae,
430 3531 510 3608 quod
532 3550 622 3609 snpra
642 3531 774 3609 Scaliger
795 3541 947 3607 tantopere
970 3532 1105 3608 explosit.

260 3621 345 3698 Ipsae
368 3620 486 3697 quidem
517 3625 575 3679 tres
597 3620 712 3695 stellas,
742 3618 778 3679 dc
809 3621 915 3695 quihus
939 3619 1068 3697 Pytheas
1090 3619 1305 3694 Massiliensis,
1336 3638 1415 3697 quae
1441 3636 1501 3681 cunr

157 3708 225 3788 polo
248 3708 328 3768 illius
349 3710 488 3785 temporis
512 3706 685 3783 quadratam
707 3707 838 3783 proxime
861 3706 984 3783 liguram
1006 3708 1231 3781 constituebant,
1255 3708 1325 3769 lieet
1338 3708 1438 3769 adhuc
1451 3708 1502 3768 ho·

158 3799 206 3859 dic
220 3814 369 3874 quaerere.
407 3797 490 3855 Duas
513 3797 589 3854 euim
604 3794 703 3854 tetulit
719 3794 850 3853 Brahous
873 3796 901 3853 in
923 3793 1098 3871 catalogum,
1114 3796 1265 3856 clariorem
1282 3798 1312 3855 in
1329 3796 1365 3857 2¹⁰
1382 3796 1443 3857 54⁴⁴
1455 3789 1502 3881 Ω,

158 3886 208 3945 lat.
234 3884 291 3945 71⁰
313 3888 374 3958 ⁸23¹,
398 3884 520 3943 alteram
543 3884 572 3940 in
597 3878 794 3961 21020‘630,
818 3880 869 3941 lat.
894 3882 949 3939 iti⁰
968 3882 1017 3941 18¹
1040 3890 1092 3942 aut
1114 3900 1150 3943 eo
1173 3886 1278 3945 miuus.
1317 3884 1420 3945 Tertia
1440 3885 1503 3961 qul·

158 3972 224 4034 deur
247 3989 334 4048 aegro
357 3973 496 4043 cernitur,
519 3969 571 4029 sed
593 3978 690 4029 tamen
713 3969 857 4028 interdum
879 3968 955 4027 clare
978 3972 1081 4041 micat,
1105 3972 1135 4027 in
1161 3970 1195 4029 ῖυ
1218 3972 1246 4029 i⁴
1263 3966 1316 4057 Ω,
1340 3970 1395 4035 lat.
1414 3970 1503 4031 1⁰⁰2

158 4060 252 4137 Igitur
266 4062 292 4117 si
307 4058 363 4119 hac
377 4058 482 4119 stellae
499 4058 537 4117 ah
553 4056 723 4133 llipparcho
739 4058 812 4116 hene
827 4058 856 4114 in
871 4056 992 4133 glohurn
1007 4056 1169 4117 collocatae
1184 4072 1321 4134 respectu
1336 4069 1504 4128 ceterarum,

158 4148 337 4223 oportuisset
359 4154 391 4205 ut
413 4153 568 4223 punctum,
594 4148 622 4202 in
646 4162 705 4219 quo
729 4153 797 4204 tuxrc
818 4143 915 4220 polus,
938 4153 1016 4205 esset
1040 4148 1068 4202 in
1091 4144 1232 4205 hodierno
1257 4144 1294 4205 0⁰
1310 4140 1353 4233 Ω
1377 4157 1429 4207 aut
1451 4146 1504 4205 tine

161 4230 212 4315 ὓ,
235 4234 285 4293 lat.
303 4230 360 4293 di⁰
375 4234 422 4293 sel
440 4230 506 4293 66”.
546 4232 581 4290 Εῑ
604 4234 747 4291 corrserrtit
762 4231 959 4306 mediocriter,
983 4231 1063 4309 quod
1085 4231 1188 4293 ultima
1211 4236 1386 4311 Cynosurae
1408 4234 1506 4295 diebu

163 4320 218 4381 1⁴2⁰
233 4326 285 4381 sl‘
308 4321 345 4380 ab
369 4320 447 4380 illius
471 4320 609 4395 temporis
631 4318 700 4397 polo
724 4320 841 4379 distare.

264 4407 341 4467 Vide
372 4427 449 4468 nurse
471 4410 566 4483 ipsunt
596 4410 746 4467 ceritatem
774 4409 903 4483 propius.
949 4406 1064 4483 Primo,
1092 4410 1163 4483 quia
1184 4408 1239 4468 suit
1262 4407 1406 4469 distantia
1427 4406 1508 4485 polo·

161 4514 223 4555 rum
238 4496 295 4557 23⁰
311 4496 394 4569 rill‘,
417 4495 503 4573 polus
525 4512 596 4555 voro
619 4495 769 4571 eclipticas
792 4512 844 4571 per
860 4496 912 4553 ‘iit‘
935 4498 1061 4554 mutavit
1083 4495 1179 4569 sedes,
1202 4494 1359 4557 discedens
1382 4494 1509 4556 assellis

162 4580 202 4665 ὓ
227 4594 255 4644 ct
269 4580 312 4668 ,Ω
335 4568 370 4644 ct
385 4588 428 4643 sic
451 4586 539 4643 etiarm
555 4600 574 4641 a
589 4584 681 4642 stellis
704 4582 749 4641 his
772 4593 801 4642 ct
824 4582 939 4659 punctis
964 4579 1065 4655 h'xsae,
1090 4582 1156 4641 ideo
1180 4582 1323 4643 distantia
1337 4584 1400 4661 poli
1414 4580 1510 4645 muntii

162 4674 239 4731 illius
269 4675 408 4748 temporis
431 4690 449 4729 a
470 4680 579 4747 puncto
606 4670 759 4747 eclipticas
789 4668 931 4730 hodierno
961 4668 1050 4729 dehet
1081 4670 1170 4729 hodie
1200 4672 1318 4747 prodire
1349 4670 1409 4733 ‘23⁰
1430 4670 1511 4755 ΜΓ,

162 4758 212 4819 lat.
236 4762 323 4833 igitur
340 4760 397 4819 660
412 4758 496 4841 halt
527 4756 641 4817 lleinde
660 4756 867 4817 a'liuroehare
890 4756 928 4815 ad
950 4774 1059 4817 aunum
1085 4766 1169 4817 1666
1193 4777 1245 4835 ρετ
1260 4762 1423 4821 observatu
1437 4758 1512 4837 [Τιρ-

161 4846 263 4923 parchi
283 4848 421 4923 certiora,
451 4844 561 4911 collata
588 4862 655 4909 cum
677 4844 868 4925 Tychonicis,
896 4844 1045 4925 colligitur
1072 4848 1240 4925 praecessio
1262 4849 1515 4929 aequinoctior-
