3308 5534
146 404 211 475 752
661 402 999 474 repressisque.

251 583 336 645 lluee
356 584 456 644 omnis
477 583 597 661 negotis
622 582 909 662 multiplicabuntur,
940 582 1012 642 fient
1033 581 1134 641 omniu
1161 580 1332 641 difficiliore
1357 580 1490 659 mpedltu,

147 674 174 731 si
196 671 296 748 Pragu
317 671 490 733 discessero.
535 671 676 731 Miserum
699 689 762 745 me,
792 674 839 733 cui
868 671 944 731 baec
969 670 1039 730 olim
1069 671 1144 728 satis
1164 668 1326 748 splendida
1348 668 1409 745 iem
1428 668 1491 727 uuili

148 768 217 819 sunt
240 761 318 831 usui,
340 776 430 836 quam
452 765 486 818 ut
507 756 701 819 difficiliorem
723 757 848 819 reddant
869 759 1073 819 oeconomiam
1096 764 1188 832 utque
1204 774 1329 818 uxorem
1351 766 1380 817 et
1393 758 1492 837 priuig-

148 864 217 907 num
238 846 321 906 lauta
343 847 412 906 elim
434 838 465 903 in
486 863 518 906 ra
540 849 720 907 sumtuoeiue
744 846 832 909 alam.
1425 918 1431 927 ·

253 932 337 994 llaec
358 935 469 1010 itaque,
492 941 526 993 ut
546 935 631 993 initio
653 934 725 1008 dixi,
747 934 786 995 ad
809 932 993 994 iermsndum
1008 932 1164 993 consilium
1180 934 1331 1011 pertinere
1345 948 1410 993 sum
1422 933 1489 993 ubi·

150 1028 253 1082 tretus.
298 1021 439 1099 Tempus,
461 1028 496 1081 ui
517 1020 555 1081 ad
578 1020 773 1100 pulcherrima
795 1030 896 1081 nostre
917 1020 1017 1080 studia
1038 1036 1203 1080 sermonem
1225 1020 1408 1081 transierum.

252 1112 303 1167 His
321 1112 399 1169 addit
417 1110 567 1182 lieplerus:
591 1107 771 1187 Opticcm
792 1126 851 1170 uon
866 1109 952 1169 aliter
974 1108 1117 1181 tractabo,
1140 1110 1198 1167 niel
1219 1116 1370 1184 quatenus
1384 1106 1420 1169 ad
1433 1106 1492 1167 dor·

150 1198 255 1257 binum
272 1196 425 1274 eclipsium
438 1195 573 1274 adeoque
588 1196 626 1257 ad
642 1196 722 1257 solas
736 1198 796 1258 iere
813 1197 973 1256 diametros
989 1195 1177 1255 luminarium
1191 1195 1315 1258 iaciunt.
1344 1195 1418 1255 Nem
1432 1198 1492 1255 inter

150 1286 245 1363 prims
265 1284 456 1346 iundameote
478 1287 607 1359 cognitio
630 1283 705 1345 lueec
727 1285 858 1346 reiertur.
882 1288 973 1355 (Quae
991 1296 1144 1355 sequuntur
1162 1287 1295 1357 legentur
1312 1288 1365 1343 ιιι.
1377 1288 1492 1357 iupis,

152 1376 224 1433 sicut
243 1390 285 1441 ιι,
303 1390 375 1445 quse
392 1375 420 1429 iu
438 1373 482 1431 bis
499 1375 586 1431 literis
610 1375 695 1431 reiert
711 1376 849 1447 Keplerus
873 1375 923 1443 ,de
941 1376 1119 1447 pneumaticis
1143 1384 1171 1443 et
1194 1377 1326 1434 meebius
1342 1374 1492 1447 bpdrsulire

151 1462 293 1519 retulimus
311 1463 526 1532 euprepius).
556 1462 628 1519 Hine
645 1462 703 1519 ubit
719 1463 857 1534 lieplerus
873 1463 909 1517 ud
929 1463 1113 1534 ,magneties“
1135 1470 1164 1519 et
1182 1464 1288 1519 multuo
1306 1472 1351 1519 est
1367 1464 1395 1519 iu
1411 1461 1493 1517 desei

154 1548 243 1608 bendo
263 1565 346 1619 opere
365 1548 520 1605 Gilberti
538 1549 573 1607 de
589 1558 724 1619 mugnus,
742 1551 816 1620 quod
835 1558 916 1617 ,unte
932 1549 1070 1606 biennium
1087 1550 1116 1606 iu
1133 1549 1204 1605 febri
1216 1565 1269 1607 sua
1281 1558 1430 1621 queritur*
1441 1550 1493 1617 legii

154 1636 215 1705 (cir.
234 1635 289 1691 rol.
308 1636 359 1695 lli.
377 1653 405 1705 p.
424 1637 476 1691 ι-ιῖι
495 1639 543 1703 ιι.)
578 1637 675 1693 Finem
691 1638 758 1694 iacit
775 1638 906 1709 longioris
924 1638 1008 1707 buius
1032 1636 1166 1707 epistolae
1189 1637 1233 1693 his
1257 1639 1362 1695 serbis:
1385 1634 1430 1696 De
1441 1648 1493 1693 met

154 1726 234 1781 statu
257 1718 329 1779 nihil
352 1719 479 1796 amplius
502 1723 642 1795 occurrit,
666 1737 754 1797 quam
777 1722 857 1800 quod
878 1737 982 1801 spero,
1013 1738 1060 1781 ma
1090 1721 1173 1781 brevi
1199 1722 1493 1801 commigraturum·-

154 1805 253 1867 leeum
276 1807 429 1868 editiorem
452 1814 481 1867 et
504 1808 761 1869 observationibus
789 1808 985 1869 commodum.
1030 1807 1114 1869 Haec
1143 1812 1303 1887 occupatio
1325 1828 1373 1871 me
1394 1812 1424 1869 in
1443 1806 1493 1887 θι-

154 1896 220 1955 ιιιιι
242 1894 394 1973 impediet..
426 1894 514 1955 Mitto
537 1903 567 1956 et
589 1895 645 1957 boe
668 1897 908 1973 rejectameutum
936 1894 1099 1956 studiorum
1123 1912 1256 1955 meorum
1279 1900 1493 1971 (Prognosumi

156 1980 307 2059 iudignum
330 1981 432 2059 liugn.
455 1982 535 2057 Tus,
567 1982 620 2044 sed
648 1984 822 2045 mittendum
844 1992 957 2060 umen,
987 2001 1025 2044 ne
1046 1991 1076 2045 te
1098 1991 1159 2044 tum
1180 1982 1345 2045 sollicitum
1371 1984 1410 2045 de
1436 1984 1493 2043 meir

155 2069 261 2129 studiis
282 2069 445 2148 quidquam
468 2087 569 2132 eorum
591 2070 694 2132 lateat.

260 2170 455 2226 llerrrartue
472 2170 614 2241 respondit
632 2171 673 2240 (d.
687 2172 729 2227 18.
742 2171 838 2241 Febr.)
856 2171 959 2241 grsties
976 2186 1062 2239 agens
1079 2186 1130 2240 pro
1147 2172 1312 2229 ιιιιιιιίιιο
1328 2170 1491 2243 Prognostic-

155 2254 251 2311 Mouet
267 2254 424 2326 Keplerum,
442 2265 473 2312 ut
491 2273 562 2327 opus
580 2258 614 2315 de
632 2262 723 2315 Marte
739 2260 827 2329 primo
846 2272 955 2328 quoque
973 2264 1097 2327 tempore
1113 2258 1238 2328 perficiet
1258 2259 1326 2327 ,das
1338 2261 1397 2318 sieb
1414 2258 1491 2315 e'mnd

155 2344 205 2400 mit
221 2343 296 2399 Nutu
314 2350 343 2399 et
360 2360 422 2399 eum
439 2342 566 2413 profectu
584 2344 655 2400 rrobl
672 2346 738 2402 nird
758 2344 843 2401 seben
861 2344 953 2401 lassen
971 2345 1026 2399 und
1044 2346 1101 2400 lure
1119 2346 1181 2402 dem
1193 2348 1287 2403 Ilerru
1304 2348 1385 2405 eiueu
1403 2348 1492 2405 suein

155 2432 261 2489 Numen
279 2428 402 2500 macheu,
422 2430 486 2487 dass
503 2446 566 2486 man
585 2435 721 2489 nuumehr
737 2450 790 2490 ron
807 2434 865 2489 tue
883 2434 1008 2503 dasjenig
1025 2450 1059 2488 ιι
1078 2443 1224 2503 gestamen,
1244 2450 1277 2492 so
1295 2452 1360 2493 meu
1376 2452 1426 2491 rou
1441 2448 1493 2503 ιιι

158 2521 223 2577 laud
240 2521 335 2592 l'yebo
353 2522 445 2578 Brahc
463 2521 581 2578 verhoiit
598 2521 727 2591 gebabt“.
749 2552 782 2563 -
799 2522 852 2578 Die
869 2522 914 2579 2⁴.
933 2522 1013 2578 Febr.
1032 2520 1103 2577 redit
1118 2522 1280 2580 llerrrertus
1308 2524 1342 2582 ad
1360 2522 1492 2593 ngunsr'e

157 2626 220 2667 cum
238 2610 300 2679 (,so
318 2609 362 2664 icb
380 2625 430 2678 gur
447 2626 513 2679 geru
531 2610 651 2680 gelesen,
670 2609 790 2665 etlieireu
808 2609 1004 2676 communicirt,
1024 2608 1078 2665 rud
1097 2609 1132 2665 ob
1151 2608 1195 2665 iclr
1215 2610 1298 2675 nebi,
1316 2610 1361 2667 die
1372 2608 1493 2665 tuentes

157 2715 194 2754 ιιι
210 2698 333 2767 melden,
356 2698 407 2754 sui
428 2697 603 2769 dergleieheu
622 2697 709 2766 neuig
726 2697 814 2765 balta,
832 2697 883 2753 but
899 2712 930 2753 es
949 2696 1020 2753 doeb
1037 2696 1149 2753 bisbero
1173 2697 1290 2754 starckb
1308 2696 1492 2769 nugarum).
1533 2764 1535 2769 Ι

159 2786 242 2843 dubis
260 2785 395 2855 quaedam
412 2787 557 2855 proferena
576 2786 610 2841 de
622 2785 759 2840 historicis
771 2785 943 2857 quibusdum,
961 2800 1033 2855 quae
1044 2784 1181 2856 Keplerus
1193 2784 1381 2844 immiscuerat
1397 2782 1494 2853 (ιιιιι.

159 2890 187 2945 p.
207 2875 264 2943 89).
304 2875 347 2929 De
371 2872 452 2930 rebus
478 2873 565 2929 Gratii
587 2872 751 2942 peragendis
773 2873 857 2929 refert
879 2874 1050 2930 ilernertus:
1087 2873 1145 2939 ,Zu
1169 2874 1254 2929 (ιιιιι
1277 2872 1358 2929 rreiss
1380 2872 1422 2929 ieb
1440 2868 1494 2925 rriri

155 2962 214 3031 icat
231 2963 325 3017 keiuer
342 2963 394 3016 mir
411 2961 562 3017 sonderbar
579 2959 749 3030 Belauntsu,
769 2960 812 3017 die
830 2961 871 3016 lm
888 2963 917 3016 in
935 2962 1029 3017 seineu
1042 2960 1153 3031 negotia
1164 2960 1274 3030 priuata
1286 2970 1388 3017 numen
1405 2960 1495 3015 ιιιιιι

159 3065 193 3104 ιιι
212 3049 347 3117 erinnem,
365 3064 462 3104 ausser
480 3049 544 3105 dass
562 3050 614 3104 mir
631 3048 681 3103 der
698 3049 770 3104 llerr
778 3046 952 3105 Bernhardin
966 3065 1017 3105 ron
1031 3048 1219 3117 llerberstein,
1237 3048 1298 3105 lrer
1311 3048 1422 3105 liurebl.
1433 3042 1494 3103 Stel-

159 3136 272 3191 maister
287 3135 419 3192 bekannt.
456 3137 499 3191 lia
517 3137 560 3192 ich
579 3136 641 3191 dem
660 3136 749 3191 Herrn
768 3135 854 3191 durch
873 3134 968 3191 diesen
985 3135 1060 3190 lehun
1078 3134 1200 3189 nutslicb
1220 3134 1397 3191 erstbeiueu.
1421 3134 1463 3189 luat
1474 3144 1495 3185 a·

159 3222 231 3277 mich
257 3221 340 3291 willig
363 3223 416 3279 rud
443 3225 554 3295 genaigt
556 3264 667 3281 ......
704 3223 843 3294 Tycuouis
860 3223 951 3278 Brsbe
973 3223 1155 3279 instrumenta
1179 3224 1231 3279 ιιι
1252 3222 1328 3279 ruisb
1350 3220 1495 3279 beduuli'u

159 3317 302 3379 utramque
325 3325 419 3365 aurem
442 3310 589 3366 dormiunt.
625 3311 673 3366 leb
696 3311 750 3366 bsb
777 3327 839 3367 cum
861 3311 895 3366 D.
914 3310 1031 3366 Pistorio
1057 3311 1145 3366 daron
1171 3310 1283 3381 perede,
1309 3328 1389 3367 vanu
1411 3310 1450 3367 uit
1466 3306 1495 3363 ds

160 3403 258 3466 gentse
276 3396 438 3466 disposition
456 3396 518 3452 dem
530 3398 621 3453 llerrn
638 3400 805 3465 sutergebcn
818 3405 894 3467 nunt,
913 3396 971 3454 halt
988 3398 1032 3453 ich
1050 3397 1096 3453 iter
1112 3398 1186 3454 mein
1198 3398 1281 3453 'l'bail
1301 3399 1393 3455 uicbts
1409 3398 1496 3455 ιιιιπι
1533 3442 1535 3449 .

160 3487 215 3545 sud
233 3488 299 3543 uird
318 3488 389 3543 ohne
406 3487 518 3543 uweiffel
536 3487 584 3542 der
602 3485 684 3541 effect
701 3484 754 3540 den
771 3485 900 3555 expensis
919 3485 959 3540 uit
977 3486 1205 3555 correspondiren
1218 3486 1274 3543 rnd
1288 3504 1341 3558 per
1352 3494 1496 3555 ιιιιιιιυ

163 3574 306 3645 elgemaeh
324 3591 368 3630 res
387 3576 448 3645 ipse
465 3574 642 3632 lebasciereu.

267 3662 312 3716 Ex
331 3663 509 3731 responsione
526 3658 672 3733 Ke'pleri
690 3666 776 3731 [quae
793 3676 849 3717 non
866 3662 972 3730 integra
990 3666 1124 3730 superest,
1144 3661 1211 3715 dete
1222 3676 1248 3715 r.
1267 3676 1392 3718 mensem
1404 3658 1497 3727 lirim

161 3747 231 3805 baec
248 3749 284 3803 ad
302 3750 385 3805 sitam
405 3749 558 3820 pertinent:
578 3792 585 3805 .
604 3790 637 3806 ..
663 3745 710 3804 Ad
732 3746 832 3805 literas
854 3744 937 3818 duas,
962 3762 1036 3821 quas
1058 3745 1097 3804 ed
1118 3761 1166 3804 me
1189 3744 1316 3819 dedisti,
1345 3763 1404 3823 quo
1424 3746 1498 3805 uu·

163 3833 308 3893 hactenus
329 3832 545 3909 responderim,
568 3850 660 3893 causa
682 3833 736 3892 iuit
758 3836 882 3908 primurn
904 3836 1054 3911 negotium
1077 3833 1283 3905 domesticum,
1310 3832 1382 3893 dum
1402 3844 1499 3893 ιιιιιι

162 3923 192 3979 in
207 3920 336 3997 Styrism
353 3923 454 3980 emitto
471 3930 500 3980 et
516 3924 638 3994 instruo,
662 3920 769 3980 deinde
782 3919 945 3997 (adjectae)
968 3920 1024 3980 hae
1047 3919 1166 3980 tabulae
1190 3920 1314 3981 lunares
1332 3924 1391 3993 (eir.
1404 3918 1499 3979 rolin

164 4026 193 4079 p.
210 4014 260 4065 tibi
282 4012 417 4079 ss.)....
461 4007 496 4066 ln
527 4011 600 4067 meis
630 4009 757 4084 negotiis
789 4008 956 4068 domesticis
984 4024 1030 4067 ιιι
1057 4010 1099 4067 ita
1128 4007 1232 4067 habete
1265 4008 1411 4071 buereder
1438 4002 1501 4067 uui

163 4110 248 4153 mese
270 4094 348 4153 diem
372 4093 509 4155 divisioni
533 4095 667 4156 dixerunt
690 4095 720 4156 S.
745 4094 874 4171 Georgii.
920 4096 989 4155 Misi
1013 4112 1133 4155 uxorem
1156 4096 1353 4171 instructum,
1375 4106 1501 4157 cem

164 4178 265 4240 datam
286 4182 354 4241 liliis
376 4182 521 4244 (iusseris.
565 4182 637 4243 dam
659 4185 688 4240 in
711 4199 747 4242 eo
770 4201 817 4243 rus
840 4185 976 4258 vertitur,
999 4191 1032 4243 ut
1054 4200 1090 4243 ea
1113 4182 1338 4245 commendatio
1359 4186 1385 4243 si
1405 4184 1442 4243 ab
1459 4178 1501 4241 si·

165 4283 225 4343 quo
249 4270 320 4328 mihi
342 4270 460 4330 iuventa
482 4272 666 4347 suscipiatur,
690 4273 740 4347 qui
764 4270 904 4347 quiequid
928 4274 957 4328 in
980 4288 1075 4331 meam
1098 4272 1225 4348 grstisrn
1248 4272 1334 4347 lacit,
1357 4270 1388 4331 id
1407 4270 1501 4329 birh-

165 4364 269 4433 putare
292 4354 374 4418 velit.
420 4358 495 4418 (ium
527 4361 625 4434 itaque
651 4357 808 4418 modernus
832 4358 1033 4419 ennesiiartus
1056 4376 1092 4418 ιι
1115 4359 1247 4418 Βιιιιιιι
1272 4374 1312 4419 eo
1335 4354 1501 4421 ducah!

165 4460 252 4519 spero
280 4454 391 4504 tanum
419 4446 579 4506 intervos
607 4446 734 4506 loturam
760 4448 913 4519 notitiam,
944 4454 976 4506 ut
1004 4447 1057 4506 ebs
1082 4444 1184 4523 Magn.
1207 4444 1278 4505 ἰιι
1310 4442 1501 4507 commu&

167 4531 248 4591 utilis
270 4550 335 4593 esso
356 4535 450 4609 possit
452 4576 560 4595 .....
598 4534 795 4595 Instrumenta
809 4534 888 4611 quod
905 4535 1008 4593 scribis
1025 4532 1173 4592 dormiunt
1187 4532 1341 4611 equidem,
1363 4550 1403 4595 se
1417 4532 1500 4593 Ιιει·

168 4616 238 4679 dum
260 4627 306 4681 est
326 4622 469 4680 rationem
499 4620 630 4683 reddere.
675 4621 721 4682 De
744 4625 882 4698 expensis
911 4622 982 4681 milri
1012 4621 1100 4698 plane
1122 4621 1195 4680 nibil
1225 4630 1355 4683 constet
1398 4618 1499 4695 Quin·

169 4712 199 4765 et
221 4711 250 4766 in
273 4725 338 4767 meo
360 4708 469 4768 salario
484 4711 650 4785 acquiesco,
674 4710 759 4786 cujus
778 4707 910 4770 subsidio
933 4712 963 4769 in
986 4710 1124 4785 operibus
1137 4708 1212 4769 meis
1227 4709 1375 4786 paulatim
1388 4700 1498 4785 μοι*

169 4790 327 4874 spinosam
349 4794 470 4875 Opticer
493 4795 656 4857 doctriuem
677 4798 794 4874 suscepi
817 4805 848 4861 st
868 4798 937 4875 plus
960 4797 997 4858 de
1012 4796 1248 4875 Parelipomeuls
1272 4798 1313 4859 ad
1330 4796 1497 4857 viuum
