3308 5534
209 1645 516 1736 illustrissimo
549 1645 899 1763 Celsissinroque
934 1648 1131 1766 Principl
1163 1677 1214 1738 ac
1245 1648 1430 1739 domino

783 1857 810 1916 D

131 2024 526 2183 Ptttttt’t‘tt,
612 2026 745 2166 lll
813 2028 1079 2168 tttttttt
1171 2027 1489 2189 ttttttlt,

185 2241 308 2313 Comiti
338 2243 372 2312 iu
400 2241 751 2327 Catzeuellenhogen
782 2242 888 2329 Dietz,
917 2243 1139 2330 Ziegenhaim
1168 2247 1200 2315 ἀ
1229 2245 1347 2315 h'ittau
1374 2246 1438 2315 &c

406 2372 467 2441 un.
497 2391 539 2443 ac
567 2372 715 2463 Principi
744 2392 807 2443 suo
836 2374 1118 2459 elementissimo,
1147 2377 1211 2446 tce.

233 2696 316 2771 Cum,
339 2696 540 2757 illustrissima
556 2692 783 2774 celsissimeque
804 2696 959 2776 Princeps,
984 2697 1109 2758 Domine
1131 2694 1379 2769 ctementtmtne,
1403 2708 1490 2776 pater

130 2801 212 2845 meus
239 2783 391 2844 lohannes
415 2784 581 2861 Kepplerus
604 2780 831 2845 Mathematicus
847 2785 1009 2847 Caesareus
1030 2784 1092 2860 jam
1115 2788 1187 2844 satis
1209 2796 1285 2846 osset
1308 2787 1489 2863 defatigatus

130 2891 150 2930 a
164 2878 245 2931 motu
262 2872 347 2932 molis
364 2872 515 2943 terrestris,
539 2872 686 2931 somniare
707 2875 805 2949 coepit
820 2872 857 2932 tle
871 2875 1049 2933 astronomia
1068 2880 1096 2931 et
1111 2881 1192 2931 motu
1215 2877 1343 2951 corporis
1366 2874 1490 2949 lunaris,

129 2958 181 3019 sed
204 2961 301 3018 nescio
325 2959 395 3035 quid
419 2960 524 3017 ominis
545 2974 644 3017 secum
667 2958 798 3019 attulerit
825 2959 882 3019 hoe
903 2961 1062 3020 somnium!
1093 2959 1185 3018 Nobis
1212 2978 1283 3021 sane
1305 2964 1367 3020 suls
1387 2962 1490 3021 liberis

130 3046 394 3120 luctuosissimum
424 3046 494 3106 licet
522 3047 578 3121 ipsi
602 3043 686 3104 luerit
710 3050 782 3106 satis
811 3047 1005 3120 delectabilis,
1039 3049 1098 3107 imo
1129 3051 1366 3123 exoptatissimus
1398 3048 1490 3125 huJus

130 3135 236 3193 ominis
264 3142 396 3193 eventus.
443 3133 645 3208 Conscriptum
673 3147 701 3192 n.
733 3134 788 3194 hoc
817 3134 968 3194 Somnium
997 3151 1062 3193 eum
1091 3135 1146 3193 suh
1175 3134 1275 3210 praelo
1311 3147 1488 3209 versaretur,

129 3236 232 3279 somno
256 3220 344 3297 (proh
367 3219 480 3291 dolori)
502 3229 607 3295 ceptus
628 3228 713 3296 pater
727 3223 869 3297 graviori,
893 3224 952 3281 imo
975 3220 1093 3293 lethali,
1115 3222 1218 3297 spiritu
1242 3239 1331 3300 supra
1352 3222 1488 3283 lunarem

129 3309 278 3381 regionem
311 3307 348 3367 ad
379 3306 500 3369 aethera
529 3307 583 3387 (uti
610 3306 772 3384 speramusl
795 3308 939 3382 evolavit,
969 3324 1024 3368 nos
1053 3308 1160 3367 liberos
1183 3307 1287 3368 Martis
1319 3311 1436 3385 injuriis
1460 3319 1491 3372 et

129 3393 229 3453 mundi
253 3395 341 3470 hujus
364 3396 489 3455 miseriis
512 3395 662 3470 expositos
685 3397 822 3471 omnique
844 3396 903 3456 lere
931 3394 1082 3472 temporali
1105 3410 1160 3471 ope
1176 3394 1332 3456 destitutos
1349 3398 1491 3457 deseruit.

130 3480 227 3557 Hujus
251 3484 449 3558 impressionis
472 3498 570 3539 curam
594 3498 659 3540 cum
684 3484 727 3539 vir
750 3482 859 3542 clariss.
891 3492 980 3558 atque
1003 3482 1121 3542 doctiss.
1146 3483 1203 3541 un.
1226 3482 1293 3543 lac.
1319 3484 1493 3545 Bartschius

129 3568 205 3630 nied.
229 3568 305 3629 doct.
330 3578 359 3628 ot
382 3568 548 3628 matheseos
572 3571 599 3626 in
623 3568 776 3629 acerdemia
803 3572 1008 3647 Argentinensi
1035 3569 1181 3647 professor
1212 3568 1397 3647 designatus,
1422 3572 1492 3631 aiii·

128 3659 173 3715 nis
196 3674 293 3728 meus,
324 3658 517 3732 suscepisset,
549 3672 580 3715 re
602 3655 730 3715 nondum
759 3658 892 3719 coniecta
914 3661 977 3736 ipse
1000 3674 1118 3734 quoque
1139 3658 1242 3716 morbo
1266 3668 1417 3736 correptus
1441 3659 1489 3719 le-

129 3743 202 3803 thali
225 3745 308 3803 obiit.

233 3831 296 3908 Ego
313 3830 427 3889 interim
443 3846 462 3886 a
478 3829 721 3904 peregrinatione.
746 3848 834 3906 quom
858 3848 923 3890 cum
939 3830 1049 3890 barone
1065 3829 1192 3905 quodam
1209 3831 1364 3891 Austriaco
1387 3849 1494 3893 susce·

127 3933 237 3994 peram,
261 3920 290 3975 in
314 3916 501 3976 Germaniam
523 3931 676 3994 reversus,
706 3916 772 3976 iude
795 3936 813 3976 a
835 3918 953 3978 biennio
975 3916 1086 3975 nullam
1116 3916 1228 3977 habens
1257 3920 1392 3977 notitiam
1416 3935 1493 3980 eon·

128 4003 247 4063 ditionis
270 4020 410 4075 meorum,
435 4001 624 4061 Francolurto
656 4005 685 4061 in
710 4004 860 4064 husatiam
884 4003 921 4063 ad
944 4006 1024 4078 ipsos
1038 4005 1158 4080 scripsi,
1182 4013 1214 4063 ut
1230 4005 1379 4080 quomodo
1402 4014 1431 4065 et
1452 4024 1492 4067 an

129 4092 233 4150 vivant
262 4110 310 4150 me
342 4094 494 4151 certiorem
523 4089 659 4149 iacerent.
704 4090 740 4148 Et
763 4108 830 4153 ecce
861 4106 988 4149 noverca
1011 4090 1101 4149 vidua
1124 4108 1187 4150 cum
1218 4100 1344 4166 quatuor
1370 4093 1495 4170 pupillis

128 4195 195 4239 aere
218 4178 358 4239 destituta
382 4177 420 4237 nd
442 4196 488 4237 me
513 4180 608 4251 venit,
643 4183 672 4237 et
696 4177 813 4253 quidem
844 4181 873 4235 in
897 4186 974 4235 statu
998 4176 1247 4238 turbulentissimo
1277 4181 1365 4255 inque
1394 4180 1495 4242 locum

128 4272 247 4343 propter
277 4283 412 4325 annonae
443 4265 594 4323 caritatem
626 4266 980 4333 inconvenientissimum,
1015 4271 1082 4339 post
1113 4280 1144 4323 se
1173 4265 1281 4325 ducens
1311 4267 1497 4346 exemplaria

128 4352 217 4429 hujus
239 4351 350 4413 Somnii
375 4350 551 4428 incompleta
579 4368 723 4430 opemque
750 4368 843 4411 meam
867 4350 1040 4427 implorans,
1073 4353 1123 4425 qui
1147 4351 1209 4427 ipse
1233 4352 1356 4411 aliorum
1379 4355 1495 4415 auxilio

129 4449 159 4499 et
180 4440 363 4516 promotione
397 4455 471 4515 opus
493 4437 597 4502 haheo.
645 4437 879 4517 completionem
900 4440 969 4498 item
992 4436 1200 4513 exemplarium
1223 4438 1312 4513 hujus
1335 4440 1448 4500 Somnii
1473 4461 1494 4503 a

128 4543 176 4585 me
198 4525 342 4602 postulat;
364 4525 418 4586 sed
442 4523 511 4600 quid
535 4542 591 4599 ego
614 4525 683 4585 boni
706 4541 822 4601 sperare
845 4524 959 4585 dehoc
982 4522 1102 4583 Somnio
1125 4534 1245 4599 potero,
1276 4543 1340 4585 eum
1363 4524 1496 4609 patrisset

129 4612 209 4672 alfini
231 4612 315 4673 luerit
339 4610 471 4673 lethale?
494 4610 612 4671 interim
636 4622 742 4683 tamen,
766 4628 831 4671 cum
854 4628 960 4671 nomeu
983 4613 1112 4688 parentis
1127 4610 1202 4672 adeo
1219 4610 1328 4671 clarum
1349 4624 1378 4673 et
1393 4615 1494 4675 hono·

129 4698 240 4759 rihcum
261 4717 321 4760 non
343 4698 507 4769 occultare,
538 4698 590 4757 scd
612 4699 729 4775 potius,
760 4701 785 4757 si
807 4701 924 4777 ingenio
953 4714 1007 4757 auo
1035 4698 1142 4757 lamam
1166 4716 1273 4775 augere
1299 4715 1358 4757 non
1384 4704 1493 4778 possit,

129 4796 226 4847 tamen
256 4802 430 4847 conservare
461 4800 514 4863 pro
544 4787 656 4846 viribus
685 4784 780 4847 lilium
808 4785 927 4860 deceat,
965 4801 1021 4863 epo
1053 4801 1171 4862 quoqne
1204 4786 1378 4865 petitionem
1410 4788 1492 4851 hanc
