3308 5534
150 406 216 479 650
465 406 645 467 summatum
662 410 800 469 Historiae
816 408 1008 469 Asbonomiae
1025 407 1120 468 uculo
1137 408 1214 468 m.

150 584 280 651 uomicas,
300 582 334 641 de
352 584 568 643 revolutionibus
589 586 693 644 orbium
713 586 872 644 coelestium
892 586 927 642 ad
945 587 1124 643 imitationem
1142 585 1293 642 Ptolemaei
1312 594 1343 639 et
1360 584 1493 655 ememtes

150 670 260 739 tabulam
277 681 401 729 motuum
413 672 572 729 coelestium
591 682 645 732 etc.
676 676 707 729 ln
720 674 806 730 literis
815 672 858 729 'ad
877 681 1000 729 senatum
1014 673 1215 741 Tubingensem
1228 673 1302 728 datis
1314 674 1398 729 relect
1408 674 1494 729 iteca·

150 760 231 830 linus,
251 760 359 816 tabulas
377 760 432 816 hue
450 777 538 833 usque
557 763 673 818 usitatas
692 763 771 817 inniti
789 760 1026 818 obsecrationibus
1049 760 1139 816 falsis.
1162 778 1198 815 ne
1215 761 1380 817 Pruteniees
1402 762 1495 831 quiden

149 848 319 920 apparandis
338 850 508 920 satisfacere,
533 851 572 906 ita
590 858 622 905 ut
639 868 664 907 a.
684 868 707 905 c.
735 850 810 906 biars
828 863 899 920 pene
918 850 949 904 2ο
966 864 983 903 a
1001 848 1107 904 calculo
1133 849 1206 904 absit
1229 855 1258 904 ct
1275 848 1359 903 Luna
1376 846 1494 901 interdu

148 938 254 1007 integra
272 936 340 992 bora
357 937 463 992 coelum
475 944 640 1009 antevertst3
659 936 729 993 tiras
748 936 842 994 stellas
860 935 918 992 iere
931 952 1024 992 omnes
1045 952 1094 1015 ,nex
1108 952 1141 991 eo
1155 935 1242 1006 gradu
1261 945 1289 991 et
1308 935 1438 1005 scrupula
1453 934 1495 989 die

150 1026 298 1094 cessisse“,
317 1043 397 1098 quern
415 1024 527 1082 tabulae
544 1025 599 1082 illis
618 1026 768 1099 assignent.
805 1018 874 1081 Eam
894 1025 928 1078 ob
947 1040 1058 1079 cansam
1075 1032 1198 1079 tentasse
1215 1039 1247 1078 se
1264 1020 1494 1093 aquaeductus

148 1112 291 1186 Tubingae
309 1117 455 1173 Socramm
474 1117 615 1171 literarum
634 1115 728 1170 studio
747 1128 858 1185 operam
877 1111 1014 1185 dabam‘),
1033 1112 1147 1168 flaianum
1165 1120 1194 1167 et
1211 1112 1387 1181 planetarum
1405 1108 1494 1179 positae

148 1210 176 1257 et
192 1210 284 1259 motus
302 1205 505 1261 accuratissime
523 1188 694 1259 observande
713 1200 870 1271 restituere,
895 1201 1044 1255 confecisse
1069 1212 1123 1269 qna
1147 1200 1268 1270 potuerit
1285 1199 1428 1268 diligentia
1442 1214 1493 1268 qn·

148 1278 273 1346 &antem
298 1307 424 1361 magnum
449 1300 476 1346 et
495 1288 622 1347 baculum
647 1290 873 1358 astronomicum,
897 1287 971 1357 long.
991 1289 1026 1345 te
1044 1286 1156 1359 pedum,
1180 1296 1208 1343 et
1231 1294 1384 1357 procerte
1401 1288 1493 1343 mter.

149 1378 220 1432 haec
239 1379 292 1433 duo
310 1378 491 1433 instrumenta
509 1378 620 1445 negotio
639 1377 792 1435 convenire.
829 1378 896 1431 Cum
915 1384 1084 1445 compertum
1102 1376 1241 1445 habuerit,
1267 1375 1358 1431 Stadii
1377 1372 1492 1444 spine

147 1462 230 1527 rides,
250 1463 278 1517 in
296 1479 396 1518 annum
417 1464 486 1519 1576
506 1464 676 1534 desinentes,
700 1480 755 1521 non
778 1465 945 1533 continuari,
971 1482 1035 1521 suas
1053 1464 1252 1535 Ephemerides
1269 1470 1431 1533 computare
1445 1476 1492 1517 ete·

148 1554 223 1621 pisse
242 1568 389 1623 eurumque
408 1552 521 1623 primam
541 1568 613 1608 anno
635 1552 712 1608 teto.
731 1552 831 1608 rectori
850 1561 878 1607 et
895 1552 1002 1607 senatui
1016 1552 1184 1620 Tubingensi
1202 1550 1347 1617 obtulisse,
1365 1560 1491 1619 sequentes

142 1656 220 1719 'suno
241 1641 318 1694 titt.
337 1638 503 1697 additurum.
542 1642 625 1705 ,Cum
652 1648 743 1696 eutem
767 1654 814 1695 eas
835 1640 947 1709 jamjam
971 1640 1096 1695 volebam
1122 1639 1217 1708 proclo
1236 1639 1420 1707 committere,
1442 1650 1489 1689 erec

148 1735 205 1782 term
224 1727 332 1781 demum
352 1743 385 1782 er
405 1728 588 1798 Heidelberga
614 1726 712 1782 adme
735 1727 876 1792 scribitur,
901 1727 974 1795 quod
999 1726 1085 1782 Stadii
1102 1725 1303 1796 premerides
1322 1726 1380 1794 iam
1407 1722 1489 1779 dudan

148 1813 238 1870 editae
262 1813 372 1871 inerint.
411 1816 516 1884 Quibus
538 1816 603 1872 visis
627 1833 677 1885 ego
700 1832 776 1873 meos
800 1833 856 1874 non
882 1816 1061 1887 publicandas
1085 1814 1158 1869 duxi.
1197 1814 1300 1869 terum
1324 1828 1386 1867 cunt
1408 1811 1489 1867 diutiss

150 1910 272 1968 cunctor,
291 1902 340 1958 tiri
359 1904 464 1976 aliquot
482 1904 626 1960 clarissimi
646 1914 676 1961 ut
694 1905 837 1977 promissis
856 1914 930 1961 stare
954 1904 1091 1974 iidemque
1108 1903 1265 1958 academiae
1283 1902 1375 1958 datam
1393 1900 1488 1957 liberere

148 1991 237 2061 selim,
258 2008 354 2061 urgere
371 1994 516 2063 incipiunt.
551 1994 585 2048 ln
602 1994 701 2049 herum
720 2000 858 2048 tantorum
877 1993 997 2048 cicorum
1014 1993 1177 2048 sententiam
1196 1992 1324 2048 concessi
1341 2006 1374 2046 eo
1391 1986 1487 2051 tauta

149 2078 222 2148 qued
241 2078 309 2147 vidi,
334 2080 421 2135 Stadii
447 2080 556 2137 labores
574 2080 642 2137 istos
668 2083 835 2152 posteriores
858 2083 942 2154 paulo
959 2082 1141 2154 negligentius
1168 2080 1375 2151 quampriores
1391 2078 1486 2145 κάμοί

147 2173 174 2221 et
192 2182 308 2223 excusos
328 2174 413 2224 esset
451 2168 568 2240 sperare
584 2186 626 2235 sc,
646 2170 722 2226 addit
740 2171 917 2239 biacstliuus,
936 2172 1118 2227 astronomiae
1136 2161 1271 2227 cultorum
1297 2170 1387 2226 odium
1405 2182 1433 2221 se
1446 2180 1485 2219 ner

148 2253 350 2324 demoliturum,
370 2255 444 2327 quod
463 2255 514 2311 bos
533 2272 598 2312 suos
616 2257 726 2313 labores
746 2258 786 2313 els
804 2258 935 2314 fruendos
953 2269 1097 2330 proponat,
1117 2267 1145 2314 et
1163 2267 1290 2314 senatum
1308 2255 1484 2323 Tublngenae·

150 2342 216 2401 „bas
235 2340 446 2415 premerldes,
473 2352 601 2417 tanquam
626 2347 722 2401 exules
746 2348 864 2418 patriam
890 2353 989 2402 terram
1015 2354 1184 2418 repetentes,
1209 2344 1293 2401 solita
1320 2342 1485 2401 benevolentia

148 2436 321 2499 recepturum
341 2436 429 2488 esse¹‘,
456 2436 546 2495 (Datae
564 2445 624 2486 eunt
642 2439 688 2486 bae
706 2437 797 2486 literae
818 2440 860 2497 ,tn
880 2439 1016 2499 Bacbnang
1035 2443 1077 2489 tt.
1091 2436 1142 2488 Gal.
1156 2438 1226 2500 Sept.
1244 2438 1331 2493 taso.)
1358 2422 1484 2485 mid

148 2516 313 2574 llaestliuus
331 2518 562 2590 Ephemeridilurs
586 2522 643 2576 suis
662 2520 876 2589 Reuiomontani
902 2522 1139 2589 ,commentarium
1162 2524 1191 2577 in
1210 2518 1421 2593 prennerlder‘
1440 2528 1483 2569 t·

147 2604 334 2663 aelditiontbus
353 2609 419 2677 satis,
438 2610 465 2665 in
484 2610 583 2679 quibus
603 2611 675 2667 banc
694 2611 830 2666 rationem
849 2610 938 2681 affert,
958 2628 1006 2666 cur
1024 2628 1078 2666 non
1096 2610 1184 2665 locum
1204 2608 1251 2664 det
1263 2606 1405 2678 Cepernlei
1420 2605 1484 2673 bype

147 2692 281 2764 thesibus,
303 2695 369 2759 ,etsi
388 2696 473 2751 molto
486 2698 616 2752 certiores
635 2707 664 2753 ct
680 2699 802 2753 veriores
821 2699 876 2754 sint
893 2716 974 2770 quam
992 2700 1141 2767 usitatae“,
1166 2698 1230 2766 quia
1255 2702 1402 2751 consuetas
1417 2704 1485 2747 suut

147 2782 182 2835 ab
201 2784 328 2838 omnibns
347 2785 407 2853 cupi
431 2786 519 2854 possit
537 2794 565 2839 et
583 2786 648 2855 quia
673 2784 717 2838 liic
741 2784 810 2841 nibil
840 2785 1001 2841 discriminis
1021 2784 1135 2851 incidat,
1160 2794 1249 2840 uuam
1266 2782 1425 2839 sententian
1439 2776 1485 2847 qrb

146 2868 333 2940 arnplectatur.
360 2870 443 2926 Plura
455 2870 488 2926 de
501 2871 544 2927 his
557 2872 785 2942 Ephemeridibns
798 2890 853 2927 non
866 2874 987 2928 notanda
1000 2888 1155 2939 censemus,
1175 2886 1237 2927 curn
1255 2870 1344 2925 nibilo
1355 2869 1486 2935 diserep!

146 2957 181 3009 ab
194 2957 264 3026 aliis,
279 2974 348 3026 quac
361 2958 460 3023 abrilis
474 2960 641 3029 temporibus
655 2960 744 3015 editae
758 2968 829 3027 sunt,
848 2977 931 3014 unum
945 2960 1001 3014 fere
1015 2967 1172 3029 spectantes
1184 2974 1264 3013 usum
1277 2956 1465 3021 astrologica!-

253 3046 451 3115 lleidclberqse
471 3047 632 3102 llaestlinus
652 3047 835 3102 astronomiae
853 3048 985 3101 rationem
1005 3056 1033 3101 et
1052 3046 1224 3117 disciplinam
1243 3044 1486 3113 conscripsitque

146 3132 232 3202 primo
246 3152 318 3188 anno
332 3136 399 3190 ‘¹582
413 3134 486 3189 edita
498 3148 593 3195 (rectius
607 3142 640 3187 ib.
653 3140 729 3200 1588,
744 3142 821 3192 1⁶10.
835 3140 974 3200 Tnbtngae)
987 3135 1158 3190 inscribitur:
1172 3134 1337 3204 Epitcsue
1352 3136 1487 3185 uatem·

149 3223 240 3289 arsiae,
259 3241 314 3292 qua
332 3224 407 3279 brevi
424 3224 608 3293 replicatione
626 3224 721 3278 omniu
738 3228 794 3277 tum
813 3222 852 3277 od
868 3224 1040 3295 phaeacum
1057 3239 1140 3293 quum
1159 3221 1308 3277 theoriam
1328 3218 1387 3287 dtas
1399 3220 1488 3286 parit·

143 3310 314 3379 pertinentia
332 3328 366 3365 ea
385 3310 473 3381 ipsius
490 3312 623 3366 scientiae
639 3311 764 3378 fontibus
782 3309 900 3364 deducte
919 3311 1066 3379 perspicue
1084 3326 1138 3381 per
1154 3310 1331 3380 quaeaioacs
1352 3304 1488 3361 meu-ee·

146 3396 261 3451 Causam
285 3396 384 3453 librum
410 3398 482 3452 hunc
504 3397 638 3453 scribendi
660 3397 732 3452 hanc
756 3396 822 3451 dicit
839 3396 1016 3450 llaestlinns:
1046 3396 1162 3455 ,nullam
1188 3398 1260 3452 inter
1286 3397 1415 3467 plurimu
1435 3402 1489 3463 qt!

145 3492 257 3541 «uetant
274 3486 409 3555 epitomen
422 3486 506 3540 talem
515 3485 641 3554 judicare
654 3500 775 3556 possum,
793 3500 848 3552 qua
860 3483 993 3538 tironibus
1011 3486 1195 3540 astronomiae
1206 3486 1317 3553 cupidis
1331 3485 1359 3538 in
1370 3476 1489 3537 ereda&

146 3572 295 3641 veris‚ejas
313 3573 498 3626 irerrdamentis
518 3572 673 3628 satisfieret.
710 3572 781 3627 lium
800 3572 828 3627 iu
846 3570 984 3640 aliquibus
1003 3580 1078 3626 certa
1096 3570 1242 3626 methodus
1260 3570 1442 3633 desideratur,
1454 3562 1488 3619 aii

145 3661 172 3715 ir.
192 3664 314 3731 parergis
333 3670 398 3715 stant
419 3662 542 3721 verbosi,
570 3662 596 3715 in
625 3660 706 3716 rebus
725 3660 792 3730 ipsis
812 3660 894 3728 muti,
920 3658 966 3712 alii
984 3668 1093 3728 praeter
1112 3660 1195 3714 nllntn
1219 3660 1360 3713 notionem
1376 3657 1489 3713 num

146 3748 269 3802 concisas
290 3750 437 3805 divisiones
457 3750 613 3804 existimant
632 3748 817 3803 methodicum
836 3748 997 3818 quidesse,
1016 3747 1063 3802 ulii
1082 3764 1136 3803 non
1154 3746 1235 3802 modo
1254 3748 1323 3802 nibil
1340 3747 1377 3801 ad
1393 3760 1445 3799 re·
1458 3740 1488 3793 lt·

146 3838 246 3894 aientia
265 3839 371 3893 omissis
392 3837 553 3892 necessariis
572 3838 738 3905 immiscent,
764 3837 858 3891 sedet
878 3836 949 3890 iales
969 3835 1097 3908 dogmata
1121 3852 1171 3905 pro
1189 3836 1260 3890 veris
1284 3836 1394 3890 tradere
1410 3832 1488 3889 at*

146 3926 207 3979 Nou
226 3941 322 3995 parom
341 3942 383 3978 ure
401 3926 547 3979 commorit
565 3924 731 3978 desiderium
750 3923 942 3992 plurimorum,
961 3924 1010 3993 qui
1027 3926 1165 3994 epitomen
1184 3923 1319 3993 aliquam,
1343 3938 1398 3995 qua
1414 3930 1487 3977 aas*

146 4012 218 4065 satia
236 4028 289 4066 non
305 4014 406 4068 omissa
418 4030 468 4067 nce
481 4016 568 4069 otiosa
587 4012 710 4065 immixta
728 4019 821 4064 essent
840 4013 1016 4080 exoptabant,
1035 4011 1182 4066 miserebat
1198 4028 1243 4064 me
1255 4012 1402 4067 mutum
1417 4006 1488 4061 inb·

146 4116 205 4152 ram
222 4098 361 4157 laborum.
388 4118 456 4168 aluos
481 4118 531 4169 ego
549 4100 746 4154 eornmilitones
771 4115 846 4155 meos
869 4100 1018 4167 aliquando
1040 4101 1068 4155 iu
1087 4100 1273 4154 describendis
1300 4101 1392 4155 neseio
1407 4096 1487 4167 qul!

145 4188 351 4255 ‹prtaestionibus
369 4188 529 4243 insumsissc
548 4189 601 4243 eidi
620 4196 672 4243 etc.
709 4189 834 4253 lioqatas
851 4189 933 4256 igitar
945 4206 961 4243 a
973 4204 1027 4242 nou
1047 4189 1150 4257 praecis.
1169 4188 1244 4242 nolrti
1257 4188 1398 4242 statuisses
1409 4186 1487 4253 jm·

147 4280 198 4334 tuti
217 4279 288 4333 douo
307 4292 367 4331 meo
385 4275 568 4345 qualicunque
587 4274 717 4333 diuinitus
735 4277 802 4331 mibi
821 4291 952 4330 concesso
972 4276 1044 4328 ultra
1064 4275 1170 4329 deesse.
1202 4276 1297 4342 Quare
1308 4276 1359 4329 bas
1370 4272 1485 4343 quaed*

147 4382 196 4420 raes
215 4366 378 4434 conscripsi.
407 4364 589 4419 commodiore
614 4366 744 4420 methodo
767 4382 817 4435 pro
839 4365 911 4418 virili
930 4382 990 4419 meo
1009 4366 1048 4420 sic
1072 4365 1263 4431 concinnatas,
1287 4372 1319 4419 ut
1338 4366 1365 4419 in
1382 4360 1485 4417 unul!

147 4455 330 4509 astronomiae
349 4452 479 4507 scientiae
491 4452 674 4508 itrndamentis
687 4453 859 4507 addiscendis
872 4454 1066 4507 satisfaciant*
1094 4452 1254 4507 lietbodunt
1267 4454 1298 4508 S.
1312 4450 1408 4509 sunit
1418 4452 1484 4509 (Μ

148 4543 181 4596 de
199 4542 225 4595 S.
240 4542 335 4601 Busto,
354 4550 384 4594 ut
402 4541 512 4609 quidam
531 4549 682 4603 :tertiimant
701 4540 748 4595 sed
769 4540 864 4595 socrrla
882 4540 999 4593 irarbara
1012 4540 1047 4593 de
1059 4540 1086 4594 8.
1106 4538 1217 4593 liusebo
1230 4538 1273 4592 sel
1294 4540 1382 4603 Rabo,
1397 4538 1429 4591 de
1443 4544 1484 4601 q!

150 4628 237 4682 lixod.
251 4629 276 4693 3,
296 4626 339 4680 cai
357 4627 399 4681 sel
419 4626 505 4680 altare
523 4627 565 4680 vcl
585 4628 728 4687 sacellum,
758 4629 784 4681 in
803 4644 857 4696 qao
880 4642 958 4682 sacra
978 4629 1128 4696 peragebat
1151 4628 1313 4698 priusquam
1332 4616 1482 4682 lucetius!

148 4714 305 4769 llatbeseos
318 4712 517 4781 professionem
536 4726 688 4783 vocaretur,
708 4717 814 4770 dicatus
833 4720 920 4777 erat-l
940 4722 968 4768 at
988 4715 1096 4769 recitati
1114 4716 1232 4771 maxime
1250 4714 1482 4771 consentaneam!

149 4802 278 4857 studiosis
290 4813 393 4869 eratum
407 4804 530 4858 omuibus
541 4803 601 4857 aliis
611 4802 817 4872 praeterendum
829 4819 891 4859 esse
899 4818 1015 4873 eamque
1027 4802 1077 4856 sibi
1090 4806 1259 4873 aquensem
1271 4798 1482 4862 ceum-tide

149 4887 176 4939 tn
188 4886 305 4956 sphaera
316 4886 444 4959 planetae
460 4890 573 4947 totidm
591 4904 653 4949 csse
671 4889 798 4960 attimar,
817 4898 886 4961 quot
902 4891 1124 4961 briennam,
1140 4892 1208 4963 quta
1219 4900 1313 4951 men
1323 4896 1480 4953 mn
