3308 5534
666 404 745 465 1608.
764 404 844 465 1609.
1360 406 1425 475 781

65 589 243 665 operatione
263 603 340 659 mee,
364 591 416 646 aut
437 584 640 644 aberraturum
662 584 835 662 longissime
856 584 896 645 eb
920 585 1095 644 observatis.
1127 582 1231 660 Quid?
1261 584 1309 645 'Fu
1323 602 1427 663 pamm

62 677 174 737 reterre
196 682 285 753 putas
307 673 345 734 ad
370 674 449 733 urbis
463 675 553 732 annui
570 675 778 749 aequationea,
802 673 1014 750 prolongentur
1030 671 1188 733 distantiae
1203 671 1309 733 Martia
1324 691 1343 733 a
1356 672 1427 736 Sole

64 765 144 823 eirca
166 762 281 823 medies
303 760 502 837 longitudines
525 778 563 819 an
587 760 797 821 decertentur?
834 759 896 819 Aut
918 760 969 820 ubi
985 777 1040 835 ego
1056 759 1186 836 decerto,
1208 769 1240 820 tu
1255 760 1341 821 malis
1355 778 1427 839 pro·

63 848 214 927 langue?
251 848 323 913 Ota
335 849 490 907 miseruml
527 847 624 924 Quam
646 866 751 924 parum
773 865 884 909 memor
906 865 939 908 cs
961 864 1071 924 eorum,
1094 866 1172 925 quae
1193 847 1264 909 elim
1287 851 1350 927 ipse
1372 867 1428 910 ex·

62 946 170 1015 pertus
194 939 285 1014 inque
307 936 400 997 literis
423 935 530 996 adme
553 934 667 1012 prolixe
689 935 767 996 datis
790 942 916 997 testatus
938 954 981 996 es.

170 1056 234 1112 Jam
251 1054 396 1125 lieplerus,
414 1053 528 1124 propius
547 1053 679 1123 inspectis
691 1052 811 1108 Fabricii
827 1053 930 1123 literis,
948 1069 1003 1108 non
1020 1052 1102 1123 plane
1119 1068 1190 1110 rana
1209 1060 1237 1110 et
1254 1054 1332 1112 irrita
1349 1055 1427 1112 illum

63 1142 245 1215 produxisse,
265 1141 314 1197 sed
332 1142 487 1196 consentire
502 1140 549 1194 illa
567 1140 765 1207 quadamtenus
784 1157 845 1196 cum
863 1155 915 1194 sua
932 1140 1094 1210 hypothesi,
1119 1144 1256 1211 egnmcit,
1275 1142 1343 1201 haec
1361 1161 1426 1201 rere

65 1228 177 1299 obiicit:
208 1226 357 1287 Traducct
379 1235 432 1285 tua
459 1224 632 1301 hypothesis
655 1223 694 1282 ad
715 1242 748 1284 se
771 1222 896 1284 lectores
920 1233 948 1284 ct
971 1223 1180 1304 philosophos,
1210 1227 1293 1288 dabit
1315 1229 1425 1306 effugia
1498 1245 1502 1253 ’

65 1312 205 1375 hostibus
226 1314 371 1393 physicae
401 1311 554 1384 coelestis,
584 1312 717 1388 patronis
739 1314 890 1384 inscitiae,
922 1311 1089 1373 architectis
1115 1312 1276 1375 solidorum
1300 1316 1424 1393 orbium,

65 1402 248 1463 mechanicis
271 1403 393 1475 crassis,
423 1399 530 1475 quibus
559 1415 592 1457 se
619 1398 764 1459 redimant
787 1417 804 1460 a
827 1399 953 1459 uinculis
982 1399 1264 1463 demonstrationum
1294 1420 1425 1464 mearum

66 1489 260 1569 physicarum
285 1492 374 1566 inque
397 1487 563 1546 libertatem
587 1484 668 1546 Deos
697 1486 862 1547 fabricandi
890 1505 922 1546 sa
944 1489 1096 1564 recipient.
1141 1488 1297 1550 Redibitur
1318 1490 1358 1551 ad
1380 1494 1428 1551 iu-

65 1574 249 1654 telligcntlas
272 1578 409 1652 duaeque
432 1571 655 1634 collocabuntur
677 1573 716 1633 ad
739 1574 814 1633 duos
838 1574 962 1634 circulos
979 1576 1056 1635 eirca
1072 1584 1211 1652 centrum,
1237 1580 1344 1656 quibus
1361 1578 1427 1641 effi-

67 1666 164 1725 cietur
195 1664 308 1725 isthaec
338 1663 468 1723 libratio.
513 1660 617 1738 Neque
646 1669 743 1722 tamen
774 1663 838 1722 sine
860 1661 998 1723 molestia
1027 1662 1107 1723 illam
1130 1663 1300 1727 adolescere
1321 1670 1426 1745 patiar.

67 1750 234 1827 Feteberie,
256 1762 286 1813 te
309 1760 466 1830 postquam
490 1748 631 1807 audivisti
655 1748 691 1810 de
715 1751 765 1810 ria
778 1748 884 1810 Martis
898 1750 978 1810 orali
994 1753 1126 1828 coepisse
1142 1756 1271 1830 cogitare
1286 1754 1322 1816 de
1335 1755 1428 1815 libra-

66 1840 201 1900 tionibus
201 1882 356 1905 .......
401 1839 444 1897 Er
466 1836 624 1914 hypothesi
647 1839 736 1911 igitur
757 1855 824 1898 mea
846 1846 927 1897 tuam
956 1838 1125 1899 efformaeti.
1170 1840 1220 1902 Me
1241 1841 1322 1903 nuda
1346 1841 1429 1904 duxlt

68 1934 187 2001 natura,
209 1926 301 1987 nullis
325 1930 467 1986 instructa
498 1926 631 1984 restibus
653 1923 875 2003 hypothesium,
907 1933 938 1984 tu
962 1943 998 1985 ex
1021 1926 1170 2005 aliquibus
1193 1929 1258 2006 ejus
1280 1931 1428 2006 membris,

68 2030 148 2093 qnae
169 2016 225 2077 tibi
248 2034 268 2075 a
291 2032 338 2075 me
361 2020 524 2073 monstrata
555 2014 651 2071 minus
681 2011 842 2072 laudabilia
871 2013 1065 2088 videbantur,
1099 2018 1284 2078 occasionem
1314 2021 1428 2097 cepisti,

11 2110 15 2117 '
67 2105 256 2181 peregrinam
277 2102 321 2165 illi
344 2110 456 2162 vestem
479 2099 629 2171 induendi,
653 2116 713 2175 quo
736 2102 832 2160 miuus
854 2110 1063 2178 agnosceretur
1084 2105 1211 2179 sincere,
1235 2107 1306 2182 quin
1329 2108 1429 2183 potius

69 2188 199 2251 lemures
222 2192 297 2251 inter
319 2191 450 2251 membru
472 2195 500 2248 et
525 2195 637 2247 restem
659 2186 736 2247 hanc
751 2196 831 2247 tuam
846 2205 905 2248 nou
926 2188 1148 2265 distinguerent,
1171 2209 1277 2279 corpus
1293 2192 1431 2269 dicerent,

69 2278 152 2357 quod
175 2278 354 2339 Fabriciana
377 2278 468 2338 restis
490 2282 551 2349 est,
576 2275 703 2351 denique
726 2282 759 2334 ιιι
781 2292 861 2336 rrovo
884 2283 989 2337 ornatu
1012 2278 1143 2354 placeret
1166 2279 1317 2355 delicatis,
1343 2282 1432 2341 nudi-

68 2370 162 2427 htem
184 2366 412 2437 fastidientibus,
436 2366 496 2423 imo
519 2380 590 2423 rere
615 2370 648 2421 ut
670 2379 723 2439 pro
745 2372 861 2439 natura,
884 2367 1112 2439 generosissima
1135 2366 1244 2444 puella,
1268 2370 1432 2431 substitue-

70 2462 152 2515 retur
172 2457 274 2532 spuria
297 2461 349 2514 tua
370 2451 534 2512 meretricia
557 2458 663 2509 ornatu
686 2458 717 2511 ei
737 2451 870 2511 moribus
893 2451 931 2511 ed
955 2452 1139 2529 uoluptatem
1163 2459 1349 2533 comparatis,
1373 2474 1432 2518 uun

24 2538 29 2545 ’
71 2540 109 2601 sd
132 2542 355 2619 ingenuitatem,
378 2540 435 2599 boc
458 2546 517 2612 est,
550 2538 687 2597 Fabricio
711 2540 881 2617 interprete,
914 2546 948 2599 ut
969 2543 1024 2600 arti
1047 2542 1248 2604 consuleretur
1274 2562 1333 2605 non
1357 2545 1432 2606 alie·

69 2630 151 2689 netis
174 2629 369 2707 pbilosophis.
414 2626 464 2687 Sic
485 2628 576 2702 igitur
598 2628 664 2702 ipsa
694 2627 874 2688 inuentionis
900 2629 991 2689 series
1013 2632 1126 2707 arguit,
1155 2634 1339 2710 peregrinam
1365 2651 1431 2696 eene

70 2722 156 2779 ιιιιιιι
176 2716 364 2796 hypothesin,
386 2731 446 2774 non
468 2714 644 2775 naturalem.

175 2830 364 2891 Fabricius
381 2830 525 2903 respoudit
542 2831 569 2887 d.
588 2831 633 2887 22.
653 2830 748 2888 Martii
766 2830 852 2889 1609:
865 2870 962 2891 .....
997 2832 1102 2890 Vellem
1121 2851 1165 2890 me
1188 2836 1292 2906 aliquid
1313 2839 1342 2894 iu
1360 2856 1431 2896 com·

71 2936 158 2979 mnne
175 2922 283 2979 adferre
300 2937 391 2991 posse,
411 2919 485 2989 qued
503 2936 567 2975 nero
578 2936 660 2989 quam
676 2921 712 2976 sit
723 2936 829 2989 parum,
849 2921 877 2976 id
891 2921 980 2976 sentio
994 2928 1021 2976 et
1033 2920 1151 2978 libenter
1162 2938 1291 2991 agnosce.
1322 2925 1431 2984 Videris

70 3010 139 3065 nihi
156 3010 248 3067 nescio
265 3025 346 3079 quam
364 3008 448 3063 invidi
466 3015 494 3062 ct
511 3007 601 3063 asinus
619 3006 741 3064 liberulis
753 3008 837 3063 animi
854 3016 947 3063 notam
965 3008 1078 3063 inuuere
1096 3008 1178 3079 uelle,
1195 3011 1274 3079 quasi
1292 3028 1367 3068 meas
1384 3015 1432 3069 ob·

71 3098 241 3155 medones
259 3097 308 3153 tibi
326 3096 525 3152 communicare
543 3094 636 3149 nolim.
667 3094 754 3165 Nego.
784 3096 883 3165 Egone
900 3100 930 3149 te
947 3093 974 3148 in
993 3094 1132 3151 nonnullis
1151 3097 1287 3152 aemulum
1306 3115 1360 3155 non
1379 3100 1432 3156 icr-

71 3201 130 3243 rens
148 3191 197 3241 eut
215 3185 362 3255 quidquam
382 3182 507 3247 celarem,
527 3197 606 3249 quem
625 3182 653 3235 in
672 3181 797 3237 omnibus
816 3190 848 3236 ut
865 3189 1070 3252 praeceptorem
1088 3198 1210 3252 reueror,
1229 3192 1260 3240 ut
1277 3186 1433 3255 Apollinem

71 3272 163 3343 mrum
180 3272 210 3325 iu
227 3271 308 3326 rebus
327 3270 417 3326 dubiis
435 3269 559 3337 consulo,
579 3267 657 3337 eujus
676 3283 761 3338 opera
778 3278 806 3323 et
824 3268 938 3323 consilio
950 3268 1085 3325 hactenus
1097 3272 1233 3340 proficio?
1253 3272 1333 3341 Quod
1344 3291 1432 3331 mcum

73 3358 243 3433 hypothesin
262 3359 372 3421 attinet,
396 3357 493 3411 mirem
517 3372 598 3424 quam
616 3373 659 3412 me
677 3365 726 3411 tua
743 3354 891 3411 festivitate
914 3358 1080 3413 recreareris
1104 3366 1132 3413 et
1145 3358 1251 3428 judicio
1269 3368 1316 3416 tuo
1335 3364 1432 3419 conflr-

70 3446 197 3505 navah.
235 3444 385 3503 candorem
404 3451 481 3500 tuum
499 3461 560 3499 amo
579 3452 606 3499 et
625 3444 716 3513 laudo,
734 3452 762 3500 et
780 3450 811 3499 ut
828 3451 859 3499 tu
878 3445 977 3513 innuis,
995 3462 1030 3499 ex
1049 3446 1103 3502 tuis
1121 3446 1238 3516 primunr
1257 3449 1362 3519 proieci
1382 3459 1432 3509 etc

69 3532 103 3591 ln
119 3532 260 3605 prioribus
280 3533 366 3588 literis
385 3535 472 3602 (1605)
498 3531 635 3601 lieplerus
656 3532 798 3601 quaerenti
816 3530 942 3588 Fabricio
964 3532 1149 3601 explicaverat
1169 3538 1331 3593 seutentiam
1355 3555 1432 3595 suam

12 3650 33 3667 -
72 3618 107 3677 dc
124 3628 289 3691 argumento
307 3619 444 3691 Tychonis
463 3626 559 3675 contra
576 3626 679 3674 motum
692 3618 806 3688 Terrne;
826 3618 862 3673 ad
881 3619 994 3674 eandem
1007 3623 1195 3690 quaestionem
1208 3624 1278 3679 redit
1289 3627 1318 3681 in
1336 3626 1432 3682 iisdem

71 3706 176 3779 literis,
202 3724 270 3777 quas
295 3708 376 3763 modo
401 3708 586 3777 excerpsimus
606 3710 661 3773 (cir.
688 3712 739 3765 vol.
759 3712 803 3761 111.
833 3726 859 3775 p.
878 3712 938 3773 458,
957 3712 1009 3759 ιιι
1021 3710 1038 3776 ).
1082 3707 1158 3778 Quae
1182 3711 1282 3767 ibidem
1306 3714 1431 3771 Fabricio

72 3796 218 3869 respondit
236 3796 270 3851 de
288 3794 520 3865 aequinoctiorum
538 3796 742 3865 praecessione,
767 3795 894 3862 leguntur
911 3793 964 3849 rol.
983 3794 1032 3851 ΙΙΙ.
1050 3814 1080 3865 p.
1099 3798 1164 3866 506,
1188 3798 1227 3854 sie
1245 3800 1340 3856 literae
1358 3802 1433 3873 Kep-

71 3882 124 3941 leri
140 3882 178 3939 sd
197 3882 280 3937 filium
298 3881 424 3951 Fabricii,
444 3881 539 3935 eodem
559 3880 638 3936 datae
657 3880 700 3935 dic
718 3898 772 3951 quo
791 3881 826 3937 ad
844 3889 950 3952 putrem
967 3883 1085 3953 scripsit,
1104 3902 1131 3954 p.
1150 3887 1211 3942 452.

181 3988 387 4043 llerrrartus
405 3993 515 4055 praeter
533 3985 741 4056 chronologicae
759 3988 935 4058 quaestiones
953 3994 1006 4058 (lv,
1025 3995 1078 4044 478
1091 3992 1135 4059 ss.)
1152 3992 1273 4062 lieplero
1291 3993 1365 4049 aliud
1383 3995 1432 4050 im·

72 4076 172 4149 posuit
187 4074 335 4144 negotium,
354 4089 428 4129 mere
446 4074 656 4130 arithmeticum.
687 4075 893 4145 conscripserat
912 4076 1048 4143 ,Tabulas
1060 4079 1261 4135 arithmetiens“
1282 4096 1383 4151 easque
1396 4083 1432 4139 ad

72 4172 172 4235 ippum
191 4158 374 4229 praepararit.
404 4159 524 4229 Keplere
537 4162 610 4216 misit
622 4161 649 4216 d.
664 4162 707 4219 13.
720 4162 793 4232 Sept.
810 4164 980 4235 ,pagiuam“,
999 4164 1174 4222 exhibentem
1187 4169 1324 4238 specimen
1336 4185 1433 4239 opera·

71 4250 158 4307 tionis
176 4247 380 4316 arithmeticae,
398 4256 508 4316 petens:
538 4250 593 4312 ,lir
611 4247 689 4305 nuille
707 4248 836 4304 biertiber
853 4250 911 4305 sein
931 4252 1096 4308 Bedenelren
1115 4254 1170 4308 rud
1188 4256 1343 4311 Gutaclrten
1361 4265 1433 4314 saurt

73 4352 132 4393 m
151 4335 192 4391 lm
212 4334 291 4390 dabei
309 4334 376 4389 oder
395 4336 512 4390 dardber
529 4352 565 4390 uu
584 4336 702 4391 Gemdth
721 4337 816 4408 gebat,
839 4338 891 4393 mir
908 4339 1112 4396 cuschreibeu.“
1151 4341 1226 4412 Quae
1245 4343 1380 4413 lieplerus
1397 4346 1433 4401 ari

73 4424 148 4481 hene
166 4430 196 4479 et
212 4422 377 4493 posteriores
396 4420 527 4491 epistolas
545 4428 579 4485 (d.
594 4428 618 4479 d.
636 4430 663 4479 5.
676 4428 740 4481 lior.
758 4431 784 4480 2.
802 4435 828 4479 et
839 4434 865 4484 o.
878 4428 951 4495 Dec.)
969 4429 1156 4499 responderit,
1175 4430 1304 4499 leguntur
1320 4433 1373 4488 rol.
1384 4434 1432 4498 IV.

76 4528 107 4583 p.
125 4510 181 4569 527
199 4526 254 4580 ss,
273 4510 353 4565 datae
373 4517 437 4564 sunt
454 4510 567 4580 Kepleri
585 4511 680 4567 literae
697 4511 724 4571 d.
743 4514 784 4570 18.
804 4515 865 4571 Oct.
885 4520 914 4569 et
932 4518 972 4572 12.
991 4517 1149 4573 Decembris
1167 4520 1232 4573 anni
1250 4521 1327 4577 1008.

182 4614 291 4675 lues.
321 4617 404 4672 Edita
422 4624 486 4672 suut
503 4617 557 4674 boc
574 4634 660 4675 anno:
686 4620 868 4677 Αειτοιιοιιιὶα
884 4638 958 4678 noae
975 4639 1023 4678 eeu
1043 4623 1248 4679 Commentario
1264 4624 1298 4679 dc
1315 4626 1435 4682 snotrbsre

74 4708 173 4767 stellae
189 4706 305 4775 Μανιιὲι,
322 4706 478 4774 Responsio
495 4707 534 4762 ad
549 4707 710 4774 Ebelinum,
730 4713 757 4762 et
773 4708 991 4766 Phaenomeaon
1007 4710 1148 4781 necuim
1163 4726 1212 4765 acu
1229 4711 1386 4768 Mercurius
1402 4713 1434 4768 eir

75 4794 154 4855 Sele.
188 4791 315 4863 Epistola
333 4792 499 4847 dedicatoria
518 4793 808 4859 ,commentariorum
828 4795 877 4863 (ad
894 4796 1071 4866 Rudolphum
1082 4797 1290 4866 Imperatorem)
1308 4798 1374 4855 data
1390 4806 1434 4857 est

77 4882 103 4943 i.
122 4880 183 4943 cal.
202 4880 380 4954 spritalia
398 4882 628 4951 ,responsionis
642 4880 692 4953 (ad
702 4882 730 4940 J.
743 4882 777 4941 G.
790 4881 967 4958 dedmsnu,
985 4884 1169 4944 consiliarium
1186 4891 1215 4945 et
1230 4886 1350 4961 legatum
1361 4888 1432 4951 elec.
