<?xml version="1.0" encoding="UTF-8"?>
<!DOCTYPE html PUBLIC "-//W3C//DTD XHTML 1.0 Transitional//EN"
    "http://www.w3.org/TR/xhtml1/DTD/xhtml1-transitional.dtd">
<html xmlns="http://www.w3.org/1999/xhtml" xml:lang="en" lang="en">
 <head>
  <title>
</title>
<meta http-equiv="Content-Type" content="text/html;charset=utf-8" />
  <meta name='ocr-system' content='tesseract 3.04.00' />
  <meta name='ocr-capabilities' content='ocr_page ocr_carea ocr_par ocr_line ocrx_word'/>
</head>
<body>
  <div class='ocr_page' id='page_1' title='image "./joanniskepleria00frisgoog/joanniskepleria00frisgoog_0824.png"; bbox 0 0 3308 5534; ppageno 0'>
   <div class='ocr_carea' id='block_1_1' title="bbox 29 362 993 481">
    <p class='ocr_par' dir='ltr' id='par_1_1' title="bbox 29 362 993 481">
     <span class='ocr_line' id='line_1_1' title="bbox 29 362 993 481; baseline -0.019 1"><span class='ocrx_word' id='word_1_1' title='bbox 29 362 32 372; x_wconf 26' lang='grc' dir='ltr'>Ι</span> <span class='ocrx_word' id='word_1_2' title='bbox 147 406 212 480; x_wconf 79' lang='lat' dir='ltr'>aad</span> <span class='ocrx_word' id='word_1_3' title='bbox 660 412 724 468; x_wconf 77' lang='lat' dir='ltr'>vita</span> <span class='ocrx_word' id='word_1_4' title='bbox 740 408 856 468; x_wconf 75' lang='lat' dir='ltr'>raama</span> <span class='ocrx_word' id='word_1_5' title='bbox 873 408 993 481; x_wconf 76' lang='lat' dir='ltr'>uepres.</span> 
     </span>
    </p>
   </div>
   <div class='ocr_carea' id='block_1_2' title="bbox 146 587 1519 4777">
    <p class='ocr_par' dir='ltr' id='par_1_2' title="bbox 146 587 1490 1368">
     <span class='ocr_line' id='line_1_2' title="bbox 148 587 1481 671; baseline 0.002 -20"><span class='ocrx_word' id='word_1_6' title='bbox 148 588 270 668; x_wconf 80' lang='lat' dir='ltr'><strong>aliquod</strong></span> <span class='ocrx_word' id='word_1_7' title='bbox 292 588 369 649; x_wconf 85' lang='lat' dir='ltr'>ultro</span> <span class='ocrx_word' id='word_1_8' title='bbox 394 587 476 650; x_wconf 90' lang='lat' dir='ltr'>daret</span> <span class='ocrx_word' id='word_1_9' title='bbox 498 607 570 651; x_wconf 86' lang='lat' dir='ltr'>suae</span> <span class='ocrx_word' id='word_1_10' title='bbox 592 590 833 657; x_wconf 84' lang='lat' dir='ltr'>benevolentiae:</span> <span class='ocrx_word' id='word_1_11' title='bbox 856 606 925 653; x_wconf 90' lang='lat' dir='ltr'>nam</span> <span class='ocrx_word' id='word_1_12' title='bbox 940 604 999 650; x_wconf 92' lang='lat' dir='ltr'>non</span> <span class='ocrx_word' id='word_1_13' title='bbox 1014 596 1078 650; x_wconf 88' lang='lat' dir='ltr'>erat</span> <span class='ocrx_word' id='word_1_14' title='bbox 1092 589 1164 650; x_wconf 89' lang='lat' dir='ltr'>mibi</span> <span class='ocrx_word' id='word_1_15' title='bbox 1180 590 1365 666; x_wconf 86' lang='lat' dir='ltr'>consulturo,</span> <span class='ocrx_word' id='word_1_16' title='bbox 1385 594 1481 671; x_wconf 80' lang='lat' dir='ltr'>saepias</span> 
     </span>
     <span class='ocr_line' id='line_1_3' title="bbox 146 676 1482 755; baseline 0.001 -17"><span class='ocrx_word' id='word_1_17' title='bbox 146 682 178 738; x_wconf 92' lang='lat' dir='ltr'>in</span> <span class='ocrx_word' id='word_1_18' title='bbox 202 678 355 737; x_wconf 82' lang='lat' dir='ltr'><strong>discrimen</strong></span> <span class='ocrx_word' id='word_1_19' title='bbox 379 680 481 737; x_wconf 84' lang='lat' dir='ltr'>venire</span> <span class='ocrx_word' id='word_1_20' title='bbox 503 676 647 755; x_wconf 75' lang='lat' dir='ltr'><strong>repulsae.</strong></span> <span class='ocrx_word' id='word_1_21' title='bbox 680 680 719 738; x_wconf 81' lang='lat' dir='ltr'>Et</span> <span class='ocrx_word' id='word_1_22' title='bbox 741 682 860 739; x_wconf 91' lang='lat' dir='ltr'>omnino</span> <span class='ocrx_word' id='word_1_23' title='bbox 882 681 1082 753; x_wconf 78' lang='lat' dir='ltr'>successisset,</span> <span class='ocrx_word' id='word_1_24' title='bbox 1106 696 1161 739; x_wconf 90' lang='lat' dir='ltr'>neo</span> <span class='ocrx_word' id='word_1_25' title='bbox 1184 680 1286 739; x_wconf 80' lang='lat' dir='ltr'>forsan</span> <span class='ocrx_word' id='word_1_26' title='bbox 1308 681 1392 749; x_wconf 86' lang='lat' dir='ltr'>male,</span> <span class='ocrx_word' id='word_1_27' title='bbox 1410 682 1482 740; x_wconf 80' lang='lat' dir='ltr'>sirei</span> 
     </span>
     <span class='ocr_line' id='line_1_4' title="bbox 148 766 1485 844; baseline 0.001 -17"><span class='ocrx_word' id='word_1_28' title='bbox 148 783 205 844; x_wconf 86' lang='lat' dir='ltr'>ego</span> <span class='ocrx_word' id='word_1_29' title='bbox 228 769 358 842; x_wconf 75' lang='lat' dir='ltr'>apertius</span> <span class='ocrx_word' id='word_1_30' title='bbox 381 767 518 842; x_wconf 76' lang='lat' dir='ltr'>egissem,</span> <span class='ocrx_word' id='word_1_31' title='bbox 542 766 591 826; x_wconf 83' lang='lat' dir='ltr'>rel</span> <span class='ocrx_word' id='word_1_32' title='bbox 614 767 666 826; x_wconf 92' lang='lat' dir='ltr'>illa</span> <span class='ocrx_word' id='word_1_33' title='bbox 688 767 809 844; x_wconf 90' lang='lat' dir='ltr'>pudoris</span> <span class='ocrx_word' id='word_1_34' title='bbox 832 775 862 826; x_wconf 91' lang='lat' dir='ltr'>et</span> <span class='ocrx_word' id='word_1_35' title='bbox 884 766 1019 826; x_wconf 90' lang='lat' dir='ltr'>cautelae</span> <span class='ocrx_word' id='word_1_36' title='bbox 1040 768 1139 826; x_wconf 89' lang='lat' dir='ltr'>minus</span> <span class='ocrx_word' id='word_1_37' title='bbox 1162 767 1367 828; x_wconf 74' lang='lat' dir='ltr'>adhibuisset:</span> <span class='ocrx_word' id='word_1_38' title='bbox 1393 780 1485 828; x_wconf 72' lang='lat' dir='ltr'>aaran</span> 
     </span>
     <span class='ocr_line' id='line_1_5' title="bbox 148 852 1486 931; baseline 0.001 -17"><span class='ocrx_word' id='word_1_39' title='bbox 148 856 227 915; x_wconf 92' lang='lat' dir='ltr'>enim</span> <span class='ocrx_word' id='word_1_40' title='bbox 250 859 310 928; x_wconf 88' lang='lat' dir='ltr'>ort,</span> <span class='ocrx_word' id='word_1_41' title='bbox 337 861 460 912; x_wconf 88' lang='lat' dir='ltr'>matrem</span> <span class='ocrx_word' id='word_1_42' title='bbox 476 852 683 928; x_wconf 89' lang='lat' dir='ltr'>cousuluisse,</span> <span class='ocrx_word' id='word_1_43' title='bbox 714 863 804 931; x_wconf 89' lang='lat' dir='ltr'>atque</span> <span class='ocrx_word' id='word_1_44' title='bbox 827 854 879 917; x_wconf 91' lang='lat' dir='ltr'>illa</span> <span class='ocrx_word' id='word_1_45' title='bbox 901 853 974 912; x_wconf 89' lang='lat' dir='ltr'>milri</span> <span class='ocrx_word' id='word_1_46' title='bbox 996 870 1055 913; x_wconf 93' lang='lat' dir='ltr'>non</span> <span class='ocrx_word' id='word_1_47' title='bbox 1080 855 1219 927; x_wconf 79' lang='lat' dir='ltr'>obscure,</span> <span class='ocrx_word' id='word_1_48' title='bbox 1247 855 1303 916; x_wconf 88' lang='lat' dir='ltr'>aed</span> <span class='ocrx_word' id='word_1_49' title='bbox 1324 872 1389 916; x_wconf 83' lang='lat' dir='ltr'>aero</span> <span class='ocrx_word' id='word_1_50' title='bbox 1407 859 1486 927; x_wconf 70' lang='lat' dir='ltr'>ainis</span> 
     </span>
     <span class='ocr_line' id='line_1_6' title="bbox 147 940 1487 1020; baseline 0.001 -19"><span class='ocrx_word' id='word_1_51' title='bbox 147 948 281 1020; x_wconf 90' lang='lat' dir='ltr'>paratam</span> <span class='ocrx_word' id='word_1_52' title='bbox 312 940 508 1001; x_wconf 90' lang='lat' dir='ltr'>conditionem</span> <span class='ocrx_word' id='word_1_53' title='bbox 543 941 678 1002; x_wconf 85' lang='lat' dir='ltr'>ostendit.</span> <span class='ocrx_word' id='word_1_54' title='bbox 723 941 886 1015; x_wconf 84' lang='lat' dir='ltr'>Nobilitas,</span> <span class='ocrx_word' id='word_1_55' title='bbox 919 942 1030 1016; x_wconf 81' lang='lat' dir='ltr'>torma,</span> <span class='ocrx_word' id='word_1_56' title='bbox 1065 945 1250 1020; x_wconf 84' lang='lat' dir='ltr'>experientia</span> <span class='ocrx_word' id='word_1_57' title='bbox 1283 945 1328 1003; x_wconf 86' lang='lat' dir='ltr'>rei</span> <span class='ocrx_word' id='word_1_58' title='bbox 1358 944 1487 1003; x_wconf 78' lang='lat' dir='ltr'>tamiiur&#39;a</span> 
     </span>
     <span class='ocr_line' id='line_1_7' title="bbox 147 1028 1488 1109; baseline -0.001 -19"><span class='ocrx_word' id='word_1_59' title='bbox 147 1028 279 1103; x_wconf 88' lang='lat' dir='ltr'>aderaut,</span> <span class='ocrx_word' id='word_1_60' title='bbox 303 1030 426 1090; x_wconf 86' lang='lat' dir='ltr'>aberant</span> <span class='ocrx_word' id='word_1_61' title='bbox 448 1046 538 1106; x_wconf 92' lang='lat' dir='ltr'>opes,</span> <span class='ocrx_word' id='word_1_62' title='bbox 562 1036 700 1106; x_wconf 89' lang='lat' dir='ltr'>suspecta</span> <span class='ocrx_word' id='word_1_63' title='bbox 722 1029 880 1100; x_wconf 84' lang='lat' dir='ltr'>valetudo,</span> <span class='ocrx_word' id='word_1_64' title='bbox 894 1030 995 1109; x_wconf 84' lang='lat' dir='ltr'>signis</span> <span class='ocrx_word' id='word_1_65' title='bbox 1018 1032 1195 1089; x_wconf 81' lang='lat' dir='ltr'>vitiosorum</span> <span class='ocrx_word' id='word_1_66' title='bbox 1218 1031 1391 1108; x_wconf 88' lang='lat' dir='ltr'>pulmonum</span> <span class='ocrx_word' id='word_1_67' title='bbox 1410 1034 1488 1089; x_wconf 64' lang='lat' dir='ltr'>aaut</span> 
     </span>
     <span class='ocr_line' id='line_1_8' title="bbox 147 1116 1488 1195; baseline -0.001 -17"><span class='ocrx_word' id='word_1_68' title='bbox 147 1118 322 1179; x_wconf 87' lang='lat' dir='ltr'>festissimis.</span> <span class='ocrx_word' id='word_1_69' title='bbox 370 1116 481 1192; x_wconf 83' lang='lat' dir='ltr'>Aliqua</span> <span class='ocrx_word' id='word_1_70' title='bbox 509 1119 538 1174; x_wconf 91' lang='lat' dir='ltr'>in</span> <span class='ocrx_word' id='word_1_71' title='bbox 569 1117 626 1177; x_wconf 91' lang='lat' dir='ltr'>boc</span> <span class='ocrx_word' id='word_1_72' title='bbox 655 1123 718 1177; x_wconf 88' lang='lat' dir='ltr'>erat</span> <span class='ocrx_word' id='word_1_73' title='bbox 746 1116 919 1191; x_wconf 85' lang='lat' dir='ltr'>difficultas,</span> <span class='ocrx_word' id='word_1_74' title='bbox 953 1117 1032 1193; x_wconf 92' lang='lat' dir='ltr'>quod</span> <span class='ocrx_word' id='word_1_75' title='bbox 1062 1118 1193 1178; x_wconf 90' lang='lat' dir='ltr'>nobilem</span> <span class='ocrx_word' id='word_1_76' title='bbox 1222 1119 1389 1179; x_wconf 83' lang='lat' dir='ltr'>indotatam</span> <span class='ocrx_word' id='word_1_77' title='bbox 1414 1120 1488 1195; x_wconf 79' lang='lat' dir='ltr'>paula</span> 
     </span>
     <span class='ocr_line' id='line_1_9' title="bbox 148 1202 1490 1282; baseline 0.001 -17"><span class='ocrx_word' id='word_1_78' title='bbox 148 1207 330 1265; x_wconf 88' lang='lat' dir='ltr'>sumtuosius</span> <span class='ocrx_word' id='word_1_79' title='bbox 360 1202 526 1263; x_wconf 87' lang='lat' dir='ltr'>habendam</span> <span class='ocrx_word' id='word_1_80' title='bbox 557 1205 721 1264; x_wconf 81' lang='lat' dir='ltr'>constabat.</span> <span class='ocrx_word' id='word_1_81' title='bbox 768 1206 808 1263; x_wconf 82' lang='lat' dir='ltr'>rit</span> <span class='ocrx_word' id='word_1_82' title='bbox 830 1222 908 1264; x_wconf 90' lang='lat' dir='ltr'>nunc</span> <span class='ocrx_word' id='word_1_83' title='bbox 931 1205 1031 1281; x_wconf 87' lang='lat' dir='ltr'>puella</span> <span class='ocrx_word' id='word_1_84' title='bbox 1053 1207 1096 1263; x_wconf 89' lang='lat' dir='ltr'>sic</span> <span class='ocrx_word' id='word_1_85' title='bbox 1118 1206 1292 1282; x_wconf 90' lang='lat' dir='ltr'>respondit,</span> <span class='ocrx_word' id='word_1_86' title='bbox 1323 1216 1357 1265; x_wconf 94' lang='lat' dir='ltr'>ut</span> <span class='ocrx_word' id='word_1_87' title='bbox 1380 1207 1490 1282; x_wconf 82' lang='lat' dir='ltr'>conjice·</span> 
     </span>
     <span class='ocr_line' id='line_1_10' title="bbox 147 1291 1422 1368; baseline 0.001 -16"><span class='ocrx_word' id='word_1_88' title='bbox 147 1311 218 1367; x_wconf 90' lang='lat' dir='ltr'>rem,</span> <span class='ocrx_word' id='word_1_89' title='bbox 242 1292 324 1350; x_wconf 93' lang='lat' dir='ltr'>illam</span> <span class='ocrx_word' id='word_1_90' title='bbox 348 1300 378 1350; x_wconf 88' lang='lat' dir='ltr'>et</span> <span class='ocrx_word' id='word_1_91' title='bbox 400 1294 536 1364; x_wconf 86' lang='lat' dir='ltr'>sensisse,</span> <span class='ocrx_word' id='word_1_92' title='bbox 560 1293 631 1367; x_wconf 90' lang='lat' dir='ltr'>quid</span> <span class='ocrx_word' id='word_1_93' title='bbox 656 1291 772 1366; x_wconf 84' lang='lat' dir='ltr'>vellem,</span> <span class='ocrx_word' id='word_1_94' title='bbox 795 1300 825 1352; x_wconf 90' lang='lat' dir='ltr'>et</span> <span class='ocrx_word' id='word_1_95' title='bbox 847 1309 973 1368; x_wconf 78' lang='lat' dir='ltr'>negasse</span> <span class='ocrx_word' id='word_1_96' title='bbox 994 1294 1067 1351; x_wconf 86' lang='lat' dir='ltr'>citra</span> <span class='ocrx_word' id='word_1_97' title='bbox 1088 1310 1186 1352; x_wconf 88' lang='lat' dir='ltr'>meam</span> <span class='ocrx_word' id='word_1_98' title='bbox 1210 1295 1422 1354; x_wconf 83' lang='lat' dir='ltr'>contusionem</span> 
     </span>
    </p>

    <p class='ocr_par' dir='ltr' id='par_1_3' title="bbox 146 1378 1519 2054">
     <span class='ocr_line' id='line_1_11' title="bbox 254 1378 1489 1456; baseline 0.001 -18"><span class='ocrx_word' id='word_1_99' title='bbox 254 1379 360 1454; x_wconf 90' lang='lat' dir='ltr'>Itaque</span> <span class='ocrx_word' id='word_1_100' title='bbox 382 1396 419 1438; x_wconf 91' lang='lat' dir='ltr'>ne</span> <span class='ocrx_word' id='word_1_101' title='bbox 442 1378 622 1455; x_wconf 86' lang='lat' dir='ltr'>periclitarer</span> <span class='ocrx_word' id='word_1_102' title='bbox 644 1380 786 1456; x_wconf 89' lang='lat' dir='ltr'>amplius,</span> <span class='ocrx_word' id='word_1_103' title='bbox 820 1380 858 1438; x_wconf 93' lang='lat' dir='ltr'>ad</span> <span class='ocrx_word' id='word_1_104' title='bbox 884 1379 1027 1439; x_wconf 89' lang='lat' dir='ltr'>decimam</span> <span class='ocrx_word' id='word_1_105' title='bbox 1058 1384 1174 1453; x_wconf 89' lang='lat' dir='ltr'>transii,</span> <span class='ocrx_word' id='word_1_106' title='bbox 1203 1390 1329 1441; x_wconf 88' lang='lat' dir='ltr'>secutus</span> <span class='ocrx_word' id='word_1_107' title='bbox 1358 1380 1489 1441; x_wconf 73' lang='lat' dir='ltr'>consiliu·</span> 
     </span>
     <span class='ocr_line' id='line_1_12' title="bbox 146 1465 1489 1544; baseline -0.001 -16"><span class='ocrx_word' id='word_1_108' title='bbox 146 1468 274 1528; x_wconf 81' lang='lat' dir='ltr'>feminae</span> <span class='ocrx_word' id='word_1_109' title='bbox 289 1465 450 1543; x_wconf 89' lang='lat' dir='ltr'>popularis,</span> <span class='ocrx_word' id='word_1_110' title='bbox 474 1467 544 1524; x_wconf 86' lang='lat' dir='ltr'>milri</span> <span class='ocrx_word' id='word_1_111' title='bbox 561 1468 765 1542; x_wconf 84' lang='lat' dir='ltr'>amicissimae,</span> <span class='ocrx_word' id='word_1_112' title='bbox 789 1483 866 1543; x_wconf 89' lang='lat' dir='ltr'>quaa</span> <span class='ocrx_word' id='word_1_113' title='bbox 885 1466 948 1542; x_wconf 85' lang='lat' dir='ltr'>jam</span> <span class='ocrx_word' id='word_1_114' title='bbox 964 1466 1015 1525; x_wconf 90' lang='lat' dir='ltr'>diu</span> <span class='ocrx_word' id='word_1_115' title='bbox 1030 1482 1063 1526; x_wconf 90' lang='lat' dir='ltr'>se</span> <span class='ocrx_word' id='word_1_116' title='bbox 1078 1470 1177 1544; x_wconf 87' lang='lat' dir='ltr'>sperni</span> <span class='ocrx_word' id='word_1_117' title='bbox 1194 1479 1305 1544; x_wconf 86' lang='lat' dir='ltr'>questa</span> <span class='ocrx_word' id='word_1_118' title='bbox 1320 1478 1392 1528; x_wconf 85' lang='lat' dir='ltr'>erat.</span> <span class='ocrx_word' id='word_1_119' title='bbox 1425 1468 1489 1527; x_wconf 74' lang='lat' dir='ltr'>rer·</span> 
     </span>
     <span class='ocr_line' id='line_1_13' title="bbox 149 1554 1488 1635; baseline 0.001 -21"><span class='ocrx_word' id='word_1_120' title='bbox 149 1556 265 1615; x_wconf 89' lang='lat' dir='ltr'>tamin</span> <span class='ocrx_word' id='word_1_121' title='bbox 289 1561 494 1629; x_wconf 88' lang='lat' dir='ltr'>conspectum,</span> <span class='ocrx_word' id='word_1_122' title='bbox 523 1571 594 1631; x_wconf 93' lang='lat' dir='ltr'>opes</span> <span class='ocrx_word' id='word_1_123' title='bbox 617 1563 700 1613; x_wconf 83' lang='lat' dir='ltr'>eram</span> <span class='ocrx_word' id='word_1_124' title='bbox 722 1562 831 1628; x_wconf 88' lang='lat' dir='ltr'>certae,</span> <span class='ocrx_word' id='word_1_125' title='bbox 853 1554 1002 1625; x_wconf 84' lang='lat' dir='ltr'>nobilitas,</span> <span class='ocrx_word' id='word_1_126' title='bbox 1026 1555 1198 1630; x_wconf 80' lang='lat' dir='ltr'>frugalitas3</span> <span class='ocrx_word' id='word_1_127' title='bbox 1229 1568 1262 1615; x_wconf 91' lang='lat' dir='ltr'>at</span> <span class='ocrx_word' id='word_1_128' title='bbox 1285 1557 1488 1635; x_wconf 75' lang='lat' dir='ltr'>physiogsora</span> 
     </span>
     <span class='ocr_line' id='line_1_14' title="bbox 152 1640 1488 1720; baseline -0.001 -17"><span class='ocrx_word' id='word_1_129' title='bbox 152 1642 421 1716; x_wconf 86' lang='lat' dir='ltr'>abhorrentiasima,</span> <span class='ocrx_word' id='word_1_130' title='bbox 446 1642 540 1701; x_wconf 85' lang='lat' dir='ltr'>torma</span> <span class='ocrx_word' id='word_1_131' title='bbox 562 1643 650 1701; x_wconf 88' lang='lat' dir='ltr'>etiarn</span> <span class='ocrx_word' id='word_1_132' title='bbox 673 1640 865 1718; x_wconf 89' lang='lat' dir='ltr'>popularibus</span> <span class='ocrx_word' id='word_1_133' title='bbox 889 1641 983 1702; x_wconf 88' lang='lat' dir='ltr'>oculis</span> <span class='ocrx_word' id='word_1_134' title='bbox 1006 1645 1108 1717; x_wconf 87' lang='lat' dir='ltr'>turpis,</span> <span class='ocrx_word' id='word_1_135' title='bbox 1131 1659 1292 1719; x_wconf 89' lang='lat' dir='ltr'>corporum</span> <span class='ocrx_word' id='word_1_136' title='bbox 1316 1644 1488 1720; x_wconf 82' lang='lat' dir='ltr'>inaequalitas</span> 
     </span>
     <span class='ocr_line' id='line_1_15' title="bbox 149 1729 1487 1806; baseline 0.001 -15"><span class='ocrx_word' id='word_1_137' title='bbox 149 1730 396 1803; x_wconf 80' lang='lat' dir='ltr'>manifestissima,</span> <span class='ocrx_word' id='word_1_138' title='bbox 420 1745 475 1805; x_wconf 86' lang='lat' dir='ltr'>ego</span> <span class='ocrx_word' id='word_1_139' title='bbox 499 1731 604 1802; x_wconf 91' lang='lat' dir='ltr'>tenuis,</span> <span class='ocrx_word' id='word_1_140' title='bbox 629 1729 931 1806; x_wconf 75' lang='lat' dir='ltr'>crocomagmatis,</span> <span class='ocrx_word' id='word_1_141' title='bbox 954 1729 1006 1788; x_wconf 90' lang='lat' dir='ltr'>illa</span> <span class='ocrx_word' id='word_1_142' title='bbox 1030 1731 1127 1788; x_wconf 85' lang='lat' dir='ltr'>brevis</span> <span class='ocrx_word' id='word_1_143' title='bbox 1151 1739 1182 1790; x_wconf 91' lang='lat' dir='ltr'>et</span> <span class='ocrx_word' id='word_1_144' title='bbox 1204 1748 1321 1806; x_wconf 81' lang='lat' dir='ltr'>crassa,</span> <span class='ocrx_word' id='word_1_145' title='bbox 1344 1749 1380 1792; x_wconf 83' lang='lat' dir='ltr'>er</span> <span class='ocrx_word' id='word_1_146' title='bbox 1400 1730 1487 1791; x_wconf 70' lang='lat' dir='ltr'>unm</span> 
     </span>
     <span class='ocr_line' id='line_1_16' title="bbox 150 1816 1486 1897; baseline -0.001 -18"><span class='ocrx_word' id='word_1_147' title='bbox 150 1821 239 1879; x_wconf 90' lang='lat' dir='ltr'>etiam</span> <span class='ocrx_word' id='word_1_148' title='bbox 263 1818 369 1893; x_wconf 85' lang='lat' dir='ltr'>insigni</span> <span class='ocrx_word' id='word_1_149' title='bbox 393 1816 540 1892; x_wconf 89' lang='lat' dir='ltr'>superflua</span> <span class='ocrx_word' id='word_1_150' title='bbox 564 1820 705 1879; x_wconf 86' lang='lat' dir='ltr'>crassitie.</span> <span class='ocrx_word' id='word_1_151' title='bbox 733 1816 899 1894; x_wconf 89' lang='lat' dir='ltr'>Indignitas</span> <span class='ocrx_word' id='word_1_152' title='bbox 915 1819 1044 1876; x_wconf 87' lang='lat' dir='ltr'>maxima</span> <span class='ocrx_word' id='word_1_153' title='bbox 1060 1826 1125 1875; x_wconf 88' lang='lat' dir='ltr'>orta</span> <span class='ocrx_word' id='word_1_154' title='bbox 1146 1835 1184 1877; x_wconf 85' lang='lat' dir='ltr'>ex</span> <span class='ocrx_word' id='word_1_155' title='bbox 1208 1822 1486 1897; x_wconf 66' lang='lat' dir='ltr'>comparationem</span> 
     </span>
     <span class='ocr_line' id='line_1_17' title="bbox 150 1903 1486 1984; baseline 0.001 -19"><span class='ocrx_word' id='word_1_156' title='bbox 150 1909 262 1984; x_wconf 89' lang='lat' dir='ltr'>quinta,</span> <span class='ocrx_word' id='word_1_157' title='bbox 286 1922 346 1963; x_wconf 93' lang='lat' dir='ltr'>non</span> <span class='ocrx_word' id='word_1_158' title='bbox 370 1912 467 1964; x_wconf 88' lang='lat' dir='ltr'>tamen</span> <span class='ocrx_word' id='word_1_159' title='bbox 491 1906 634 1964; x_wconf 84' lang='lat' dir='ltr'>excitavit</span> <span class='ocrx_word' id='word_1_160' title='bbox 655 1921 784 1966; x_wconf 90' lang='lat' dir='ltr'>amorem</span> <span class='ocrx_word' id='word_1_161' title='bbox 808 1920 878 1982; x_wconf 90' lang='lat' dir='ltr'>ergo</span> <span class='ocrx_word' id='word_1_162' title='bbox 900 1904 982 1963; x_wconf 91' lang='lat' dir='ltr'>illam</span> <span class='ocrx_word' id='word_1_163' title='bbox 1005 1903 1117 1963; x_wconf 91' lang='lat' dir='ltr'>denuo:</span> <span class='ocrx_word' id='word_1_164' title='bbox 1146 1906 1298 1982; x_wconf 69' lang='lat' dir='ltr'>sachor</span> <span class='ocrx_word' id='word_1_165' title='bbox 1319 1906 1418 1981; x_wconf 71' lang='lat' dir='ltr'>Euro,</span> <span class='ocrx_word' id='word_1_166' title='bbox 1437 1922 1486 1981; x_wconf 66' lang='lat' dir='ltr'>m</span> 
     </span>
     <span class='ocr_line' id='line_1_18' title="bbox 149 1993 1519 2054; baseline -0.001 -1"><span class='ocrx_word' id='word_1_167' title='bbox 149 1995 279 2054; x_wconf 79' lang='lat' dir='ltr'>Plutoni</span> <span class='ocrx_word' id='word_1_168' title='bbox 300 1993 456 2052; x_wconf 78' lang='lat' dir='ltr'>devovens.</span> <span class='ocrx_word' id='word_1_169' title='bbox 1517 1996 1519 2015; x_wconf 78' lang='lat'>²</span> 
     </span>
    </p>

    <p class='ocr_par' dir='ltr' id='par_1_4' title="bbox 148 2077 1484 2683">
     <span class='ocr_line' id='line_1_19' title="bbox 254 2077 1484 2156; baseline 0.001 -18"><span class='ocrx_word' id='word_1_170' title='bbox 254 2079 366 2140; x_wconf 88' lang='lat' dir='ltr'>Eodem</span> <span class='ocrx_word' id='word_1_171' title='bbox 388 2081 491 2139; x_wconf 89' lang='lat' dir='ltr'>itinero</span> <span class='ocrx_word' id='word_1_172' title='bbox 509 2087 538 2139; x_wconf 91' lang='lat' dir='ltr'>et</span> <span class='ocrx_word' id='word_1_173' title='bbox 552 2077 716 2152; x_wconf 91' lang='lat' dir='ltr'>undecima,</span> <span class='ocrx_word' id='word_1_174' title='bbox 740 2079 800 2156; x_wconf 72' lang='lat' dir='ltr'>iem</span> <span class='ocrx_word' id='word_1_175' title='bbox 823 2078 894 2138; x_wconf 94' lang='lat' dir='ltr'>olim</span> <span class='ocrx_word' id='word_1_176' title='bbox 916 2079 989 2138; x_wconf 90' lang='lat' dir='ltr'>mihi</span> <span class='ocrx_word' id='word_1_177' title='bbox 1011 2079 1230 2154; x_wconf 87' lang='lat' dir='ltr'>commendata,</span> <span class='ocrx_word' id='word_1_178' title='bbox 1254 2098 1371 2142; x_wconf 74' lang='lat' dir='ltr'>ramum</span> <span class='ocrx_word' id='word_1_179' title='bbox 1391 2084 1420 2139; x_wconf 87' lang='lat' dir='ltr'>in</span> <span class='ocrx_word' id='word_1_180' title='bbox 1438 2096 1484 2139; x_wconf 76' lang='lat' dir='ltr'>rte</span> 
     </span>
     <span class='ocr_line' id='line_1_20' title="bbox 148 2166 1483 2247; baseline 0 -18"><span class='ocrx_word' id='word_1_181' title='bbox 148 2186 218 2231; x_wconf 87' lang='lat' dir='ltr'>nam</span> <span class='ocrx_word' id='word_1_182' title='bbox 237 2168 383 2245; x_wconf 88' lang='lat' dir='ltr'>producta</span> <span class='ocrx_word' id='word_1_183' title='bbox 405 2168 460 2226; x_wconf 88' lang='lat' dir='ltr'>luit</span> <span class='ocrx_word' id='word_1_184' title='bbox 483 2169 521 2226; x_wconf 90' lang='lat' dir='ltr'>ab</span> <span class='ocrx_word' id='word_1_185' title='bbox 544 2169 656 2241; x_wconf 89' lang='lat' dir='ltr'>amico,</span> <span class='ocrx_word' id='word_1_186' title='bbox 681 2174 858 2226; x_wconf 89' lang='lat' dir='ltr'>secretorum</span> <span class='ocrx_word' id='word_1_187' title='bbox 881 2183 1011 2227; x_wconf 92' lang='lat' dir='ltr'>meorum</span> <span class='ocrx_word' id='word_1_188' title='bbox 1034 2166 1093 2226; x_wconf 86' lang='lat' dir='ltr'>tido</span> <span class='ocrx_word' id='word_1_189' title='bbox 1118 2168 1261 2243; x_wconf 90' lang='lat' dir='ltr'>custode,</span> <span class='ocrx_word' id='word_1_190' title='bbox 1292 2172 1345 2247; x_wconf 85' lang='lat' dir='ltr'>qni</span> <span class='ocrx_word' id='word_1_191' title='bbox 1368 2169 1483 2229; x_wconf 75' lang='lat' dir='ltr'>deaa-</span> 
     </span>
     <span class='ocr_line' id='line_1_21' title="bbox 150 2254 1481 2335; baseline 0.001 -18"><span class='ocrx_word' id='word_1_192' title='bbox 150 2257 339 2317; x_wconf 82' lang='lat' dir='ltr'>dissuaserat.</span> <span class='ocrx_word' id='word_1_193' title='bbox 392 2254 517 2315; x_wconf 87' lang='lat' dir='ltr'>Secutus</span> <span class='ocrx_word' id='word_1_194' title='bbox 548 2272 613 2314; x_wconf 90' lang='lat' dir='ltr'>sum</span> <span class='ocrx_word' id='word_1_195' title='bbox 645 2256 815 2314; x_wconf 78' lang='lat' dir='ltr'>uuiversum</span> <span class='ocrx_word' id='word_1_196' title='bbox 842 2257 936 2332; x_wconf 87' lang='lat' dir='ltr'>ipsius</span> <span class='ocrx_word' id='word_1_197' title='bbox 966 2254 1115 2314; x_wconf 84' lang='lat' dir='ltr'>ordinem:</span> <span class='ocrx_word' id='word_1_198' title='bbox 1148 2258 1218 2316; x_wconf 88' lang='lat' dir='ltr'>reni</span> <span class='ocrx_word' id='word_1_199' title='bbox 1250 2259 1281 2315; x_wconf 92' lang='lat' dir='ltr'>in</span> <span class='ocrx_word' id='word_1_200' title='bbox 1313 2268 1481 2335; x_wconf 66' lang='lat' dir='ltr'>conspeetu</span> 
     </span>
     <span class='ocr_line' id='line_1_22' title="bbox 148 2341 1482 2423; baseline -0.001 -18"><span class='ocrx_word' id='word_1_201' title='bbox 148 2345 260 2423; x_wconf 84' lang='lat' dir='ltr'>placuit</span> <span class='ocrx_word' id='word_1_202' title='bbox 281 2360 417 2420; x_wconf 89' lang='lat' dir='ltr'>persona,</span> <span class='ocrx_word' id='word_1_203' title='bbox 440 2345 598 2403; x_wconf 89' lang='lat' dir='ltr'>tectissime</span> <span class='ocrx_word' id='word_1_204' title='bbox 621 2352 719 2402; x_wconf 87' lang='lat' dir='ltr'>tamen</span> <span class='ocrx_word' id='word_1_205' title='bbox 743 2344 841 2402; x_wconf 89' lang='lat' dir='ltr'>omnia</span> <span class='ocrx_word' id='word_1_206' title='bbox 862 2351 955 2419; x_wconf 89' lang='lat' dir='ltr'>gesta.</span> <span class='ocrx_word' id='word_1_207' title='bbox 986 2341 1113 2401; x_wconf 87' lang='lat' dir='ltr'>Rursum</span> <span class='ocrx_word' id='word_1_208' title='bbox 1130 2358 1213 2419; x_wconf 86' lang='lat' dir='ltr'>opes,</span> <span class='ocrx_word' id='word_1_209' title='bbox 1234 2345 1390 2417; x_wconf 83' lang='lat' dir='ltr'>nobilitas,</span> <span class='ocrx_word' id='word_1_210' title='bbox 1408 2346 1482 2421; x_wconf 65' lang='grc' dir='ltr'>ίτῃ·</span> 
     </span>
     <span class='ocr_line' id='line_1_23' title="bbox 148 2429 1479 2509; baseline -0.001 -18"><span class='ocrx_word' id='word_1_211' title='bbox 148 2432 232 2505; x_wconf 90' lang='lat' dir='ltr'>litas,</span> <span class='ocrx_word' id='word_1_212' title='bbox 262 2432 292 2488; x_wconf 92' lang='lat' dir='ltr'>in</span> <span class='ocrx_word' id='word_1_213' title='bbox 315 2437 412 2491; x_wconf 90' lang='lat' dir='ltr'>aetate</span> <span class='ocrx_word' id='word_1_214' title='bbox 437 2430 677 2490; x_wconf 88' lang='lat' dir='ltr'>desiderabantur</span> <span class='ocrx_word' id='word_1_215' title='bbox 707 2429 820 2506; x_wconf 90' lang='lat' dir='ltr'>aliquot</span> <span class='ocrx_word' id='word_1_216' title='bbox 842 2432 927 2501; x_wconf 88' lang='lat' dir='ltr'>anni;</span> <span class='ocrx_word' id='word_1_217' title='bbox 957 2430 988 2488; x_wconf 93' lang='lat' dir='ltr'>in</span> <span class='ocrx_word' id='word_1_218' title='bbox 1011 2447 1140 2504; x_wconf 89' lang='lat' dir='ltr'>summa,</span> <span class='ocrx_word' id='word_1_219' title='bbox 1164 2446 1212 2491; x_wconf 86' lang='lat' dir='ltr'>res</span> <span class='ocrx_word' id='word_1_220' title='bbox 1234 2450 1289 2509; x_wconf 92' lang='lat' dir='ltr'>per</span> <span class='ocrx_word' id='word_1_221' title='bbox 1311 2433 1394 2491; x_wconf 85' lang='lat' dir='ltr'>illum</span> <span class='ocrx_word' id='word_1_222' title='bbox 1413 2440 1479 2509; x_wconf 68' lang='lat' dir='ltr'>gru</span> 
     </span>
     <span class='ocr_line' id='line_1_24' title="bbox 149 2518 1477 2598; baseline -0.002 -19"><span class='ocrx_word' id='word_1_223' title='bbox 149 2520 293 2598; x_wconf 86' lang='lat' dir='ltr'>patientia</span> <span class='ocrx_word' id='word_1_224' title='bbox 321 2536 340 2577; x_wconf 90' lang='lat' dir='ltr'>a</span> <span class='ocrx_word' id='word_1_225' title='bbox 367 2537 413 2578; x_wconf 90' lang='lat' dir='ltr'>me</span> <span class='ocrx_word' id='word_1_226' title='bbox 443 2521 585 2594; x_wconf 89' lang='lat' dir='ltr'>praestita</span> <span class='ocrx_word' id='word_1_227' title='bbox 614 2519 642 2576; x_wconf 93' lang='lat' dir='ltr'>ln</span> <span class='ocrx_word' id='word_1_228' title='bbox 673 2525 809 2594; x_wconf 89' lang='lat' dir='ltr'>quartum</span> <span class='ocrx_word' id='word_1_229' title='bbox 838 2534 985 2578; x_wconf 85' lang='lat' dir='ltr'>mensem:</span> <span class='ocrx_word' id='word_1_230' title='bbox 1020 2518 1148 2595; x_wconf 89' lang='lat' dir='ltr'>denique</span> <span class='ocrx_word' id='word_1_231' title='bbox 1175 2537 1352 2598; x_wconf 85' lang='lat' dir='ltr'>responsum</span> <span class='ocrx_word' id='word_1_232' title='bbox 1379 2521 1477 2578; x_wconf 71' lang='lat' dir='ltr'>tulin</span> 
     </span>
     <span class='ocr_line' id='line_1_25' title="bbox 150 2604 876 2683; baseline -0.004 -15"><span class='ocrx_word' id='word_1_233' title='bbox 150 2608 245 2668; x_wconf 83' lang='lat' dir='ltr'>videri</span> <span class='ocrx_word' id='word_1_234' title='bbox 269 2605 398 2683; x_wconf 90' lang='lat' dir='ltr'>puellam</span> <span class='ocrx_word' id='word_1_235' title='bbox 421 2605 551 2664; x_wconf 91' lang='lat' dir='ltr'>nondum</span> <span class='ocrx_word' id='word_1_236' title='bbox 574 2608 646 2665; x_wconf 88' lang='lat' dir='ltr'>satis</span> <span class='ocrx_word' id='word_1_237' title='bbox 669 2604 809 2665; x_wconf 87' lang='lat' dir='ltr'>adultam.</span> <span class='ocrx_word' id='word_1_238' title='bbox 873 2616 876 2623; x_wconf 87' lang='lat'>&#39;</span> 
     </span>
    </p>

    <p class='ocr_par' dir='ltr' id='par_1_5' title="bbox 150 2692 1477 2945">
     <span class='ocr_line' id='line_1_26' title="bbox 175 2692 1477 2771; baseline -0.002 -17"><span class='ocrx_word' id='word_1_239' title='bbox 175 2726 178 2731; x_wconf 88' lang='lat'>-</span> <span class='ocrx_word' id='word_1_240' title='bbox 255 2693 392 2770; x_wconf 89' lang='lat' dir='ltr'>Jamque,</span> <span class='ocrx_word' id='word_1_241' title='bbox 417 2694 569 2752; x_wconf 85' lang='lat' dir='ltr'>exhaustis</span> <span class='ocrx_word' id='word_1_242' title='bbox 592 2693 727 2751; x_wconf 91' lang='lat' dir='ltr'>omnibus</span> <span class='ocrx_word' id='word_1_243' title='bbox 751 2695 910 2752; x_wconf 90' lang='lat' dir='ltr'>amicorum</span> <span class='ocrx_word' id='word_1_244' title='bbox 933 2692 1062 2752; x_wconf 89' lang='lat' dir='ltr'>consiliis</span> <span class='ocrx_word' id='word_1_245' title='bbox 1086 2693 1155 2770; x_wconf 89' lang='lat' dir='ltr'>(nisi</span> <span class='ocrx_word' id='word_1_246' title='bbox 1172 2694 1254 2771; x_wconf 92' lang='lat' dir='ltr'>quod</span> <span class='ocrx_word' id='word_1_247' title='bbox 1270 2694 1407 2757; x_wconf 74' lang='lat' dir='ltr'>itanum</span> <span class='ocrx_word' id='word_1_248' title='bbox 1425 2710 1477 2751; x_wconf 84' lang='lat' dir='ltr'>aar·</span> 
     </span>
     <span class='ocr_line' id='line_1_27' title="bbox 151 2778 1476 2862; baseline 0 -21"><span class='ocrx_word' id='word_1_249' title='bbox 151 2799 241 2860; x_wconf 90' lang='lat' dir='ltr'>quam</span> <span class='ocrx_word' id='word_1_250' title='bbox 264 2799 328 2840; x_wconf 90' lang='lat' dir='ltr'>sum</span> <span class='ocrx_word' id='word_1_251' title='bbox 351 2789 485 2853; x_wconf 89' lang='lat' dir='ltr'>secutus,</span> <span class='ocrx_word' id='word_1_252' title='bbox 517 2789 614 2853; x_wconf 89' lang='lat' dir='ltr'>motu,</span> <span class='ocrx_word' id='word_1_253' title='bbox 644 2796 681 2838; x_wconf 92' lang='lat' dir='ltr'>ue</span> <span class='ocrx_word' id='word_1_254' title='bbox 704 2797 799 2857; x_wconf 90' lang='lat' dir='ltr'>aeque</span> <span class='ocrx_word' id='word_1_255' title='bbox 822 2779 899 2839; x_wconf 90' lang='lat' dir='ltr'>male</span> <span class='ocrx_word' id='word_1_256' title='bbox 921 2778 1117 2858; x_wconf 88' lang='lat' dir='ltr'>succederet),</span> <span class='ocrx_word' id='word_1_257' title='bbox 1148 2798 1207 2859; x_wconf 81' lang='lat' dir='ltr'>ego</span> <span class='ocrx_word' id='word_1_258' title='bbox 1229 2785 1261 2840; x_wconf 90' lang='lat' dir='ltr'>in</span> <span class='ocrx_word' id='word_1_259' title='bbox 1284 2786 1351 2862; x_wconf 88' lang='lat' dir='ltr'>ipso</span> <span class='ocrx_word' id='word_1_260' title='bbox 1378 2782 1476 2841; x_wconf 71' lang='lat' dir='ltr'>daem</span> 
     </span>
     <span class='ocr_line' id='line_1_28' title="bbox 150 2865 1123 2945; baseline -0.003 -14"><span class='ocrx_word' id='word_1_261' title='bbox 150 2870 345 2931; x_wconf 84' lang='lat' dir='ltr'>Ratisbonam</span> <span class='ocrx_word' id='word_1_262' title='bbox 368 2868 405 2928; x_wconf 89' lang='lat' dir='ltr'>ad</span> <span class='ocrx_word' id='word_1_263' title='bbox 429 2871 561 2944; x_wconf 88' lang='lat' dir='ltr'>quintam</span> <span class='ocrx_word' id='word_1_264' title='bbox 584 2885 729 2940; x_wconf 81' lang='lat' dir='ltr'>reversus,</span> <span class='ocrx_word' id='word_1_265' title='bbox 753 2866 839 2926; x_wconf 85' lang='lat' dir='ltr'>tidem</span> <span class='ocrx_word' id='word_1_266' title='bbox 863 2865 930 2925; x_wconf 92' lang='lat' dir='ltr'>dedi</span> <span class='ocrx_word' id='word_1_267' title='bbox 953 2871 1123 2945; x_wconf 85' lang='lat' dir='ltr'>accepique.</span> 
     </span>
    </p>

    <p class='ocr_par' dir='ltr' id='par_1_6' title="bbox 148 2954 1519 4777">
     <span class='ocr_line' id='line_1_29' title="bbox 255 2954 1476 3034; baseline -0.004 -18"><span class='ocrx_word' id='word_1_268' title='bbox 255 2957 357 3016; x_wconf 87' lang='lat' dir='ltr'>Habes</span> <span class='ocrx_word' id='word_1_269' title='bbox 380 2958 618 3015; x_wconf 90' lang='lat' dir='ltr'>commentarium</span> <span class='ocrx_word' id='word_1_270' title='bbox 642 2954 757 3013; x_wconf 91' lang='lat' dir='ltr'>illorum</span> <span class='ocrx_word' id='word_1_271' title='bbox 780 2955 952 3028; x_wconf 86' lang='lat' dir='ltr'>verborum,</span> <span class='ocrx_word' id='word_1_272' title='bbox 979 2974 998 3014; x_wconf 90' lang='lat' dir='ltr'>a</span> <span class='ocrx_word' id='word_1_273' title='bbox 1023 2957 1130 3031; x_wconf 85' lang='lat' dir='ltr'>quibus</span> <span class='ocrx_word' id='word_1_274' title='bbox 1153 2959 1301 3034; x_wconf 88' lang='lat' dir='ltr'>incipiunt</span> <span class='ocrx_word' id='word_1_275' title='bbox 1324 2958 1476 3016; x_wconf 80' lang='lat' dir='ltr'>inritrtrairr</span> 
     </span>
     <span class='ocr_line' id='line_1_30' title="bbox 150 3041 1475 3121; baseline -0.004 -16"><span class='ocrx_word' id='word_1_276' title='bbox 150 3046 262 3106; x_wconf 87' lang='lat' dir='ltr'>literae.</span> <span class='ocrx_word' id='word_1_277' title='bbox 293 3044 394 3119; x_wconf 88' lang='lat' dir='ltr'>Vides,</span> <span class='ocrx_word' id='word_1_278' title='bbox 419 3062 477 3120; x_wconf 90' lang='lat' dir='ltr'>qua</span> <span class='ocrx_word' id='word_1_279' title='bbox 501 3044 694 3120; x_wconf 90' lang='lat' dir='ltr'>dispositione</span> <span class='ocrx_word' id='word_1_280' title='bbox 718 3042 818 3101; x_wconf 84' lang='lat' dir='ltr'>divina</span> <span class='ocrx_word' id='word_1_281' title='bbox 841 3044 870 3099; x_wconf 91' lang='lat' dir='ltr'>in</span> <span class='ocrx_word' id='word_1_282' title='bbox 894 3041 948 3100; x_wconf 89' lang='lat' dir='ltr'>has</span> <span class='ocrx_word' id='word_1_283' title='bbox 972 3042 1063 3101; x_wconf 85' lang='lat' dir='ltr'>veluti</span> <span class='ocrx_word' id='word_1_284' title='bbox 1080 3048 1235 3119; x_wconf 80' lang='lat' dir='ltr'>angustias</span> <span class='ocrx_word' id='word_1_285' title='bbox 1252 3049 1309 3105; x_wconf 92' lang='lat' dir='ltr'>sirn</span> <span class='ocrx_word' id='word_1_286' title='bbox 1331 3044 1475 3121; x_wconf 76' lang='lat' dir='ltr'>compulsat</span> 
     </span>
     <span class='ocr_line' id='line_1_31' title="bbox 151 3128 1474 3208; baseline -0.005 -16"><span class='ocrx_word' id='word_1_287' title='bbox 151 3141 184 3192; x_wconf 92' lang='lat' dir='ltr'>ut</span> <span class='ocrx_word' id='word_1_288' title='bbox 207 3132 401 3205; x_wconf 89' lang='lat' dir='ltr'>nobilitatem,</span> <span class='ocrx_word' id='word_1_289' title='bbox 426 3149 511 3208; x_wconf 88' lang='lat' dir='ltr'>opes,</span> <span class='ocrx_word' id='word_1_290' title='bbox 537 3133 755 3208; x_wconf 86' lang='lat' dir='ltr'>cognationem,</span> <span class='ocrx_word' id='word_1_291' title='bbox 780 3146 904 3205; x_wconf 88' lang='lat' dir='ltr'>qnomm</span> <span class='ocrx_word' id='word_1_292' title='bbox 926 3128 999 3186; x_wconf 84' lang='lat' dir='ltr'>nilril</span> <span class='ocrx_word' id='word_1_293' title='bbox 1024 3132 1052 3187; x_wconf 96' lang='lat' dir='ltr'>in</span> <span class='ocrx_word' id='word_1_294' title='bbox 1076 3131 1132 3190; x_wconf 89' lang='lat' dir='ltr'>hac</span> <span class='ocrx_word' id='word_1_295' title='bbox 1153 3136 1293 3207; x_wconf 79' lang='lat' dir='ltr'>invenio,</span> <span class='ocrx_word' id='word_1_296' title='bbox 1316 3144 1474 3194; x_wconf 80' lang='lat' dir='ltr'>contemnere.</span> 
     </span>
     <span class='ocr_line' id='line_1_32' title="bbox 151 3218 1473 3295; baseline -0.005 -14"><span class='ocrx_word' id='word_1_297' title='bbox 151 3229 248 3281; x_wconf 87' lang='lat' dir='ltr'>cetera</span> <span class='ocrx_word' id='word_1_298' title='bbox 278 3220 436 3279; x_wconf 87' lang='lat' dir='ltr'>mediocria</span> <span class='ocrx_word' id='word_1_299' title='bbox 471 3236 566 3295; x_wconf 88' lang='lat' dir='ltr'>aequo</span> <span class='ocrx_word' id='word_1_300' title='bbox 600 3221 698 3278; x_wconf 91' lang='lat' dir='ltr'>animo</span> <span class='ocrx_word' id='word_1_301' title='bbox 731 3218 815 3293; x_wconf 91' lang='lat' dir='ltr'>sequi</span> <span class='ocrx_word' id='word_1_302' title='bbox 849 3224 969 3276; x_wconf 88' lang='lat' dir='ltr'>coactus</span> <span class='ocrx_word' id='word_1_303' title='bbox 1001 3218 1115 3277; x_wconf 82' lang='lat' dir='ltr'>luerim.</span> <span class='ocrx_word' id='word_1_304' title='bbox 1169 3220 1363 3281; x_wconf 79' lang='lat' dir='ltr'>susannae</span> <span class='ocrx_word' id='word_1_305' title='bbox 1390 3232 1473 3277; x_wconf 73' lang='lat' dir='ltr'>oum.</span> 
     </span>
     <span class='ocr_line' id='line_1_33' title="bbox 150 3303 1473 3385; baseline -0.002 -19"><span class='ocrx_word' id='word_1_306' title='bbox 150 3314 286 3385; x_wconf 88' lang='lat' dir='ltr'>parentes</span> <span class='ocrx_word' id='word_1_307' title='bbox 309 3307 359 3366; x_wconf 87' lang='lat' dir='ltr'>Jo.</span> <span class='ocrx_word' id='word_1_308' title='bbox 383 3307 556 3381; x_wconf 78' lang='lat' dir='ltr'>llcuttinger</span> <span class='ocrx_word' id='word_1_309' title='bbox 579 3313 608 3364; x_wconf 91' lang='lat' dir='ltr'>ct</span> <span class='ocrx_word' id='word_1_310' title='bbox 631 3306 771 3377; x_wconf 90' lang='lat' dir='ltr'>Barbara,</span> <span class='ocrx_word' id='word_1_311' title='bbox 796 3306 877 3364; x_wconf 86' lang='lat' dir='ltr'>cives</span> <span class='ocrx_word' id='word_1_312' title='bbox 901 3303 1001 3381; x_wconf 92' lang='lat' dir='ltr'>oppidi</span> <span class='ocrx_word' id='word_1_313' title='bbox 1025 3305 1180 3381; x_wconf 75' lang='lat' dir='ltr'>Elerding,</span> <span class='ocrx_word' id='word_1_314' title='bbox 1204 3310 1327 3385; x_wconf 88' lang='lat' dir='ltr'>opiticio</span> <span class='ocrx_word' id='word_1_315' title='bbox 1349 3308 1473 3367; x_wconf 71' lang='lat' dir='ltr'>amissit·</span> 
     </span>
     <span class='ocr_line' id='line_1_34' title="bbox 150 3392 1471 3473; baseline -0.002 -18"><span class='ocrx_word' id='word_1_316' title='bbox 150 3404 243 3473; x_wconf 89' lang='lat' dir='ltr'>pater,</span> <span class='ocrx_word' id='word_1_317' title='bbox 269 3396 378 3453; x_wconf 89' lang='lat' dir='ltr'>dudum</span> <span class='ocrx_word' id='word_1_318' title='bbox 406 3395 512 3452; x_wconf 88' lang='lat' dir='ltr'>mortui</span> <span class='ocrx_word' id='word_1_319' title='bbox 543 3393 646 3465; x_wconf 92' lang='lat' dir='ltr'>ambo,</span> <span class='ocrx_word' id='word_1_320' title='bbox 677 3392 829 3464; x_wconf 88' lang='lat' dir='ltr'>educatio,</span> <span class='ocrx_word' id='word_1_321' title='bbox 861 3409 937 3467; x_wconf 89' lang='lat' dir='ltr'>quae</span> <span class='ocrx_word' id='word_1_322' title='bbox 965 3392 1031 3451; x_wconf 90' lang='lat' dir='ltr'>loeo</span> <span class='ocrx_word' id='word_1_323' title='bbox 1062 3396 1267 3470; x_wconf 84' lang='lat' dir='ltr'>amplissimae</span> <span class='ocrx_word' id='word_1_324' title='bbox 1295 3397 1370 3455; x_wconf 86' lang='lat' dir='ltr'>dotis</span> <span class='ocrx_word' id='word_1_325' title='bbox 1389 3396 1471 3453; x_wconf 55' lang='grc' dir='ltr'><strong>εἰμ’·</strong></span> 
     </span>
     <span class='ocr_line' id='line_1_35' title="bbox 150 3478 1472 3560; baseline 0 -19"><span class='ocrx_word' id='word_1_326' title='bbox 150 3498 302 3560; x_wconf 86' lang='lat' dir='ltr'>gynaeceo</span> <span class='ocrx_word' id='word_1_327' title='bbox 319 3481 554 3557; x_wconf 85' lang='lat' dir='ltr'>Starenbergico,</span> <span class='ocrx_word' id='word_1_328' title='bbox 577 3483 668 3539; x_wconf 89' lang='lat' dir='ltr'>totius</span> <span class='ocrx_word' id='word_1_329' title='bbox 683 3481 810 3555; x_wconf 85' lang='lat' dir='ltr'>regionis</span> <span class='ocrx_word' id='word_1_330' title='bbox 825 3478 1047 3539; x_wconf 87' lang='lat' dir='ltr'>laudatissimae</span> <span class='ocrx_word' id='word_1_331' title='bbox 1064 3481 1257 3558; x_wconf 61' lang='lat' dir='ltr'>disciplinam</span> <span class='ocrx_word' id='word_1_332' title='bbox 1280 3486 1380 3545; x_wconf 79' lang='lat' dir='ltr'>torma.</span> <span class='ocrx_word' id='word_1_333' title='bbox 1399 3490 1472 3541; x_wconf 68' lang='lat' dir='ltr'>m</span> 
     </span>
     <span class='ocr_line' id='line_1_36' title="bbox 150 3567 1473 3648; baseline -0.002 -19"><span class='ocrx_word' id='word_1_334' title='bbox 150 3587 256 3646; x_wconf 86' lang='lat' dir='ltr'>eorpus</span> <span class='ocrx_word' id='word_1_335' title='bbox 279 3577 474 3644; x_wconf 87' lang='lat' dir='ltr'>attemperata</span> <span class='ocrx_word' id='word_1_336' title='bbox 490 3568 527 3626; x_wconf 88' lang='lat' dir='ltr'>ad</span> <span class='ocrx_word' id='word_1_337' title='bbox 544 3586 618 3643; x_wconf 91' lang='lat' dir='ltr'>mea,</span> <span class='ocrx_word' id='word_1_338' title='bbox 642 3568 741 3625; x_wconf 90' lang='lat' dir='ltr'>nullos</span> <span class='ocrx_word' id='word_1_339' title='bbox 756 3568 857 3639; x_wconf 81' lang='lat' dir='ltr'>iaetus,</span> <span class='ocrx_word' id='word_1_340' title='bbox 880 3567 962 3625; x_wconf 88' lang='lat' dir='ltr'>nulla</span> <span class='ocrx_word' id='word_1_341' title='bbox 979 3573 1182 3642; x_wconf 84' lang='lat' dir='ltr'>sumtrrositae,</span> <span class='ocrx_word' id='word_1_342' title='bbox 1206 3570 1343 3631; x_wconf 89' lang='lat' dir='ltr'>laborum</span> <span class='ocrx_word' id='word_1_343' title='bbox 1358 3568 1473 3648; x_wconf 69' lang='lat' dir='ltr'>panau</span> 
     </span>
     <span class='ocr_line' id='line_1_37' title="bbox 148 3647 1519 3735; baseline -0.003 -18"><span class='ocrx_word' id='word_1_344' title='bbox 148 3659 273 3717; x_wconf 89' lang='lat' dir='ltr'>scientia</span> <span class='ocrx_word' id='word_1_345' title='bbox 295 3657 448 3716; x_wconf 87' lang='lat' dir='ltr'>mediocris</span> <span class='ocrx_word' id='word_1_346' title='bbox 465 3655 612 3731; x_wconf 84' lang='lat' dir='ltr'>regendae</span> <span class='ocrx_word' id='word_1_347' title='bbox 630 3655 743 3724; x_wconf 86' lang='lat' dir='ltr'>domus,</span> <span class='ocrx_word' id='word_1_348' title='bbox 768 3661 850 3713; x_wconf 89' lang='lat' dir='ltr'>aetas</span> <span class='ocrx_word' id='word_1_349' title='bbox 864 3655 1006 3732; x_wconf 71' lang='lat' dir='ltr'>media*)</span> <span class='ocrx_word' id='word_1_350' title='bbox 1029 3658 1205 3734; x_wconf 90' lang='lat' dir='ltr'>animusque</span> <span class='ocrx_word' id='word_1_351' title='bbox 1220 3676 1319 3734; x_wconf 83' lang='lat' dir='ltr'>capax</span> <span class='ocrx_word' id='word_1_352' title='bbox 1333 3661 1401 3735; x_wconf 79' lang='lat' dir='ltr'>ejus.</span> <span class='ocrx_word' id='word_1_353' title='bbox 1419 3647 1473 3730; x_wconf 71' lang='lat' dir='ltr'>qrel</span> <span class='ocrx_word' id='word_1_354' title='bbox 1515 3674 1519 3685; x_wconf 93' lang='lat'>·</span> 
     </span>
     <span class='ocr_line' id='line_1_38' title="bbox 150 3742 1473 3819; baseline 0.002 -15"><span class='ocrx_word' id='word_1_355' title='bbox 150 3745 247 3804; x_wconf 85' lang='lat' dir='ltr'>adhuc</span> <span class='ocrx_word' id='word_1_356' title='bbox 271 3743 361 3803; x_wconf 86' lang='lat' dir='ltr'>deest.</span> <span class='ocrx_word' id='word_1_357' title='bbox 407 3743 481 3802; x_wconf 86' lang='lat' dir='ltr'>Cum</span> <span class='ocrx_word' id='word_1_358' title='bbox 505 3744 561 3802; x_wconf 89' lang='lat' dir='ltr'>hac</span> <span class='ocrx_word' id='word_1_359' title='bbox 586 3762 621 3802; x_wconf 80' lang='lat' dir='ltr'>ex</span> <span class='ocrx_word' id='word_1_360' title='bbox 653 3742 843 3819; x_wconf 89' lang='lat' dir='ltr'>dispositione</span> <span class='ocrx_word' id='word_1_361' title='bbox 867 3742 1008 3801; x_wconf 89' lang='lat' dir='ltr'>Generosi</span> <span class='ocrx_word' id='word_1_362' title='bbox 1032 3743 1150 3802; x_wconf 86' lang='lat' dir='ltr'>Donrini</span> <span class='ocrx_word' id='word_1_363' title='bbox 1175 3765 1194 3804; x_wconf 90' lang='lat' dir='ltr'>a</span> <span class='ocrx_word' id='word_1_364' title='bbox 1216 3745 1473 3817; x_wconf 74' lang='lat' dir='ltr'>Staurenuorroe</span> 
     </span>
     <span class='ocr_line' id='line_1_39' title="bbox 151 3829 1473 3911; baseline -0.003 -20"><span class='ocrx_word' id='word_1_365' title='bbox 151 3834 228 3891; x_wconf 83' lang='lat' dir='ltr'>xime</span> <span class='ocrx_word' id='word_1_366' title='bbox 252 3833 349 3889; x_wconf 83' lang='lat' dir='ltr'>lutum</span> <span class='ocrx_word' id='word_1_367' title='bbox 375 3837 425 3891; x_wconf 86' lang='lat'>30.</span> <span class='ocrx_word' id='word_1_368' title='bbox 443 3829 580 3889; x_wconf 88' lang='lat' dir='ltr'>Octobris</span> <span class='ocrx_word' id='word_1_369' title='bbox 603 3830 674 3887; x_wconf 88' lang='lat' dir='ltr'>lrora</span> <span class='ocrx_word' id='word_1_370' title='bbox 701 3837 750 3888; x_wconf 73' lang='lat'>12.</span> <span class='ocrx_word' id='word_1_371' title='bbox 775 3845 872 3888; x_wconf 90' lang='lat' dir='ltr'>coram</span> <span class='ocrx_word' id='word_1_372' title='bbox 896 3837 981 3888; x_wconf 90' lang='lat' dir='ltr'>coetu</span> <span class='ocrx_word' id='word_1_373' title='bbox 1005 3829 1210 3909; x_wconf 83' lang='lat' dir='ltr'>Elerdingensi</span> <span class='ocrx_word' id='word_1_374' title='bbox 1235 3836 1403 3911; x_wconf 77' lang='lat' dir='ltr'>copulabat.</span> <span class='ocrx_word' id='word_1_375' title='bbox 1420 3844 1473 3900; x_wconf 79' lang='lat' dir='ltr'>cop·</span> 
     </span>
     <span class='ocr_line' id='line_1_40' title="bbox 150 3916 1472 3999; baseline -0.007 -20"><span class='ocrx_word' id='word_1_376' title='bbox 150 3920 220 3979; x_wconf 89' lang='lat' dir='ltr'>tialc</span> <span class='ocrx_word' id='word_1_377' title='bbox 244 3918 362 3994; x_wconf 90' lang='lat' dir='ltr'>epulum</span> <span class='ocrx_word' id='word_1_378' title='bbox 392 3920 421 3975; x_wconf 90' lang='lat' dir='ltr'>iu</span> <span class='ocrx_word' id='word_1_379' title='bbox 450 3919 573 3977; x_wconf 88' lang='lat' dir='ltr'>aedibus</span> <span class='ocrx_word' id='word_1_380' title='bbox 596 3917 774 3989; x_wconf 89' lang='lat' dir='ltr'>Mauriciac,</span> <span class='ocrx_word' id='word_1_381' title='bbox 804 3916 888 3993; x_wconf 87' lang='lat' dir='ltr'>cujus</span> <span class='ocrx_word' id='word_1_382' title='bbox 918 3919 1031 3991; x_wconf 84' lang='lat' dir='ltr'>insigne</span> <span class='ocrx_word' id='word_1_383' title='bbox 1062 3917 1122 3978; x_wconf 89' lang='lat' dir='ltr'>Leo</span> <span class='ocrx_word' id='word_1_384' title='bbox 1154 3938 1281 3993; x_wconf 84' lang='lat' dir='ltr'>aureus,</span> <span class='ocrx_word' id='word_1_385' title='bbox 1313 3920 1472 3999; x_wconf 78' lang='lat' dir='ltr'>praebebitur.</span> 
     </span>
     <span class='ocr_line' id='line_1_41' title="bbox 148 4002 1471 4085; baseline -0.004 -21"><span class='ocrx_word' id='word_1_386' title='bbox 148 4006 297 4064; x_wconf 89' lang='lat' dir='ltr'>lllustrem</span> <span class='ocrx_word' id='word_1_387' title='bbox 322 4005 555 4065; x_wconf 87' lang='lat' dir='ltr'>Generositatem</span> <span class='ocrx_word' id='word_1_388' title='bbox 579 4005 673 4063; x_wconf 89' lang='lat' dir='ltr'>Tuam</span> <span class='ocrx_word' id='word_1_389' title='bbox 697 4002 823 4063; x_wconf 86' lang='lat' dir='ltr'>obsideri</span> <span class='ocrx_word' id='word_1_390' title='bbox 847 4006 909 4063; x_wconf 88' lang='lat' dir='ltr'>acio</span> <span class='ocrx_word' id='word_1_391' title='bbox 933 4006 1081 4079; x_wconf 87' lang='lat' dir='ltr'>geminato</span> <span class='ocrx_word' id='word_1_392' title='bbox 1105 4006 1188 4065; x_wconf 90' lang='lat' dir='ltr'>luctu</span> <span class='ocrx_word' id='word_1_393' title='bbox 1212 4026 1311 4085; x_wconf 85' lang='lat' dir='ltr'>coque</span> <span class='ocrx_word' id='word_1_394' title='bbox 1325 4008 1471 4081; x_wconf 63' lang='lat' dir='ltr'>pessimat</span> 
     </span>
     <span class='ocr_line' id='line_1_42' title="bbox 150 4084 1471 4169; baseline -0.004 -17"><span class='ocrx_word' id='word_1_395' title='bbox 150 4100 180 4152; x_wconf 87' lang='lat' dir='ltr'>ct</span> <span class='ocrx_word' id='word_1_396' title='bbox 202 4095 252 4169; x_wconf 85' lang='lat' dir='ltr'>qui</span> <span class='ocrx_word' id='word_1_397' title='bbox 276 4102 357 4152; x_wconf 89' lang='lat' dir='ltr'>tuom</span> <span class='ocrx_word' id='word_1_398' title='bbox 381 4096 510 4152; x_wconf 89' lang='lat' dir='ltr'>animum</span> <span class='ocrx_word' id='word_1_399' title='bbox 541 4111 599 4151; x_wconf 91' lang='lat' dir='ltr'>non</span> <span class='ocrx_word' id='word_1_400' title='bbox 623 4092 807 4152; x_wconf 89' lang='lat' dir='ltr'>mediocriter</span> <span class='ocrx_word' id='word_1_401' title='bbox 829 4093 866 4150; x_wconf 92' lang='lat' dir='ltr'>ob</span> <span class='ocrx_word' id='word_1_402' title='bbox 890 4095 989 4150; x_wconf 86' lang='lat' dir='ltr'>rarius</span> <span class='ocrx_word' id='word_1_403' title='bbox 1017 4108 1101 4150; x_wconf 87' lang='lat' dir='ltr'>curas</span> <span class='ocrx_word' id='word_1_404' title='bbox 1131 4095 1287 4168; x_wconf 84' lang='lat' dir='ltr'>percellat.</span> <span class='ocrx_word' id='word_1_405' title='bbox 1335 4095 1366 4155; x_wconf 83' lang='lat' dir='ltr'>ld</span> <span class='ocrx_word' id='word_1_406' title='bbox 1386 4098 1406 4152; x_wconf 82' lang='lat' dir='ltr'>si</span> <span class='ocrx_word' id='word_1_407' title='bbox 1424 4084 1471 4147; x_wconf 71' lang='lat' dir='ltr'>rili!</span> 
     </span>
     <span class='ocr_line' id='line_1_43' title="bbox 149 4178 1471 4258; baseline -0.002 -22"><span class='ocrx_word' id='word_1_408' title='bbox 149 4179 349 4256; x_wconf 86' lang='lat' dir='ltr'>impedimenti</span> <span class='ocrx_word' id='word_1_409' title='bbox 373 4181 526 4256; x_wconf 89' lang='lat' dir='ltr'>objiceret,</span> <span class='ocrx_word' id='word_1_410' title='bbox 551 4182 671 4239; x_wconf 87' lang='lat' dir='ltr'>summis</span> <span class='ocrx_word' id='word_1_411' title='bbox 696 4180 749 4238; x_wconf 90' lang='lat' dir='ltr'>abs</span> <span class='ocrx_word' id='word_1_412' title='bbox 772 4178 882 4243; x_wconf 83' lang='lat' dir='ltr'>Idustri</span> <span class='ocrx_word' id='word_1_413' title='bbox 907 4178 1112 4239; x_wconf 88' lang='lat' dir='ltr'>Generositnte</span> <span class='ocrx_word' id='word_1_414' title='bbox 1134 4181 1202 4241; x_wconf 84' lang='lat' dir='ltr'>Tua</span> <span class='ocrx_word' id='word_1_415' title='bbox 1225 4186 1363 4258; x_wconf 83' lang='lat' dir='ltr'>precibus</span> <span class='ocrx_word' id='word_1_416' title='bbox 1382 4192 1471 4239; x_wconf 69' lang='lat' dir='ltr'>auru·</span> 
     </span>
     <span class='ocr_line' id='line_1_44' title="bbox 152 4264 1470 4349; baseline 0.001 -25"><span class='ocrx_word' id='word_1_417' title='bbox 152 4266 262 4340; x_wconf 86' lang='lat' dir='ltr'>dorem,</span> <span class='ocrx_word' id='word_1_418' title='bbox 296 4275 328 4326; x_wconf 94' lang='lat' dir='ltr'>ut</span> <span class='ocrx_word' id='word_1_419' title='bbox 352 4267 421 4343; x_wconf 88' lang='lat' dir='ltr'>Ipsa</span> <span class='ocrx_word' id='word_1_420' title='bbox 443 4270 553 4343; x_wconf 90' lang='lat' dir='ltr'>nuptiis</span> <span class='ocrx_word' id='word_1_421' title='bbox 582 4270 654 4325; x_wconf 90' lang='lat' dir='ltr'>meis</span> <span class='ocrx_word' id='word_1_422' title='bbox 683 4269 838 4326; x_wconf 86' lang='lat' dir='ltr'>interesset</span> <span class='ocrx_word' id='word_1_423' title='bbox 872 4284 984 4343; x_wconf 89' lang='lat' dir='ltr'>suaque</span> <span class='ocrx_word' id='word_1_424' title='bbox 1007 4272 1175 4343; x_wconf 87' lang='lat' dir='ltr'>praesentia</span> <span class='ocrx_word' id='word_1_425' title='bbox 1205 4264 1470 4349; x_wconf 72' lang='lat' dir='ltr'>magnanimitateli</span> 
     </span>
     <span class='ocr_line' id='line_1_45' title="bbox 150 4354 1469 4430; baseline 0.005 -19"><span class='ocrx_word' id='word_1_426' title='bbox 150 4370 197 4412; x_wconf 89' lang='lat' dir='ltr'>me</span> <span class='ocrx_word' id='word_1_427' title='bbox 220 4357 346 4430; x_wconf 88' lang='lat' dir='ltr'>speciem</span> <span class='ocrx_word' id='word_1_428' title='bbox 369 4354 630 4415; x_wconf 87' lang='lat' dir='ltr'>luculentissimam</span> <span class='ocrx_word' id='word_1_429' title='bbox 647 4354 790 4429; x_wconf 81' lang='lat' dir='ltr'>effigiaret</span> <span class='ocrx_word' id='word_1_430' title='bbox 804 4370 910 4430; x_wconf 89' lang='lat' dir='ltr'>meque</span> <span class='ocrx_word' id='word_1_431' title='bbox 933 4366 962 4413; x_wconf 90' lang='lat' dir='ltr'>et</span> <span class='ocrx_word' id='word_1_432' title='bbox 983 4372 1038 4413; x_wconf 91' lang='lat' dir='ltr'>suo</span> <span class='ocrx_word' id='word_1_433' title='bbox 1055 4356 1139 4414; x_wconf 84' lang='lat' dir='ltr'>vultu</span> <span class='ocrx_word' id='word_1_434' title='bbox 1165 4360 1195 4414; x_wconf 92' lang='lat' dir='ltr'>in</span> <span class='ocrx_word' id='word_1_435' title='bbox 1219 4359 1354 4418; x_wconf 74' lang='lat' dir='ltr'>adversis</span> <span class='ocrx_word' id='word_1_436' title='bbox 1367 4366 1469 4417; x_wconf 62' lang='lat' dir='ltr'>emat*</span> 
     </span>
     <span class='ocr_line' id='line_1_46' title="bbox 151 4438 1468 4519; baseline 0.005 -21"><span class='ocrx_word' id='word_1_437' title='bbox 151 4442 264 4500; x_wconf 93' lang='lat' dir='ltr'>tissimo</span> <span class='ocrx_word' id='word_1_438' title='bbox 295 4452 455 4513; x_wconf 88' lang='lat' dir='ltr'>recrearet,</span> <span class='ocrx_word' id='word_1_439' title='bbox 485 4450 514 4500; x_wconf 90' lang='lat' dir='ltr'>et</span> <span class='ocrx_word' id='word_1_440' title='bbox 547 4443 584 4500; x_wconf 89' lang='lat' dir='ltr'>ad</span> <span class='ocrx_word' id='word_1_441' title='bbox 619 4440 860 4502; x_wconf 88' lang='lat' dir='ltr'>contemnendam</span> <span class='ocrx_word' id='word_1_442' title='bbox 892 4443 999 4500; x_wconf 82' lang='lat' dir='ltr'>temam</span> <span class='ocrx_word' id='word_1_443' title='bbox 1029 4442 1205 4519; x_wconf 90' lang='lat' dir='ltr'>popularem</span> <span class='ocrx_word' id='word_1_444' title='bbox 1230 4447 1412 4505; x_wconf 79' lang='lat' dir='ltr'>confirmaret</span> <span class='ocrx_word' id='word_1_445' title='bbox 1445 4438 1468 4493; x_wconf 60' lang='lat' dir='ltr'>fl</span> 
     </span>
     <span class='ocr_line' id='line_1_47' title="bbox 152 4523 1468 4605; baseline 0.006 -20"><span class='ocrx_word' id='word_1_446' title='bbox 152 4529 222 4602; x_wconf 90' lang='lat' dir='ltr'>quia</span> <span class='ocrx_word' id='word_1_447' title='bbox 244 4530 314 4586; x_wconf 83' lang='lat' dir='ltr'>novi</span> <span class='ocrx_word' id='word_1_448' title='bbox 339 4529 507 4601; x_wconf 90' lang='lat' dir='ltr'>obstacula,</span> <span class='ocrx_word' id='word_1_449' title='bbox 540 4533 627 4589; x_wconf 91' lang='lat' dir='ltr'>etiam</span> <span class='ocrx_word' id='word_1_450' title='bbox 652 4548 716 4589; x_wconf 90' lang='lat' dir='ltr'>cum</span> <span class='ocrx_word' id='word_1_451' title='bbox 739 4528 785 4587; x_wconf 89' lang='lat' dir='ltr'>Ill.</span> <span class='ocrx_word' id='word_1_452' title='bbox 811 4528 885 4591; x_wconf 83' lang='lat' dir='ltr'>Gen.</span> <span class='ocrx_word' id='word_1_453' title='bbox 908 4529 992 4588; x_wconf 84' lang='lat' dir='ltr'>Tune</span> <span class='ocrx_word' id='word_1_454' title='bbox 1022 4528 1122 4605; x_wconf 87' lang='lat' dir='ltr'>legato</span> <span class='ocrx_word' id='word_1_455' title='bbox 1146 4542 1306 4594; x_wconf 86' lang='lat' dir='ltr'>contentus</span> <span class='ocrx_word' id='word_1_456' title='bbox 1327 4550 1382 4593; x_wconf 83' lang='lat' dir='ltr'>em.</span> <span class='ocrx_word' id='word_1_457' title='bbox 1419 4523 1468 4583; x_wconf 60' lang='lat' dir='ltr'>ll*</span> 
     </span>
     <span class='ocr_line' id='line_1_48' title="bbox 152 4614 1465 4697; baseline 0.006 -26"><span class='ocrx_word' id='word_1_458' title='bbox 152 4621 182 4672; x_wconf 89' lang='lat' dir='ltr'>et</span> <span class='ocrx_word' id='word_1_459' title='bbox 204 4622 299 4673; x_wconf 91' lang='lat' dir='ltr'>utrum</span> <span class='ocrx_word' id='word_1_460' title='bbox 323 4625 488 4692; x_wconf 85' lang='lat' dir='ltr'>exspectem</span> <span class='ocrx_word' id='word_1_461' title='bbox 511 4618 710 4693; x_wconf 88' lang='lat' dir='ltr'>perscribam</span> <span class='ocrx_word' id='word_1_462' title='bbox 734 4616 880 4691; x_wconf 86' lang='lat' dir='ltr'>significa,</span> <span class='ocrx_word' id='word_1_463' title='bbox 903 4625 935 4676; x_wconf 91' lang='lat' dir='ltr'>ut</span> <span class='ocrx_word' id='word_1_464' title='bbox 958 4618 1086 4677; x_wconf 89' lang='lat' dir='ltr'>rationes</span> <span class='ocrx_word' id='word_1_465' title='bbox 1108 4618 1221 4697; x_wconf 86' lang='lat' dir='ltr'>hospiti</span> <span class='ocrx_word' id='word_1_466' title='bbox 1243 4630 1380 4683; x_wconf 80' lang='lat' dir='ltr'>constant</span> <span class='ocrx_word' id='word_1_467' title='bbox 1410 4614 1465 4673; x_wconf 71' lang='lat' dir='ltr'>flii·</span> 
     </span>
     <span class='ocr_line' id='line_1_49' title="bbox 153 4699 923 4777; baseline 0.009 -20"><span class='ocrx_word' id='word_1_468' title='bbox 153 4699 259 4777; x_wconf 88' lang='lat' dir='ltr'>dingac</span> <span class='ocrx_word' id='word_1_469' title='bbox 284 4702 310 4761; x_wconf 92' lang='lat' dir='ltr'>d.</span> <span class='ocrx_word' id='word_1_470' title='bbox 336 4709 386 4762; x_wconf 74' lang='lat'>23.</span> <span class='ocrx_word' id='word_1_471' title='bbox 411 4701 555 4777; x_wconf 90' lang='lat' dir='ltr'>Octobris,</span> <span class='ocrx_word' id='word_1_472' title='bbox 580 4707 667 4763; x_wconf 90' lang='lat' dir='ltr'>tertia</span> <span class='ocrx_word' id='word_1_473' title='bbox 690 4722 708 4763; x_wconf 90' lang='lat' dir='ltr'>a</span> <span class='ocrx_word' id='word_1_474' title='bbox 730 4720 795 4764; x_wconf 88' lang='lat' dir='ltr'>meo</span> <span class='ocrx_word' id='word_1_475' title='bbox 818 4703 923 4764; x_wconf 89' lang='lat' dir='ltr'>reditu.</span> 
     </span>
    </p>
   </div>
   <div class='ocr_carea' id='block_1_3' title="bbox 156 4809 360 4821">
    <p class='ocr_par' dir='ltr' id='par_1_7' title="bbox 156 4809 360 4821">
     <span class='ocr_line' id='line_1_50' title="bbox 156 4809 360 4821; baseline 0.005 -1"><span class='ocrx_word' id='word_1_476' title='bbox 156 4809 360 4821; x_wconf 71' lang='lat'>———-</span> 
     </span>
    </p>
   </div>
   <div class='ocr_carea' id='block_1_4' title="bbox 152 4855 1460 4989">
    <p class='ocr_par' dir='ltr' id='par_1_8' title="bbox 152 4855 1460 4989">
     <span class='ocr_line' id='line_1_51' title="bbox 256 4855 1460 4928; baseline 0.005 -23"><span class='ocrx_word' id='word_1_477' title='bbox 256 4855 279 4920; x_wconf 80' lang='lat'>⁸)</span> <span class='ocrx_word' id='word_1_478' title='bbox 301 4858 331 4906; x_wconf 88' lang='lat' dir='ltr'>ln</span> <span class='ocrx_word' id='word_1_479' title='bbox 354 4856 502 4907; x_wconf 81' lang='lat' dir='ltr'>collectione</span> <span class='ocrx_word' id='word_1_480' title='bbox 525 4861 689 4908; x_wconf 73' lang='lat' dir='ltr'>natiuitatuur</span> <span class='ocrx_word' id='word_1_481' title='bbox 714 4861 926 4927; x_wconf 76' lang='lat' dir='ltr'>deprehendimur</span> <span class='ocrx_word' id='word_1_482' title='bbox 947 4863 1091 4915; x_wconf 70' lang='lat' dir='ltr'>Susum</span> <span class='ocrx_word' id='word_1_483' title='bbox 1111 4864 1313 4928; x_wconf 63' lang='lat' dir='ltr'>Ileattlngm</span> <span class='ocrx_word' id='word_1_484' title='bbox 1333 4861 1397 4925; x_wconf 71' lang='lat' dir='ltr'>trliar</span> <span class='ocrx_word' id='word_1_485' title='bbox 1412 4856 1460 4905; x_wconf 57' lang='grc' dir='ltr'><em>ν</em></span> 
     </span>
     <span class='ocr_line' id='line_1_52' title="bbox 152 4920 699 4989; baseline 0.016 -14"><span class='ocrx_word' id='word_1_486' title='bbox 152 4920 295 4989; x_wconf 76' lang='lat' dir='ltr'>lingarum),</span> <span class='ocrx_word' id='word_1_487' title='bbox 313 4932 399 4978; x_wconf 76' lang='lat' dir='ltr'>natam</span> <span class='ocrx_word' id='word_1_488' title='bbox 417 4928 458 4977; x_wconf 88' lang='lat' dir='ltr'>dia</span> <span class='ocrx_word' id='word_1_489' title='bbox 476 4930 520 4984; x_wconf 69' lang='lat'>25.</span> <span class='ocrx_word' id='word_1_490' title='bbox 538 4930 601 4985; x_wconf 86' lang='lat' dir='ltr'>Dec.</span> <span class='ocrx_word' id='word_1_491' title='bbox 621 4932 699 4984; x_wconf 75' lang='lat' dir='ltr'>rost.</span> 
     </span>
    </p>
   </div>
   <div class='ocr_carea' id='block_1_5' title="bbox 0 0 1658 5534">
    <p class='ocr_par' dir='ltr' id='par_1_9' title="bbox 0 0 1658 5534">
     <span class='ocr_line' id='line_1_53' title="bbox 0 0 1658 5534; baseline 0 0"><span class='ocrx_word' id='word_1_492' title='bbox 0 0 1658 5534; x_wconf 95' lang='lat' dir='ltr'> </span> 
     </span>
    </p>
   </div>
  </div>
 </body>
</html>
