3322 5534
146 399 215 469 818
666 394 732 448 ἢ·
748 392 865 450 ῘΜ
882 390 1006 462 &pleri

148 577 207 636 tait
227 575 337 650 virgini
359 578 389 632 et
411 572 498 629 matri
527 587 595 631 mea
623 573 744 648 petitim
774 570 829 632 sed
856 573 929 648 quia
957 571 1016 630 sibi
1045 570 1222 631 metuebant
1244 590 1265 632 a
1285 574 1380 650 priori
1398 587 1506 649 sparso,

150 666 221 725 ideo
251 680 348 721 meam
375 661 549 735 petitionem
578 660 744 734 rejecerunt
772 659 812 719 ad
841 659 993 718 domim
1023 662 1132 736 prioris
1161 663 1283 737 sponsi,
1313 664 1363 720 eui
1385 659 1435 720 ille
1454 670 1507 719 erat

150 767 305 832 praesens.
351 749 446 822 Atqui
468 764 525 822 ego
546 747 588 806 ab
610 748 663 807 illo
685 747 807 807 domino
835 747 939 806 literae
966 747 1116 807 habebam
1144 748 1423 809 sommendatitisr:
1451 750 1508 824 qais

150 839 238 901 aliter
260 837 358 895 dicere
380 836 540 911 potuisset,
571 838 657 910 quin·
672 835 747 895 baec
768 837 891 912 sponsio
918 843 986 894 rata
1006 836 1105 895 lutura
1134 837 1253 896 inerit?
1288 835 1382 912 Quod
1402 837 1450 896 bie
1468 834 1509 894 rel

151 945 252 988 meum
273 927 398 994 sitium,
427 921 477 981 rel
500 923 656 981 consilinm
678 923 735 984 Dei
765 927 796 981 in
816 922 1014 1000 permittendo
1044 924 1102 983 boe
1123 923 1282 984 ludibrio?
1320 925 1435 1001 Impius
1453 927 1509 995 ain,

151 1018 180 1076 ai
202 1015 242 1074 ad
263 1022 345 1071 astra
367 1014 426 1067 ista
446 1008 581 1079 releram,
603 1027 682 1086 quae
703 1010 786 1070 nullo
807 1027 906 1086 neque
919 1020 1046 1071 naturae
1060 1011 1181 1071 rincnlo
1203 1030 1306 1089 neque
1328 1030 1398 1072 men
1412 1028 1510 1071 erur-

152 1110 231 1175 runt,
252 1110 306 1158 aut
328 1099 367 1156 ab
389 1101 478 1154 astris
506 1114 585 1156 nera
610 1107 689 1156 snut.
733 1099 896 1157 Fortunam
919 1116 990 1158 rero
1022 1102 1173 1172 incusare,
1204 1109 1254 1159 est
1281 1108 1368 1160 nerto
1395 1098 1509 1176 quodam

152 1205 260 1266 genere
283 1188 427 1244 sermonis
451 1187 504 1253 uti,
527 1183 566 1241 ad
588 1184 646 1242 boc
668 1203 759 1244 unum
782 1185 1018 1261 significandum,
1040 1186 1202 1246 ludibrium
1226 1188 1286 1247 boe
1309 1205 1433 1247 canum
1453 1186 1510 1243 nul·

153 1277 214 1337 lam
235 1275 354 1333 babere.
401 1271 587 1346 Quanquam,
610 1275 636 1329 si
659 1291 761 1332 rerum
783 1275 958 1346 excutimus,
981 1283 1015 1332 nt
1036 1291 1128 1333 eausa
1151 1275 1274 1346 ludibrii
1298 1275 1386 1334 nulla
1405 1284 1457 1345 est,
1475 1277 1509 1331 sie

154 1363 314 1423 ludibrium
338 1362 435 1434 ipsum
458 1363 548 1416 etiam
570 1358 644 1416 nibil
666 1369 721 1420 est
765 1360 841 1420 Nam
864 1364 932 1436 quis
954 1379 1046 1420 unns
1069 1380 1115 1420 me
1139 1362 1210 1421 ideo
1234 1361 1450 1423 contemserit?
1480 1360 1510 1419 tr

155 1460 255 1510 tamen
277 1458 346 1505 sunt
368 1448 398 1502 in
420 1448 580 1522 gynaeceis
602 1448 706 1506 insana
729 1457 759 1507 et
773 1449 913 1507 morbosa
927 1452 1036 1525 capita,
1059 1467 1137 1525 qnae
1153 1450 1235 1508 bunc
1250 1468 1359 1509 nasum
1374 1454 1407 1509 iu
1420 1465 1509 1507 nune·

155 1555 220 1608 qum
242 1535 426 1610 repulsarum
448 1534 593 1591 referunt:
623 1537 725 1612 itaque
747 1538 774 1593 si
795 1535 956 1594 ludibrium
979 1550 1033 1608 est
1056 1539 1225 1613 imperitiae
1248 1537 1395 1609 debetur,
1424 1554 1509 1595 nona

155 1642 203 1684 rue
225 1632 349 1692 uotum,
372 1620 425 1679 sed
446 1622 486 1678 ab
508 1623 645 1680 omnibus
668 1641 704 1682 ex
726 1639 824 1698 aequo
850 1622 1029 1684 bominibus.
1074 1623 1189 1698 Quodsi
1221 1625 1352 1684 accedat
1380 1640 1446 1685 mea
1464 1628 1508 1682 inr-

154 1712 288 1789 potentia
310 1710 401 1766 animi
429 1716 482 1765 aut
511 1710 699 1769 imbecillitas
717 1710 825 1786 judicii
847 1713 877 1768 in
900 1711 1090 1786 suscipienda
1117 1712 1165 1772 rel
1193 1713 1388 1772 aestimanda
1408 1714 1508 1772 rinisut

155 1799 282 1858 aliorum
305 1795 343 1855 de
366 1813 412 1854 me
434 1797 670 1872 existimatione,
696 1798 760 1874 jam
790 1797 876 1857 dolor
904 1802 1037 1875 seqnitur
1059 1808 1089 1858 et
1111 1801 1245 1858 turbatio
1272 1801 1464 1860 consiliorum
1480 1817 1507 1859 er

155 1904 198 1960 re,
221 1901 299 1961 qnae
321 1901 377 1941 sua
398 1892 505 1942 natura
527 1888 646 1960 penitus
668 1895 715 1944 est
737 1885 775 1945 de
795 1884 901 1944 nihilo.

261 1971 401 2046 Sequitur
423 1981 530 2046 quarta
552 1981 583 2031 et
605 1972 793 2032 Lincensium
815 1976 920 2050 prima,
942 1973 980 2034 de
1002 1992 1063 2050 qua
1083 1976 1159 2033 satis
1180 1974 1300 2033 illustri
1324 1975 1504 2036 Generosiui

156 2060 243 2120 'fuae
264 2067 381 2117 constat
403 2076 440 2117 ex
462 2063 560 2118 amico
581 2060 685 2134 relatu,
708 2078 786 2136 qnae
807 2078 875 2120 cnm
896 2061 991 2121 forma
1003 2065 1078 2121 satis
1092 2063 1356 2122 commendaretur
1371 2074 1404 2123 et
1415 2064 1505 2122 boare

156 2157 219 2208 tate
244 2148 360 2218 matris,
391 2146 469 2205 falsa
496 2156 596 2206 tamen
625 2165 716 2224 opum
738 2148 903 2224 jactatione
938 2150 1192 2209 commendatores
1223 2150 1309 2209 iliius
1338 2154 1370 2209 in
1396 2153 1505 2211 aab·

156 2252 256 2295 meum
277 2251 425 2293 rumorum
448 2238 712 2295 metuentissimnm
734 2239 926 2313 impegerunt.
958 2238 1003 2296 Ac
1025 2239 1080 2297 etsi
1103 2236 1233 2296 lllnstria
1248 2237 1505 2299 Generostmru

159 2324 300 2384 dissuasit
321 2322 403 2380 illam
427 2323 466 2380 ob
490 2325 636 2398 inopiam,
665 2326 721 2383 etsi
743 2323 947 2384 dissuaserunt
969 2324 1020 2384 alii
1043 2326 1082 2383 ob
1103 2327 1317 2401 proceritatem
1341 2335 1373 2386 et
1394 2327 1504 2386 babit·

158 2413 290 2487 eorporis
311 2410 493 2483 athleticum,
518 2411 631 2469 inhaesi
654 2419 753 2469 tamea
777 2413 846 2471 bnie
868 2411 1072 2471 deliberationi
1094 2422 1125 2471 et
1140 2414 1241 2472 forsan
1263 2422 1385 2474 mature
1405 2413 1504 2474 conde

157 2502 274 2568 susem,
296 2500 354 2556 nisi
375 2515 458 2556 amor
481 2507 510 2557 et
532 2501 617 2571 ratio,
641 2502 864 2559 communicatis
894 2501 970 2559 inter
990 2518 1024 2560 se
1053 2503 1166 2576 operia,
1200 2502 1342 2577 quintam
1370 2503 1440 2561 mibi
1462 2500 1502 2560 oie

157 2589 315 2648 nnsbsent
336 2587 460 2655 interim,
485 2603 561 2660 quae
584 2588 613 2642 in
636 2586 825 2647 collationem
846 2603 913 2646 cunr
936 2586 988 2647 illa
1010 2597 1116 2664 quarta
1137 2597 1173 2647 nt
1195 2592 1292 2660 venit,
1317 2592 1438 2668 ancipiti
1455 2604 1502 2648 crr-

159 2677 279 2747 tamine,
303 2690 369 2731 eum
393 2677 518 2732 maxime
542 2674 708 2733 vinceretur
729 2675 885 2735 honestate
906 2674 1050 2748 familiae,
1076 2678 1226 2751 gravitme
1251 2677 1373 2752 vultus,
1401 2674 1501 2736 tunel

159 2764 277 2838 aliquas
299 2778 370 2837 opes
393 2769 421 2819 et
444 2761 552 2831 dotem,
577 2766 640 2819 tum
661 2765 788 2822 maxime
810 2765 882 2821 vicit
904 2780 1017 2835 amore,
1040 2762 1098 2823 tide
1120 2763 1312 2838 humilitatis,
1336 2765 1501 2844 frugalitatis

159 2850 336 2922 redulitatis,
359 2851 467 2907 amoris
489 2850 700 2925 privignorum,
723 2860 753 2909 et
775 2849 888 2927 placuit
907 2851 937 2908 in
961 2851 1014 2909 ilis
1035 2853 1146 2910 orbitae
1170 2861 1202 2910 et
1222 2851 1375 2928 desertio,
1396 2852 1502 2930 quaen

160 2939 221 3000 alia
243 2938 419 3013 reJecissem
449 2936 525 2995 liam
548 2939 650 3012 inopia
672 2939 738 3011 ejns
759 2938 873 2997 nulium
895 2946 1005 2998 metum
1026 2956 1126 2998 secum
1149 2939 1295 2999 trabebat
1318 2944 1359 3002 ab
1373 2939 1503 3018 egensis

160 3026 310 3087 affinibus.
354 3024 416 3081 Diu
439 3025 623 3100 multumque
645 3025 829 3085 condictatus
851 3043 917 3085 cnm
940 3026 997 3086 bac
1019 3027 1231 3086 molestissima
1257 3045 1341 3101 cura,
1366 3025 1502 3088 damon

161 3116 249 3175 Dorn.
272 3111 445 3171 Heimbardi
468 3114 624 3188 conjugem
647 3115 843 3189 exspectari
867 3115 942 3172 torte
964 3114 1014 3173 illa
1036 3117 1152 3173 tertiam
1176 3115 1251 3173 mibi
1276 3116 1426 3189 suaderet,
1445 3128 1503 3191 qast

160 3203 264 3262 barum
296 3210 450 3274 utramque
480 3200 560 3276 apud
589 3217 637 3259 mc
666 3205 812 3276 vinceret,
844 3202 963 3260 tandem
994 3205 1083 3260 etiam
1117 3202 1171 3260 illa
1204 3203 1329 3277 audita,
1361 3206 1442 3281 coepi
1465 3215 1502 3279 pu

160 3300 267 3368 quarta
289 3288 473 3357 concludere,
497 3291 660 3363 aegerrimo
683 3291 792 3361 auimo,
815 3288 894 3364 quod
918 3298 996 3348 esset
1017 3288 1203 3365 repudianda
1226 3294 1347 3367 quinta.
1394 3285 1502 3351 omit

160 3396 219 3455 ago
239 3378 360 3453 jamque
390 3393 577 3451 prorumpere
602 3377 698 3434 verbis
721 3379 837 3451 cogito,
870 3393 938 3435 eece
967 3376 1073 3434 iatum:
1103 3387 1210 3453 quarta
1244 3379 1301 3438 illa
1330 3373 1527 3440 cunctatiotd'

159 3483 244 3527 meae
267 3474 403 3541 pertaesa
424 3463 510 3521 iidem
536 3461 618 3521 dedit
639 3463 700 3535 alii,
724 3467 774 3538 qni
797 3463 920 3523 emulto
941 3462 1072 3540 tempore
1095 3467 1242 3525 instanter
1266 3467 1335 3543 ejus
1358 3468 1501 3544 conjugi!

160 3556 328 3630 expetebat,
351 3568 406 3609 nee
427 3551 539 3610 nuliam
562 3554 786 3626 promissionem
804 3551 947 3626 jactabat
992 3551 1143 3625 Quantum
1167 3554 1371 3630 aegritudinis
1390 3556 1463 3617 sensi
1477 3565 1502 3610 ιι

159 3641 283 3719 repudio
307 3642 441 3714 quintae,
465 3650 579 3696 tantum
603 3641 691 3696 etiam
715 3639 809 3697 doluit
826 3640 945 3715 jactura
966 3655 1105 3715 quartae,
1137 3643 1210 3715 quin
1237 3644 1301 3702 imo
1323 3644 1388 3719 jam
1407 3640 1502 3704 ruht

161 3740 192 3791 et
214 3731 317 3804 quinta
340 3729 447 3802 coepit.
493 3727 551 3784 Hic
574 3729 693 3785 omnino
716 3728 821 3784 vitium
843 3728 898 3785 init
920 3730 949 3784 in
973 3729 1046 3786 meis
1061 3727 1231 3801 affectibus,
1257 3747 1336 3806 quos
1353 3726 1501 3795 cunundi

162 3814 368 3893 comparando,
393 3813 582 3890 ponderando
606 3817 734 3872 rationes
756 3823 858 3872 eontra
877 3818 991 3890 positas
1013 3815 1147 3890 quotidie
1162 3817 1371 3878 ascendebam
1386 3818 1421 3880 de
1433 3829 1501 3876 nore.

161 3906 266 3980 Neque
289 3912 388 3961 tamen
410 3903 487 3960 male
511 3919 624 3961 mecum
647 3912 761 3969 actum,
785 3901 864 3977 quod
887 3919 954 3962 cum
976 3912 1082 3978 quarta
1104 3919 1165 3962 nnn
1188 3909 1354 3982 successit,
1385 3908 1426 3968 sie
1445 3905 1501 3965 enin

162 3996 279 4068 utrique
301 3992 408 4049 melius
431 4001 618 4066 prospectum
642 4007 707 4049 esse
729 4006 776 4048 res
798 3991 864 4066 ipsa
886 3989 1025 4066 loquitor.

268 4080 314 4137 De
337 4081 440 4155 quinta
461 4078 575 4152 reliqna
600 4086 644 4137 est
666 4079 818 4153 quaestio,
842 4094 908 4149 cnr,
938 4096 1003 4138 cnm
1026 4077 1080 4136 illa
1100 4077 1173 4136 mibi
1197 4078 1413 4153 destinaretur,
1439 4077 1501 4137 Dea

105 4168 111 4175 '
160 4168 338 4244 permiserit,
370 4176 403 4223 ut
426 4168 501 4224 intra
523 4169 609 4223 unius
632 4168 701 4222 anni
723 4167 926 4240 spatium·sex
955 4166 1029 4224 alias
1051 4165 1186 4225 aemulas
1209 4185 1307 4244 passa
1331 4169 1397 4230 sut
1436 4166 1500 4225 aso

162 4254 249 4314 aliter
270 4256 401 4329 inquieto
424 4256 522 4312 animo
546 4252 659 4312 consuli
682 4269 741 4310 non
765 4255 869 4328 potuit,
894 4262 926 4311 ut
948 4253 1073 4311 disceret
1092 4270 1149 4312 sua
1172 4265 1256 4316 sorte
1280 4248 1349 4319 ease
1364 4260 1500 4319 canuntur

162 4344 219 4399 nisi
242 4351 319 4400 esset
342 4349 478 4415 expertos
501 4340 768 4416 impossibilitatem
791 4347 928 4398 sotorum
949 4357 1068 4398 snorum
1091 4341 1121 4397 in
1145 4348 1191 4400 tot
1214 4343 1296 4419 aliis,
1318 4345 1377 4404 nisi
1398 4346 1456 4420 ipsa
1471 4337 1500 4397 ια’

164 4428 314 4488 evidentia
337 4436 436 4503 posset
459 4430 585 4487 refutare
608 4438 652 4486 tot
667 4428 861 4498 dissuasores,
885 4435 929 4486 tot
942 4426 1165 4503 splendidarum
1180 4429 1313 4490 aliarum
1328 4430 1499 4492 conditionis

163 4516 324 4576 suasores?
360 4515 436 4573 Nam
459 4526 492 4574 nt
514 4534 647 4591 pergam,
678 4524 793 4575 sertam
821 4517 960 4591 privigna
982 4533 1049 4573 mea
1070 4532 1138 4575 cnm
1161 4534 1277 4593 genero
1308 4534 1438 4590 sumere,
1462 4524 1500 4571 ¹8

164 4603 318 4662 defuerunt
340 4606 427 4662 amici
451 4606 667 4675 intercessores,
690 4606 788 4662 arrisit
809 4606 839 4661 in
862 4621 899 4662 ea
920 4602 1061 4662 nobilitas
1083 4604 1234 4664 nonnulla
1248 4624 1389 4685 opesque.
1423 4601 1499 4663 vro

163 4694 219 4750 sim
247 4690 399 4750 defuerunt
427 4694 510 4763 anni,
544 4694 709 4750 metuebam
735 4711 753 4750 a
775 4693 921 4750 sumtibus
943 4691 1142 4766 nuptialibus,
1168 4694 1238 4768 ipsa
1261 4713 1315 4772 per
1335 4713 1368 4755 se
1387 4688 1498 4752 nobili!

163 4780 360 4854 suspicionem
391 4780 460 4837 fecit
489 4782 655 4855 superbiae.
701 4779 798 4856 Super
820 4783 920 4839 omnia
940 4778 1144 4838 misericordia
1166 4798 1241 4858 erga
1270 4785 1415 4860 quintam,
1441 4787 1498 4854 qut

162 4867 228 4944 iarn
247 4866 433 4927 intellexerat
454 4874 484 4927 et
505 4867 578 4946 qnid
600 4875 680 4928 esset
701 4867 739 4928 de
759 4885 794 4929 ss
816 4868 1013 4930 deliberatum
1034 4875 1065 4928 et
1086 4867 1162 4946 qnid
1179 4867 1251 4948 jam
1272 4878 1411 4951 agustat.
1442 4864 1497 4927 01
