3308 5534
150 392 214 467 obss
665 402 729 459 vra
746 366 861 460 somne
879 404 1003 476 depleri.

149 578 312 651 videbitur,
342 578 450 655 quibus
473 596 529 657 ego
553 578 668 641 duobus
690 585 957 660 propugnatoribus
979 603 1038 646 non
1062 586 1207 647 dubitabo
1229 589 1324 649 totius
1350 590 1430 651 orbis
1445 590 1501 666 iu

148 669 290 726 excitatas
314 667 521 727 insectationes
545 668 611 727 lorti
634 672 731 729 animo
761 673 913 735 sustinere.
958 673 1011 733 Sin
1034 684 1134 735 autem
1165 675 1195 733 id
1218 686 1398 739 consecutus
1418 679 1499 749 lueto,

151 762 182 813 ut
206 771 282 829 quac
306 755 405 813 insunt
436 754 565 829 infirma,
598 758 698 833 inepta
728 767 758 817 et
786 758 926 835 puerilia,
956 760 1057 836 qualia
1077 763 1150 822 mibi
1175 781 1229 839 per
1256 772 1389 825 aetatm
1421 764 1502 825 nat·

149 840 334 912 exciderunt,
364 858 486 901 censura
510 843 637 903 volueris
660 854 779 919 notare,
803 865 840 908 eu
864 865 921 924 ego
944 866 1003 907 non
1022 867 1136 910 rursum
1158 850 1333 927 hujusmodi
1354 853 1500 930 repre*

149 931 262 988 sionem
290 928 382 986 totius
410 929 526 1003 mundi,
557 933 582 987 si
606 942 698 1005 esset,
728 936 862 995 assensui
890 937 1078 1013 praeferam?
1115 938 1307 1014 Eseuaplaris
1327 958 1389 999 uon
1409 940 1500 1001 mitta

150 1019 219 1093 quln
243 1024 330 1074 autea
353 1015 474 1089 babens,
499 1036 588 1093 quare
611 1018 697 1079 lacile
720 1024 832 1097 patior,
856 1032 889 1081 ut
911 1022 1069 1084 difficultas
1092 1026 1310 1087 transmittendi
1332 1036 1499 1105 portast·

150 1103 336 1162 intervallum
367 1122 386 1160 a
416 1104 556 1165 mittendo
588 1123 634 1166 me
667 1117 782 1170 evocet.
837 1108 967 1170 'luorum
1000 1120 1098 1172 autem
1131 1131 1253 1189 operum
1287 1115 1327 1174 ad
1357 1132 1413 1175 uos
1438 1115 1498 1175 ami

149 1192 299 1268 perfertur,
324 1208 457 1267 quaeque
474 1192 510 1252 de
525 1199 553 1252 te
570 1195 709 1269 sciebam,
734 1214 769 1256 ex
784 1194 943 1258 Massiliuo
959 1198 1128 1262 didiceram.
1167 1201 1263 1261 Dabis
1279 1205 1370 1279 igitur
1389 1206 1497 1275 reah,

149 1280 175 1338 si
198 1280 305 1354 quibus
330 1282 357 1335 in
381 1277 454 1338 locis
476 1283 518 1339 tui
542 1283 668 1341 nominis
691 1285 869 1345 mentionem
892 1286 1001 1347 iaciens
1023 1289 1161 1364 injuriam
1185 1290 1239 1349 tibi
1262 1298 1395 1367 tuaeque
1415 1290 1497 1369 bspt-

150 1367 224 1426 thesi
247 1367 363 1426 luciam.

255 1453 345 1512 Plura
367 1452 511 1513 dicturum
535 1460 795 1535 quaesiturumque
810 1463 974 1522 reverentia
990 1480 1037 1523 me
1053 1464 1166 1523 retinet.
1198 1464 1293 1540 Aperi
1307 1463 1431 1527 luetautl
1443 1466 1495 1525 rati

150 1545 230 1601 vlam
252 1543 369 1618 scriptis
392 1543 431 1600 ad
454 1560 499 1602 me
523 1547 717 1618 paucissimis,
742 1546 851 1607 efficies
873 1552 952 1609 euim
974 1559 1006 1609 ut
1021 1551 1075 1610 tibi
1099 1550 1308 1626 demonstrem,
1331 1554 1495 1630 qusuterh

149 1628 280 1690 discendi
297 1646 384 1704 quam
400 1629 496 1689 landis
513 1630 654 1708 cupidior.
686 1632 777 1707 Vale,
802 1634 1065 1713 Vir-nobilissime,
1090 1657 1215 1715 meaque
1231 1639 1286 1699 tibi
1309 1639 1409 1701 studia
1428 1656 1495 1701 et·-

149 1716 289 1777 mendata
312 1717 398 1776 babe.

254 1802 297 1864 Id.
322 1803 395 1864 Deo.
422 1810 515 1867 159i.
867 1810 943 1871 Nob.
968 1820 998 1871 et
1020 1810 1122 1891 Magn.
1151 1814 1236 1875 Tuae
1257 1816 1495 1877 reverentissi-

866 1896 910 1959 dl.
925 1898 959 1958 J.
975 1898 1137 1976 Keplerttt,
1161 1901 1208 1965 Ill.
1224 1900 1345 1981 Styriae
1355 1903 1496 1963 Procas·

865 1987 895 2044 in
912 1984 1077 2066 Gymnasio
1093 1986 1255 2050 Grseeeusi
1276 1990 1496 2053 bistbemstiau

256 2138 437 2192 Reimarus
460 2136 565 2191 Ursus
589 2137 643 2193 boc
666 2154 739 2192 anno
762 2138 906 2208 respondit
929 2141 963 2195 ad
986 2138 1079 2195 literas
1103 2138 1217 2211 liepleri
1243 2154 1317 2195 anno
1342 2139 1409 2195 teet
1431 2138 1495 2193 duat

150 2235 182 2288 (ι.
202 2244 227 2292 p.
241 2230 310 2289 obet,
329 2223 470 2292 exemplar
488 2231 620 2292 expetens
638 2224 793 2288 Prodromi,
813 2224 894 2279 simul
912 2242 945 2280 eo
964 2242 1050 2294 usque
1068 2240 1232 2297 progressus
1250 2235 1295 2281 cst
1312 2226 1394 2282 homo
1411 2226 1494 2297 glorht

149 2311 265 2380 cupidus
283 2312 475 2380 Tycbonisque
493 2312 649 2368 auctoritati
673 2312 874 2367 astronomicae
892 2313 978 2381 magis
997 2314 1138 2382 magisque
1160 2314 1296 2370 crescenti
1320 2312 1452 2381 inridens,
1471 2322 1494 2367 ι

150 2401 244 2455 literas
263 2399 323 2454 illas
343 2399 453 2469 Kepleri
474 2400 632 2468 praefixerit
649 2399 780 2456 tractatui
799 2416 859 2465 suo,
877 2416 957 2471 quern
975 2401 1115 2471 inscripsit
1136 2400 1193 2463 ,Dc
1212 2400 1410 2457 Astronomieis
1426 2399 1493 2471 type

151 2488 302 2543 thesibus.“
340 2488 434 2558 Tycbo
453 2496 600 2543 tractatum
619 2487 692 2542 httnc
715 2485 796 2541 simul
821 2503 882 2541 cum
901 2487 1014 2559 Kepleri
1032 2487 1149 2560 epistola
1167 2488 1203 2542 sd
1225 2488 1318 2557 ipsum
1336 2488 1403 2543 dats
1418 2492 1493 2557 (w

151 2578 295 2643 Decembri)
314 2575 422 2644 aceepit
440 2581 468 2628 et
486 2582 576 2630 motus
594 2576 658 2632 Ursi
675 2574 826 2643 columniis,
845 2574 944 2645 quibus
957 2574 1072 2631 refertus
1085 2582 1128 2630 est
1139 2582 1275 2632 macutus
1288 2574 1346 2645 ilie,
1364 2575 1493 2647 liepleru

151 2666 218 2721 adiit
236 2666 329 2734 (Aprili
349 2666 427 2731 1598)
446 2678 590 2732 quaerens,
610 2662 708 2732 quibus
727 2670 818 2717 motus
836 2662 926 2716 causis
944 2661 1081 2718 homiuem
1100 2662 1173 2719 huuc
1192 2664 1276 2719 tantis
1289 2662 1416 2721 laudibus
1431 2678 1492 2719 ortt·

153 2752 231 2807 verit.
270 2752 429 2822 ,Cuperem
449 2751 552 2818 inquit,
570 2756 603 2805 ιιι
620 2749 708 2820 primo
727 2765 837 2819 quoque
854 2755 977 2819 temporo
996 2752 1069 2819 apud
1087 2766 1130 2805 me
1149 2748 1318 2806 declaratum
1336 2748 1493 2821 relinquens

151 2856 185 2893 au
204 2840 252 2894 tibi
272 2846 379 2910 gratam
398 2839 445 2901 sit,
469 2838 544 2907 quod
569 2838 608 2892 sic
633 2836 730 2893 iecerit
748 2836 852 2903 (literas
872 2836 982 2906 liepIeri
1001 2835 1190 2905 publicaverit)
1216 2843 1244 2892 ct
1273 2836 1338 2908 qnid
1357 2838 1392 2893 ds
1409 2836 1493 2908 serpit

149 2929 202 2982 isto
220 2926 355 2982 virulento
374 2927 500 2981 sentias.“
532 2925 682 2980 Excusatio
701 2924 814 2993 Kepleri
831 2924 939 2993 alisque
957 2940 1027 2992 quac
1047 2924 1082 2978 ad
1101 2924 1201 2980 Ursum
1223 2923 1301 2980 illum
1319 2927 1451 2995 pertinent
1463 2922 1493 2979 le

149 3020 249 3085 gantur
267 3015 320 3070 col.
341 3015 361 3067 Ι.
379 3031 406 3083 p.
425 3016 478 3070 ‘22³0
497 3029 533 3068 ss.

255 3103 453 3157 Ilerwartus
473 3101 511 3155 ab
530 3099 748 3168 Hoheuburg,
774 3098 906 3154 Bai-ariae
929 3099 1123 3164 cancellarius,
1150 3099 1267 3169 primum
1290 3099 1345 3156 boe
1369 3114 1438 3155 auno
1455 3112 1494 3169 ptr

150 3190 245 3246 literas
263 3191 330 3246 adiit
348 3191 507 3260 Keplerum,
527 3196 623 3257 petens
642 3203 692 3257 per
703 3186 838 3242 Jesuitam
851 3185 1079 3254 Grbnberperum,
1098 3187 1144 3254 qui
1163 3186 1250 3242 Gratii
1271 3187 1434 3243 mathemata
1445 3202 1493 3257 pre

150 3278 287 3348 litebatur,
306 3288 337 3333 ut
350 3277 485 3345 judicium
509 3277 560 3332 sibi
585 3276 670 3330 ierret
693 3277 727 3331 de
753 3275 815 3329 loco
835 3273 951 3343 quodam
972 3274 1089 3343 Lucani,
1112 3274 1139 3327 in
1160 3290 1214 3342 quo
1232 3275 1400 3347 astrologica
1417 3290 1493 3330 ocur·

149 3373 219 3421 rant.
245 3366 449 3436 llesponsiones
469 3364 589 3434 Kepleri,
609 3363 690 3419 datae.
709 3363 734 3417 d.
751 3365 790 3418 l'i.
805 3362 880 3430 Sept.
894 3368 922 3416 et
933 3362 976 3416 et.
991 3362 1056 3415 Dec.
1075 3360 1152 3427 toti,
1171 3359 1300 3429 legantur
1318 3362 1373 3418 rol.
1387 3362 1409 3419 l.
1421 3380 1448 3433 p.
1457 3360 1492 3419 tt.

150 3456 180 3508 til
202 3460 230 3508 ct
248 3453 301 3507 rol.
321 3454 366 3506 lV.
386 3469 412 3522 p.
431 3454 552 3523 73-873
571 3470 606 3506 ex
625 3452 777 3523 posteriore
795 3449 868 3504 huuc
887 3447 1090 3517 parapraphum
1107 3448 1273 3517 repetimus:

253 3547 326 3604 Cum
350 3549 527 3621 accepissem
551 3546 650 3604 literas
666 3543 747 3603 Tuas
767 3547 819 3614 (et.
840 3548 909 3614 Oct.)
933 3552 962 3601 et
978 3540 1260 3613 animaduertissem,
1286 3552 1318 3601 ut
1343 3544 1399 3603 tibi
1418 3542 1495 3603 αι’·-

148 3634 273 3693 iacerem
296 3633 429 3691 nonnihil
453 3633 523 3691 mibi
546 3633 657 3692 laboris
680 3648 744 3691 esse
767 3630 962 3703 subeundum,
983 3631 1045 3705 jem
1069 3638 1130 3687 tum
1151 3631 1261 3688 omissa
1285 3648 1359 3689 eura
1380 3628 1495 3690 celeriter

148 3721 342 3797 respondendi
367 3724 450 3796 coepi
473 3721 542 3779 mibi
566 3722 657 3779 otium
682 3718 834 3795 dispicere.
867 3716 982 3792 Quibus
1005 3718 1082 3775 euius
1099 3716 1347 3794 occupationibus
1363 3716 1495 3797 (quatur's

148 3818 177 3868 et
200 3811 334 3884 priuatus
358 3817 387 3867 ct
407 3809 541 3884 juvenis)
565 3808 730 3881 distringat,
753 3823 811 3864 nou
835 3812 880 3864 cst
904 3822 1010 3882 operae
1027 3805 1152 3879 pretium
1168 3821 1331 3877 recensere,
1356 3808 1412 3863 uisi
1427 3800 1496 3865 sill

146 3900 313 3955 suintrtatlut
338 3896 450 3963 dicam,
483 3915 528 3955 me
560 3899 608 3953 vix
638 3897 789 3969 respirare.
837 3892 911 3952 Catu
935 3895 1024 3969 igitur
1048 3891 1148 3953 dedita
1171 3908 1262 3969 opera
1285 3908 1348 3951 retu
1371 3896 1401 3951 iu
1421 3892 1494 3953 lein

148 3984 299 4042 rtataiitias
322 3985 497 4059 rejecissem,
522 3992 554 4042 ut
577 3995 674 4041 tamen
699 3988 781 4040 tauto
805 3997 899 4039 essem
922 3981 1052 4056 paratior
1074 3979 1273 4056 postmodnm,
1296 3982 1412 4041 interea
1430 3996 1495 4037 uos·

147 4071 244 4129 trullas
267 4072 353 4129 botas
376 4071 443 4129 aliis
465 4071 633 4142 laboribus,
658 4086 704 4127 me
727 4067 846 4127 hercule
861 4070 1015 4126 contemtis
1040 4076 1068 4127 ct
1091 4066 1296 4143 poenitendis,
1324 4068 1494 4144 conequi

147 4170 261 4234 ereptas
286 4162 314 4216 iu
338 4158 494 4217 lectionem
512 4158 635 4228 Lucani,
659 4156 795 4215 Caesaris
817 4163 847 4215 et
869 4158 1023 4231 utriusque
1039 4156 1189 4215 Ciceronis
1211 4153 1406 4232 epistolarum
1419 4152 1494 4215 vau·

148 4249 235 4305 minis
257 4248 388 4305 insumsi.
416 4278 453 4289 -

252 4346 295 4399 Ex
315 4345 401 4398 literis
419 4344 556 4412 prioribus
575 4343 644 4397 baec
662 4347 768 4397 tantum
788 4349 923 4410 notamus,
943 4356 1012 4411 quae
1030 4340 1065 4394 ad
1084 4340 1218 4395 loannem
1237 4340 1393 4411 Baptisturu
1410 4340 1494 4397 utet·

147 4436 254 4487 lerum
274 4434 422 4501 pertinent,
446 4433 573 4486 electoris
592 4429 770 4485 blaximiliani
790 4431 812 4484 1.
839 4431 971 4485 Barariac
989 4428 1066 4483 ducis
1092 4434 1311 4497 praeceptorem.
1348 4428 1419 4485 Pecs
1433 4426 1494 4497 ῐφ

146 4521 229 4587 lerus,
250 4530 296 4583 ,ut
317 4523 473 4575 llerwartus
493 4536 523 4573 se
542 4522 654 4574 lloetmr'
666 4519 803 4579 Ficklero.
820 4521 878 4574 riro
891 4518 1050 4583 clarissimo,
1069 4516 1116 4586 qui
1129 4517 1370 4584 consanguinitate
1383 4524 1494 4589 parm

147 4625 211 4664 suos
229 4610 353 4675 attingat.
373 4609 568 4663 commender.
606 4608 695 4661 l'itam
715 4606 796 4675 hujus
814 4606 934 4661 Fickleri
953 4604 1014 4659 cide
1033 4602 1106 4673 repud
1126 4606 1281 4659 tirnnerma
1300 4620 1328 4674 p.
1348 4606 1384 4661 30
1400 4620 1422 4657 s.

254 4699 331 4751 llaec
350 4706 496 4764 supersunt
508 4697 643 4766 epistolae
656 4696 798 4750 Martini
812 4696 876 4751 Cru
886 4712 898 4749 s
908 4694 941 4761 ii,
960 4692 1076 4748 celebris
1089 4692 1162 4747 illius
1176 4692 1344 4761 professoris
1355 4694 1494 4761 Τιώρ-

148 4788 198 4853 sis,
222 4785 257 4839 etl
282 4786 428 4854 lieplcrum
460 4787 539 4839 tinnis
566 4785 632 4838 titio
655 4794 683 4837 ct
709 4786 744 4839 97
767 4783 864 4850 datae,
894 4781 1031 4849 equibus
1060 4788 1189 4851 apparet.
1223 4778 1304 4836 illum
1335 4778 1495 4853 respoudit!

147 4873 259 4941 Crusio,
278 4873 421 4941 quaerenti
439 4872 474 4929 de
491 4872 576 4929 rsbus
590 4858 790 4940 chronologicis
807 4879 836 4927 et
854 4868 1047 4939 pneaogtm.
1084 4868 1135 4923 Die
1152 4868 1213 4937 Ὗ...
1227 4868 1307 4925 danii
1319 4870 1397 4928 ibib
1414 4864 1495 4925 sunt
