3308 5534
147 367 215 440 ito
661 355 1000 428 vroronmrreprcra

145 549 264 609 nomine
293 545 341 608 Ill.
372 492 519 621 ¹Principis
539 510 677 619 'Philippi
707 538 854 599 Ludovici
889 538 982 616 patria
1009 541 1041 598 et
1072 535 1239 614 Woligaug
1267 532 1419 597 wilhelmi
1451 534 1493 597 ilii

147 635 180 696 (l.
206 635 239 695 (l.
263 634 297 698 P.
319 634 354 694 P.
379 631 646 706 Neoburgicorum,
677 628 824 687 Dominus
855 624 969 686 Doctor
997 624 1132 687 Joannes
1164 622 1362 685 Tseschlinus
1386 621 1497 703 iegstn,

146 723 292 783 Dominus
315 720 428 780 Doctor
452 717 686 789 Giidelmaunus,
710 715 828 792 legatus
849 713 1147 774 Saxonicielectoria
1171 729 1239 772 cum
1263 728 1367 772 uxore.

251 821 312 874 Hoc
336 834 409 874 anno
437 817 523 873 irater
546 815 660 884 Kepleri
687 812 976 884 Christoplrorus
1000 815 1072 882 (nst.
1097 828 1170 868 anno
1193 813 1295 884 1587),
1324 812 1501 885 peregrim

146 908 239 981 opifex
257 907 439 978 plumbarius,
465 904 640 976 Regiomonti
664 901 740 971 gravi
757 900 853 956 morbo
879 908 1023 970 correptus
1047 909 1076 955 et
1093 901 1128 955 ab
1146 901 1234 956 amico
1255 900 1387 971 Keplen',
1411 899 1504 959 udan

147 995 276 1068 primario
295 994 421 1049 ducissae
433 992 590 1060 Borussiae,
609 991 627 1045 J
633 1006 743 1045 oannc
760 991 870 1060 Papio
887 990 998 1046 sanitati
1017 992 1164 1045 restitutus
1182 996 1235 1046 est
1262 990 1405 1046 Summam
1420 988 1505 1047 idio-

146 1100 274 1140 renornm
292 1083 321 1135 in
339 1088 526 1151 aegrotantem
539 1086 711 1134 consumtum
723 1078 862 1148 Keplerus
874 1093 946 1134 anno
962 1079 1028 1134 1609
1040 1078 1170 1134 restituit.
1199 1077 1426 1147 (,dpothecario
1436 1076 1506 1133 dtist

149 1172 183 1228 10
200 1169 319 1225 florenos
343 1176 372 1224 et
396 1169 412 1223 2
431 1168 601 1236 crucigeros,
628 1181 678 1234 pro
703 1165 764 1219 vino
783 1165 923 1221 Rhenensi
942 1167 977 1222 10
994 1165 1022 1220 fl.
1050 1173 1079 1222 et
1101 1164 1207 1234 aliquid
1230 1165 1371 1236 amplius3
1391 1178 1507 1221 ratam

147 1257 219 1313 enim
237 1254 377 1325 quaelibet
393 1254 439 1308 hic
455 1254 554 1309 emitur
571 1251 651 1323 probi
664 1253 790 1308 Rhenaui
803 1257 819 1308 5
832 1254 953 1312 bazenis.
978 1253 1050 1308 Hinc
1073 1252 1222 1309 discedenti
1242 1252 1308 1309 dedi
1326 1252 1389 1313 aa.
1401 1255 1436 1311 to
1446 1256 1507 1323 ‘sn‘i

149 1344 217 1399 Cum
235 1341 331 1399 eodem
349 1342 435 1410 Papio
461 1342 518 1410 egit
540 1339 588 1394 illo
612 1345 735 1409 tempore
757 1340 892 1411 lieplerus
911 1341 945 1395 de
963 1341 1087 1410 privigna
1105 1341 1226 1410 Regina,
1253 1348 1354 1411 optare
1373 1356 1406 1397 sa
1424 1341 1507 1408 ,nari

149 1437 207 1486 tum
222 1429 365 1498 juvenem,
393 1428 559 1496 elegantem,
583 1425 707 1493 doctam,
734 1428 805 1482 bene
827 1434 974 1499 moratum,
997 1427 1147 1484 medicinae
1167 1429 1327 1499 doctorem,
1351 1427 1401 1498 qni
1417 1427 1508 1483 stim

149 1519 247 1588 Styrus
264 1531 326 1571 esse
343 1520 462 1585 posset.“
499 1514 603 1584 Papius
629 1515 722 1570 ridens
741 1514 871 1585 proponit
888 1514 974 1571 filium
992 1531 1072 1571 suum
1089 1515 1242 1583 Andrean,
1269 1531 1340 1586 ‚pro
1359 1516 1423 1581 ioco
1438 1514 1508 1579 asta

148 1613 179 1660 ut
198 1609 290 1658 erecto
309 1603 451 1671 utriusque
469 1601 590 1655 themate
607 1602 767 1672 perquiras,
785 1617 821 1657 an
839 1616 890 1672 par
908 1600 961 1656 hoc
978 1602 1127 1657 amicorum
1151 1602 1284 1673 coniungi
1301 1602 1421 1674 possit⁸.
1453 1603 1508 1671 (cta

149 1694 260 1745 flansch.
279 1708 306 1757 p.
324 1689 382 1757 82.)
413 1687 488 1742 Idem
507 1694 614 1758 spectat
638 1689 775 1760 Kepleros
792 1690 821 1745 in
839 1688 925 1745 literis
943 1689 969 1745 d.
990 1689 1033 1743 31.
1054 1689 1125 1747 Nor.
1142 1689 1226 1759 hujus
1245 1691 1313 1745 anni
1330 1691 1370 1747 ad
1387 1690 1508 1747 medin

149 1779 335 1846 Brenggerum
355 1775 441 1840 datis,
468 1774 603 1830 scribens:
618 1815 751 1835 .......
799 1771 948 1834 Admouet
969 1792 1016 1834 me
1038 1775 1148 1834 mentio
1168 1773 1339 1834 medicinae
1353 1779 1412 1845 (ca.
1426 1780 1509 1836 miti.

152 1887 180 1936 p.
195 1867 292 1933 8191.)
310 1860 352 1918 rei
368 1858 494 1933 alicujus
511 1857 699 1936 domesticae,
724 1879 813 1940 qnam
835 1864 892 1920 etsi
914 1863 1039 1922 alienam
1055 1862 1094 1921 ab
1110 1862 1242 1921 amicitia
1264 1870 1371 1924 nostra
1393 1861 1509 1933 iiim

150 1954 180 2011 iu
204 1951 302 2009 sinum
324 1955 407 2005 tuum
431 1946 589 2022 eiiuadam,
612 1966 665 2026 spe
689 1952 810 2027 optima,
834 1948 959 2009 candide
974 1948 1029 2010 aba
1044 1957 1073 2011 ts
1088 1956 1243 2028 acceptum
1258 1951 1304 2012 iri.
1340 1949 1509 2027 Quouis·

150 2041 226 2105 inter
247 2053 303 2095 nos
325 2042 370 2094 est
393 2035 515 2093 notitiae
540 2034 728 2110 domesticae,
750 2037 807 2097 hoc
829 2039 922 2097 tutius
944 2045 1040 2098 tecum
1063 2054 1152 2113 agere
1167 2046 1241 2114 puto
1264 2055 1357 2115 qnam
1380 2054 1506 2099 canno·

151 2126 239 2199 tiori;
263 2123 334 2182 iacit
357 2123 434 2180 enim
458 2121 496 2180 ad
519 2121 679 2199 silentium,
703 2124 782 2201 quod
806 2123 877 2183 mihi
901 2124 937 2185 dc
952 2134 980 2185 te
997 2124 1122 2185 candido
1139 2127 1202 2184 viro
1220 2125 1350 2186 candido
1364 2124 1505 2203 pollictor.

151 2211 261 2272 Videre
285 2217 314 2269 te
338 2211 460 2285 opinor,
491 2210 587 2286 qualis
610 2214 666 2271 sim
689 2213 718 2269 in
742 2212 930 2287 oeconomia,
962 2214 1012 2290 qui
1035 2221 1117 2272 totus
1145 2230 1210 2271 sum
1241 2215 1274 2272 in
1295 2212 1403 2274 lituris.
1444 2210 1505 2273 J·

152 2300 268 2376 Pragae
291 2296 368 2372 dego
391 2295 542 2356 solitarius
566 2297 792 2374 quodammodo,
816 2299 975 2360 destitutus
997 2299 1199 2377 adjutoribus.-
1221 2304 1337 2361 ntiuam
1353 2300 1435 2375 miii,
1455 2316 1505 2361 sn

153 2387 219 2447 dico
243 2392 429 2445 astronomus
452 2383 490 2442 ad
512 2382 632 2444 labores
656 2387 770 2461 calculi,
795 2386 847 2447 sed
869 2388 965 2447 solum
988 2388 1119 2448 medicus
1142 2387 1251 2465 aliquis
1274 2388 1339 2448 ulto
1354 2389 1507 2466 rugans

20 2546 24 2553 ¹
51 2512 53 2517 -
153 2476 184 2534 in
206 2472 396 2550 philosophia
420 2479 563 2546 versatus,
588 2476 630 2531 tui
654 2477 763 2552 qnippe
786 2473 905 2548 similis,
929 2476 1006 2535 intra
1027 2475 1103 2534 lares
1125 2486 1245 2553 praesto
1268 2485 1369 2553 11111,
1392 2492 1506 2555 quoo-

153 2561 298 2641 panlatim
321 2558 358 2618 de
380 2558 503 2618 medicis
525 2563 657 2629 materiis
681 2561 841 2623 discurrere
863 2579 990 2639 possem.
1034 2562 1110 2623 Nam
1133 2565 1161 2621 in
1186 2565 1374 2625 astronomia
1393 2566 1506 2625 istst·

154 2656 200 2728 est
223 2664 443 2719 consenescere,
468 2664 523 2706 nco
545 2650 622 2707 euim
647 2648 683 2709 de
706 2659 848 2727 perpetuo
871 2648 1045 2711 Maecenate
1068 2660 1164 2710 cortus
1187 2669 1264 2710 sirm.
1303 2648 1421 2728 Quodsi
1440 2652 1507 2711 saul

150 2737 293 2816 juvenem
316 2735 446 2810 aliquem
470 2742 600 2797 staturae
623 2753 681 2796 non
706 2745 887 2810 contentae,
911 2737 996 2798 iaciei
1019 2736 1162 2810 liberalis,
1187 2754 1304 2797 suornm
1325 2737 1507 2817 placidam,

155 2824 191 2885 de
214 2840 274 2901 quo
296 2840 366 2900 spes
389 2823 437 2894 sit,
462 2823 558 2899 ipsum
581 2825 710 2899 gratiose
734 2825 908 2885 medicinam
931 2825 1026 2885 iacere
1048 2842 1136 2903 posse
1159 2823 1283 2904 (habent
1297 2836 1400 2888 autem
1414 2826 1507 2905 sq*

154 2911 235 2972 modi
259 2911 502 2988 physiognomias
529 2911 693 2987 singulares
716 2929 774 2972 noa
798 2913 1034 2986 melancholicas,
1057 2912 1109 2972 sed
1132 2911 1228 2972 laetas
1252 2923 1284 2973 et
1298 2912 1506 2990 quodmodo

154 3000 312 3073 militares)
336 2999 446 3074 quique
469 2997 592 3073 gradum
616 2998 744 3060 doctoris
766 3002 830 3062 sive
852 3000 977 3078 adeptus
1000 3003 1047 3074 sit,
1071 3002 1135 3060 sive
1158 3000 1285 3078 adipisci
1301 3019 1357 3078 per
1372 3000 1508 3063 dearum

154 3088 320 3166 proiectum
342 3087 452 3162 possit:
478 3085 615 3160 equidem
639 3085 680 3145 illi
696 3088 821 3148 sortasse
835 3105 894 3149 aon
910 3087 1123 3149 contemnenda
1137 3086 1255 3164 Pragac
1271 3093 1396 3150 occasio
1408 3098 1508 3169 pater!

155 3175 195 3236 ad
216 3174 321 3252 prexia
345 3171 392 3231 vel
415 3190 468 3248 per
490 3191 586 3233 meam
610 3175 892 3236 commendationem
924 3176 1154 3252 quadamtenus,
1187 3186 1218 3236 et
1240 3176 1323 3254 quod
1355 3188 1444 3256 caput
1462 3186 1507 3249 11,

154 3265 185 3323 in
209 3278 276 3321 mea
298 3258 516 3336 quodammodo
540 3269 688 3338 potestate
711 3269 756 3322 est
778 3264 878 3341 puella
900 3282 1042 3323 annorum
1068 3270 1116 3337 li,
1140 3279 1208 3323 cum
1230 3263 1303 3325 dote
1326 3282 1388 3326 non
1410 3280 1508 3344 pasco

155 3368 220 3410 rum
235 3347 369 3420 millium,
394 3349 467 3407 orba
482 3355 611 3424 parente,
636 3366 689 3410 nec
705 3350 867 3429 inelegans,
891 3354 939 3412 cui
955 3367 1021 3412 cum
1035 3352 1119 3410 multi
1136 3351 1260 3427 inhient,
1284 3353 1412 3430 qnidam
1423 3362 1507 3414 tm

156 3439 213 3516 ipsi
236 3435 386 3513 religionis
419 3452 509 3494 causa
532 3454 590 3495 aon
614 3447 682 3497 sunt
714 3441 843 3516 accepti,
875 3456 940 3499 cum
964 3457 980 3500 e
1003 3439 1144 3517 Styriacis
1174 3440 1310 3517 profugis
1333 3445 1452 3519 etipsa
1467 3441 1506 3511 ἡ

156 3542 258 3585 omnes
281 3540 352 3583 vero
375 3525 467 3582 vitam
491 3532 655 3599 sequuntur
676 3526 828 3602 politicam
850 3536 881 3587 et
903 3526 1028 3588 curiales
1044 3528 1166 3587 naenias
1182 3527 1362 3605 aulicasqne
1376 3528 1507 3590 conditi*

154 3629 218 3686 uos,
240 3612 352 3671 intutas
375 3628 476 3670 omnes
498 3612 628 3688 miliique
651 3630 710 3673 aon
732 3623 879 3692 acceptas.
924 3613 1008 3676 Haec
1031 3616 1118 3690 igitur
1141 3613 1180 3673 ad
1203 3622 1232 3675 te
1256 3617 1376 3676 consilii
1398 3620 1506 3695 oplsqst

156 3716 247 3761 cansa
268 3700 435 3777 perscripsi,
459 3699 516 3759 hoc
539 3708 637 3759 tamen
659 3701 771 3774 addito,
795 3706 831 3776 si,
854 3705 904 3778 qui
927 3710 989 3763 ate
1004 3710 1144 3762 venturus
1168 3710 1222 3777 est,
1247 3713 1353 3764 careat
1375 3704 1505 3783 aequasti

156 3789 231 3862 istis,
255 3795 308 3846 aut
330 3803 387 3845 non
411 3787 487 3846 berre
511 3785 696 3848 dissimulare
718 3793 814 3865 possit
835 3792 1018 3864 tenuitatem,
1043 3808 1119 3867 quae
1143 3790 1220 3850 solet
1243 3808 1311 3851 esse
1326 3790 1505 3870 philosapha-

155 3892 219 3934 mm
241 3875 459 3952 patrimonium,
482 3891 541 3934 noa
558 3874 671 3935 scilicet
686 3876 806 3952 babeat,
830 3878 907 3939 unde
921 3877 960 3938 ad
977 3886 1091 3956 tempus
1114 3880 1208 3954 visat,
1231 3878 1344 3940 trustra
1359 3888 1503 3949 11111111.

155 3963 181 4021 11
205 3962 279 4022 bens
303 3960 384 4020 illam
407 3963 488 4022 novi.

109 4042 114 4056 ¹
261 4063 312 4118 llis
331 4064 574 4120 intercessionibus
593 4062 729 4133 Koplerus
756 4064 822 4118 nihil
847 4063 980 4134 profecit,
1007 4063 1041 4118 ad
1060 4079 1174 4134 scopum
1193 4071 1289 4120 nmen
1308 4067 1431 4136 porterit
1445 4078 1502 4121 su

155 4157 296 4219 sequente,
314 4150 377 4220 ipsa
394 4153 466 4207 sorte
485 4153 590 4222 Regina
607 4167 738 4222 sponsum
758 4152 811 4208 sibi
828 4153 954 4224 eligente.
980 4152 1107 4207 Fabricio
1125 4152 1152 4206 d.
1173 4154 1215 4209 to.
1233 4152 1308 4208 Nor.
1325 4156 1398 4211 16OE
1414 4154 1501 4211 κῆ

156 4232 272 4295 Literas
300 4243 369 4295 aute
397 4235 509 4312 pascha
541 4238 642 4313 accepi
672 4238 748 4297 inter
770 4235 884 4298 medias
907 4238 1116 4315 occupationes
1145 4236 1306 4313 nuptiales.
1352 4238 1500 4317 Privign-

156 4320 271 4381 olocavi
294 4321 434 4400 Philippo
458 4323 568 4397 Elrem,
597 4323 764 4385 cancellarii
789 4323 938 4400 quondam
961 4323 1089 4384 Palatini
1112 4342 1141 4401 p.
1165 4341 1206 4383 ru.
1229 4324 1312 4402 filio,
1340 4344 1426 4404 quen
1444 4330 1500 4403 op

156 4412 325 4484 promoveri
348 4410 386 4469 ad
411 4413 525 4470 comitis
549 4413 592 4470 tui
615 4410 739 4472 illustris
760 4415 882 4488 negotia
903 4430 1094 4488 annuumque
1116 4412 1269 4472 salarium.

258 4506 329 4562 iudc
353 4509 387 4563 ab
407 4524 440 4563 eo
458 4517 581 4579 tempore
604 4526 691 4581 nsque
715 4514 750 4569 ad
769 4528 870 4569 aunum
888 4514 959 4570 1618
981 4528 1121 4581 nunqnam
1145 4511 1266 4568 occurrit
1289 4514 1318 4569 ia
1336 4512 1443 4585 Ksplen‘
1455 4508 1497 4581 sp}

157 4592 234 4649 stolis
252 4608 350 4648 nomeu
363 4595 494 4664 Reginae,
514 4614 567 4666 qno
587 4615 659 4654 anno
672 4599 772 4655 fautori
784 4599 941 4655 Wackhero
958 4599 1033 4655 illam
1046 4607 1181 4656 mortuam
1198 4613 1263 4659 case
1280 4602 1374 4659 reiut.
1383 4604 1409 4669 ⁸)
1426 4598 1496 4671 Ιβ

157 4686 248 4736 antem
267 4681 388 4750 Reginae
407 4684 552 4753 epistolam
570 4686 641 4764 infra
659 4687 708 4758 (ad
725 4704 751 4743 a.
772 4690 853 4757 11113)
871 4688 1069 4746 exhibebimus.

262 4821 289 4891 *1
307 4825 439 4892 troam
461 4828 527 4882 aaa
552 4832 584 4883 aa
607 4833 751 4897 pamm
777 4833 946 4898 „mnenon
973 4834 1002 4885 n
1022 4831 1200 4887 11111111
1226 4834 1443 4902 sepau-su:
1460 4828 1492 4879 11
