<?xml version="1.0" encoding="UTF-8"?>
<!DOCTYPE html PUBLIC "-//W3C//DTD XHTML 1.0 Transitional//EN"
    "http://www.w3.org/TR/xhtml1/DTD/xhtml1-transitional.dtd">
<html xmlns="http://www.w3.org/1999/xhtml" xml:lang="en" lang="en">
 <head>
  <title>
</title>
<meta http-equiv="Content-Type" content="text/html;charset=utf-8" />
  <meta name='ocr-system' content='tesseract 3.04.00' />
  <meta name='ocr-capabilities' content='ocr_page ocr_carea ocr_par ocr_line ocrx_word'/>
</head>
<body>
  <div class='ocr_page' id='page_1' title='image "./joanniskepleria00frisgoog_0569.png"; bbox 0 0 3322 5534; ppageno 0'>
   <div class='ocr_carea' id='block_1_1' title="bbox 495 382 1550 455">
    <p class='ocr_par' dir='ltr' id='par_1_1' title="bbox 495 382 1550 455">
     <span class='ocr_line' id='line_1_1' title="bbox 495 382 1550 455; baseline 0 -12"><span class='ocrx_word' id='word_1_1' title='bbox 495 382 676 443; x_wconf 83' lang='lat' dir='ltr'>Sammarium</span> <span class='ocrx_word' id='word_1_2' title='bbox 694 382 832 443; x_wconf 72' lang='lat' dir='ltr'><strong>Historiae</strong></span> <span class='ocrx_word' id='word_1_3' title='bbox 848 382 1040 443; x_wconf 72' lang='lat' dir='ltr'>astronomiae</span> <span class='ocrx_word' id='word_1_4' title='bbox 1058 384 1151 443; x_wconf 87' lang='lat' dir='ltr'>seculo</span> <span class='ocrx_word' id='word_1_5' title='bbox 1170 384 1244 443; x_wconf 78' lang='lat' dir='ltr'>xvi.</span> <span class='ocrx_word' id='word_1_6' title='bbox 1486 386 1550 455; x_wconf 72' lang='lat'>565</span> 
     </span>
    </p>
   </div>
   <div class='ocr_carea' id='block_1_2' title="bbox 147 558 1549 4931">
    <p class='ocr_par' dir='ltr' id='par_1_2' title="bbox 147 558 1549 3439">
     <span class='ocr_line' id='line_1_2' title="bbox 164 558 1549 635; baseline 0.001 -16"><span class='ocrx_word' id='word_1_7' title='bbox 164 562 200 619; x_wconf 84' lang='lat' dir='ltr'>ira</span> <span class='ocrx_word' id='word_1_8' title='bbox 236 576 297 629; x_wconf 74' lang='lat' dir='ltr'>aaa,</span> <span class='ocrx_word' id='word_1_9' title='bbox 314 560 362 633; x_wconf 91' lang='lat' dir='ltr'>qni</span> <span class='ocrx_word' id='word_1_10' title='bbox 377 558 566 633; x_wconf 68' lang='lat' dir='ltr'>dissentirent,</span> <span class='ocrx_word' id='word_1_11' title='bbox 584 578 639 618; x_wconf 92' lang='lat' dir='ltr'>non</span> <span class='ocrx_word' id='word_1_12' title='bbox 658 568 689 617; x_wconf 92' lang='lat' dir='ltr'>nt</span> <span class='ocrx_word' id='word_1_13' title='bbox 705 564 734 618; x_wconf 94' lang='lat' dir='ltr'>in</span> <span class='ocrx_word' id='word_1_14' title='bbox 751 562 849 633; x_wconf 88' lang='lat' dir='ltr'>impios</span> <span class='ocrx_word' id='word_1_15' title='bbox 860 560 1127 618; x_wconf 86' lang='lat' dir='ltr'>animadvertendum</span> <span class='ocrx_word' id='word_1_16' title='bbox 1146 575 1207 616; x_wconf 90' lang='lat' dir='ltr'>esse</span> <span class='ocrx_word' id='word_1_17' title='bbox 1224 566 1375 631; x_wconf 80' lang='lat' dir='ltr'>censerent,</span> <span class='ocrx_word' id='word_1_18' title='bbox 1393 568 1484 620; x_wconf 88' lang='lat' dir='ltr'>tamen</span> <span class='ocrx_word' id='word_1_19' title='bbox 1502 566 1549 635; x_wconf 86' lang='lat' dir='ltr'>qni</span> 
     </span>
     <span class='ocr_line' id='line_1_3' title="bbox 156 647 1549 723; baseline 0.002 -18"><span class='ocrx_word' id='word_1_20' title='bbox 156 649 411 721; x_wconf 69' lang='lat' dir='ltr'>evangelicorum</span> <span class='ocrx_word' id='word_1_21' title='bbox 429 650 571 706; x_wconf 84' lang='lat' dir='ltr'>termulam</span> <span class='ocrx_word' id='word_1_22' title='bbox 589 650 789 721; x_wconf 88' lang='lat' dir='ltr'>profitebantur</span> <span class='ocrx_word' id='word_1_23' title='bbox 806 650 962 717; x_wconf 72' lang='lat' dir='ltr'>astronomi,</span> <span class='ocrx_word' id='word_1_24' title='bbox 981 664 1047 704; x_wconf 90' lang='lat' dir='ltr'>suae</span> <span class='ocrx_word' id='word_1_25' title='bbox 1066 648 1198 704; x_wconf 89' lang='lat' dir='ltr'>ecclesiae</span> <span class='ocrx_word' id='word_1_26' title='bbox 1217 647 1251 702; x_wconf 93' lang='lat' dir='ltr'>de</span> <span class='ocrx_word' id='word_1_27' title='bbox 1268 649 1328 705; x_wconf 91' lang='lat' dir='ltr'>istis</span> <span class='ocrx_word' id='word_1_28' title='bbox 1346 654 1428 708; x_wconf 87' lang='lat' dir='ltr'>rebus</span> <span class='ocrx_word' id='word_1_29' title='bbox 1446 652 1549 723; x_wconf 86' lang='lat' dir='ltr'>placita</span> 
     </span>
     <span class='ocr_line' id='line_1_4' title="bbox 151 736 1548 810; baseline 0.001 -16"><span class='ocrx_word' id='word_1_30' title='bbox 151 740 353 807; x_wconf 74' lang='lat' dir='ltr'>impugnare</span> <span class='ocrx_word' id='word_1_31' title='bbox 370 738 458 808; x_wconf 88' lang='lat' dir='ltr'>veriti,</span> <span class='ocrx_word' id='word_1_32' title='bbox 476 746 621 793; x_wconf 87' lang='lat' dir='ltr'>autunum</span> <span class='ocrx_word' id='word_1_33' title='bbox 634 738 788 806; x_wconf 79' lang='lat' dir='ltr'>probabant</span> <span class='ocrx_word' id='word_1_34' title='bbox 800 737 986 793; x_wconf 87' lang='lat' dir='ltr'>Ptolemaeum</span> <span class='ocrx_word' id='word_1_35' title='bbox 999 741 1047 790; x_wconf 91' lang='lat' dir='ltr'>aut</span> <span class='ocrx_word' id='word_1_36' title='bbox 1061 736 1272 804; x_wconf 83' lang='lat' dir='ltr'>Cepernieanam</span> <span class='ocrx_word' id='word_1_37' title='bbox 1285 738 1426 808; x_wconf 90' lang='lat' dir='ltr'>rationem,</span> <span class='ocrx_word' id='word_1_38' title='bbox 1446 740 1548 810; x_wconf 81' lang='lat' dir='ltr'>quippo</span> 
     </span>
     <span class='ocr_line' id='line_1_5' title="bbox 150 824 1548 897; baseline 0.005 -19"><span class='ocrx_word' id='word_1_39' title='bbox 150 841 267 895; x_wconf 75' lang='lat' dir='ltr'>quac</span> <span class='ocrx_word' id='word_1_40' title='bbox 284 826 388 895; x_wconf 88' lang='lat' dir='ltr'>pariter</span> <span class='ocrx_word' id='word_1_41' title='bbox 406 842 437 880; x_wconf 90' lang='lat' dir='ltr'>ac</span> <span class='ocrx_word' id='word_1_42' title='bbox 455 827 531 895; x_wconf 89' lang='lat' dir='ltr'>prior</span> <span class='ocrx_word' id='word_1_43' title='bbox 548 826 617 879; x_wconf 81' lang='lat' dir='ltr'>ratio</span> <span class='ocrx_word' id='word_1_44' title='bbox 636 825 712 880; x_wconf 91' lang='lat' dir='ltr'>coelo</span> <span class='ocrx_word' id='word_1_45' title='bbox 731 824 920 893; x_wconf 74' lang='lat' dir='ltr'>sideribusque</span> <span class='ocrx_word' id='word_1_46' title='bbox 938 825 1134 894; x_wconf 76' lang='lat' dir='ltr'>cognoscendis</span> <span class='ocrx_word' id='word_1_47' title='bbox 1154 828 1309 897; x_wconf 80' lang='lat' dir='ltr'>inserviret,</span> <span class='ocrx_word' id='word_1_48' title='bbox 1328 828 1394 882; x_wconf 86' lang='lat' dir='ltr'>siris</span> <span class='ocrx_word' id='word_1_49' title='bbox 1414 830 1441 884; x_wconf 94' lang='lat' dir='ltr'>in</span> <span class='ocrx_word' id='word_1_50' title='bbox 1459 837 1548 885; x_wconf 87' lang='lat' dir='ltr'>astro-</span> 
     </span>
     <span class='ocr_line' id='line_1_6' title="bbox 147 912 1548 983; baseline 0.004 -14"><span class='ocrx_word' id='word_1_51' title='bbox 147 914 282 969; x_wconf 80' lang='lat' dir='ltr'>nomia</span> <span class='ocrx_word' id='word_1_52' title='bbox 300 913 416 969; x_wconf 91' lang='lat' dir='ltr'>colenda</span> <span class='ocrx_word' id='word_1_53' title='bbox 433 914 605 969; x_wconf 82' lang='lat' dir='ltr'>versantibus</span> <span class='ocrx_word' id='word_1_54' title='bbox 628 930 681 967; x_wconf 93' lang='lat' dir='ltr'>non</span> <span class='ocrx_word' id='word_1_55' title='bbox 700 914 812 981; x_wconf 89' lang='lat' dir='ltr'>insuper</span> <span class='ocrx_word' id='word_1_56' title='bbox 837 912 988 967; x_wconf 86' lang='lat' dir='ltr'>habendam</span> <span class='ocrx_word' id='word_1_57' title='bbox 1015 928 1076 968; x_wconf 86' lang='lat' dir='ltr'>esse</span> <span class='ocrx_word' id='word_1_58' title='bbox 1094 914 1292 983; x_wconf 80' lang='lat' dir='ltr'>concedebant,</span> <span class='ocrx_word' id='word_1_59' title='bbox 1320 922 1347 969; x_wconf 87' lang='lat' dir='ltr'>ct</span> <span class='ocrx_word' id='word_1_60' title='bbox 1365 932 1399 970; x_wconf 90' lang='lat' dir='ltr'>ne</span> <span class='ocrx_word' id='word_1_61' title='bbox 1417 933 1548 975; x_wconf 91' lang='lat' dir='ltr'>novarum</span> 
     </span>
     <span class='ocr_line' id='line_1_7' title="bbox 147 1000 1547 1071; baseline 0.004 -13"><span class='ocrx_word' id='word_1_62' title='bbox 147 1016 281 1058; x_wconf 80' lang='lat' dir='ltr'>rerum</span> <span class='ocrx_word' id='word_1_63' title='bbox 298 1002 413 1057; x_wconf 79' lang='lat' dir='ltr'>studiosi</span> <span class='ocrx_word' id='word_1_64' title='bbox 433 1017 494 1057; x_wconf 88' lang='lat' dir='ltr'>csse</span> <span class='ocrx_word' id='word_1_65' title='bbox 512 1002 675 1067; x_wconf 88' lang='lat' dir='ltr'>dicerentur,</span> <span class='ocrx_word' id='word_1_66' title='bbox 693 1001 879 1056; x_wconf 84' lang='lat' dir='ltr'>Ptolemaeum</span> <span class='ocrx_word' id='word_1_67' title='bbox 903 1002 985 1069; x_wconf 80' lang='lat' dir='ltr'>vulgo</span> <span class='ocrx_word' id='word_1_68' title='bbox 1010 1018 1064 1055; x_wconf 92' lang='lat' dir='ltr'>non</span> <span class='ocrx_word' id='word_1_69' title='bbox 1087 1000 1278 1071; x_wconf 83' lang='lat' dir='ltr'>negligendum</span> <span class='ocrx_word' id='word_1_70' title='bbox 1305 1018 1367 1057; x_wconf 87' lang='lat' dir='ltr'>csse</span> <span class='ocrx_word' id='word_1_71' title='bbox 1394 1006 1547 1063; x_wconf 88' lang='lat' dir='ltr'>suadebant</span> 
     </span>
     <span class='ocr_line' id='line_1_8' title="bbox 148 1087 1530 1159; baseline 0.003 -14"><span class='ocrx_word' id='word_1_72' title='bbox 148 1102 228 1145; x_wconf 79' lang='lat' dir='ltr'>nec</span> <span class='ocrx_word' id='word_1_73' title='bbox 260 1090 311 1144; x_wconf 91' lang='lat' dir='ltr'>nisi</span> <span class='ocrx_word' id='word_1_74' title='bbox 329 1098 500 1146; x_wconf 87' lang='lat' dir='ltr'>astronomos</span> <span class='ocrx_word' id='word_1_75' title='bbox 518 1091 554 1145; x_wconf 90' lang='lat' dir='ltr'>ad</span> <span class='ocrx_word' id='word_1_76' title='bbox 572 1089 788 1159; x_wconf 80' lang='lat' dir='ltr'>cognoscendam</span> <span class='ocrx_word' id='word_1_77' title='bbox 807 1088 1020 1155; x_wconf 86' lang='lat' dir='ltr'>Copcrnicananr</span> <span class='ocrx_word' id='word_1_78' title='bbox 1038 1087 1169 1143; x_wconf 89' lang='lat' dir='ltr'>rationem</span> <span class='ocrx_word' id='word_1_79' title='bbox 1190 1090 1353 1158; x_wconf 87' lang='lat' dir='ltr'>compellere</span> <span class='ocrx_word' id='word_1_80' title='bbox 1371 1092 1530 1149; x_wconf 86' lang='lat' dir='ltr'>studebant.</span> 
     </span>
     <span class='ocr_line' id='line_1_9' title="bbox 297 1175 1545 1249; baseline 0.004 -16"><span class='ocrx_word' id='word_1_81' title='bbox 297 1178 333 1233; x_wconf 77' lang='lat' dir='ltr'>ta</span> <span class='ocrx_word' id='word_1_82' title='bbox 352 1192 415 1231; x_wconf 87' lang='lat' dir='ltr'>vcro</span> <span class='ocrx_word' id='word_1_83' title='bbox 434 1179 621 1246; x_wconf 89' lang='lat' dir='ltr'>Copernicana</span> <span class='ocrx_word' id='word_1_84' title='bbox 638 1178 708 1231; x_wconf 92' lang='lat' dir='ltr'>ratio</span> <span class='ocrx_word' id='word_1_85' title='bbox 726 1194 781 1231; x_wconf 92' lang='lat' dir='ltr'>non</span> <span class='ocrx_word' id='word_1_86' title='bbox 799 1175 923 1230; x_wconf 90' lang='lat' dir='ltr'>omnibns</span> <span class='ocrx_word' id='word_1_87' title='bbox 941 1176 1112 1243; x_wconf 88' lang='lat' dir='ltr'>probaretur,</span> <span class='ocrx_word' id='word_1_88' title='bbox 1131 1178 1218 1245; x_wconf 89' lang='lat' dir='ltr'>ipsius</span> <span class='ocrx_word' id='word_1_89' title='bbox 1237 1178 1352 1231; x_wconf 85' lang='lat' dir='ltr'>maxime</span> <span class='ocrx_word' id='word_1_90' title='bbox 1366 1179 1545 1249; x_wconf 85' lang='lat' dir='ltr'>Copernicani</span> 
     </span>
     <span class='ocr_line' id='line_1_10' title="bbox 154 1262 1548 1341; baseline 0.006 -24"><span class='ocrx_word' id='word_1_91' title='bbox 154 1264 282 1331; x_wconf 80' lang='lat' dir='ltr'>operis</span> <span class='ocrx_word' id='word_1_92' title='bbox 301 1264 391 1319; x_wconf 89' lang='lat' dir='ltr'>indole</span> <span class='ocrx_word' id='word_1_93' title='bbox 409 1266 510 1319; x_wconf 88' lang='lat' dir='ltr'>lactum</span> <span class='ocrx_word' id='word_1_94' title='bbox 530 1274 581 1321; x_wconf 90' lang='lat' dir='ltr'>est.</span> <span class='ocrx_word' id='word_1_95' title='bbox 612 1266 785 1320; x_wconf 79' lang='lat' dir='ltr'>Astronomia</span> <span class='ocrx_word' id='word_1_96' title='bbox 802 1264 858 1331; x_wconf 89' lang='lat' dir='ltr'>jam</span> <span class='ocrx_word' id='word_1_97' title='bbox 876 1262 991 1330; x_wconf 90' lang='lat' dir='ltr'>primum</span> <span class='ocrx_word' id='word_1_98' title='bbox 1011 1264 1038 1317; x_wconf 94' lang='lat' dir='ltr'>in</span> <span class='ocrx_word' id='word_1_99' title='bbox 1051 1264 1210 1334; x_wconf 90' lang='lat' dir='ltr'>discipliuae</span> <span class='ocrx_word' id='word_1_100' title='bbox 1229 1264 1341 1319; x_wconf 78' lang='lat' dir='ltr'>ferronum</span> <span class='ocrx_word' id='word_1_101' title='bbox 1360 1268 1548 1341; x_wconf 82' lang='lat' dir='ltr'>rationemque</span> 
     </span>
     <span class='ocr_line' id='line_1_11' title="bbox 157 1348 1546 1427; baseline 0.006 -22"><span class='ocrx_word' id='word_1_102' title='bbox 157 1348 302 1407; x_wconf 84' lang='lat' dir='ltr'>redacta</span> <span class='ocrx_word' id='word_1_103' title='bbox 319 1352 482 1421; x_wconf 83' lang='lat' dir='ltr'>leviorisque</span> <span class='ocrx_word' id='word_1_104' title='bbox 500 1353 629 1408; x_wconf 85' lang='lat' dir='ltr'>maurenti</span> <span class='ocrx_word' id='word_1_105' title='bbox 647 1354 742 1423; x_wconf 89' lang='lat' dir='ltr'>rebus,</span> <span class='ocrx_word' id='word_1_106' title='bbox 761 1368 810 1421; x_wconf 91' lang='lat' dir='ltr'>per</span> <span class='ocrx_word' id='word_1_107' title='bbox 827 1357 914 1406; x_wconf 91' lang='lat' dir='ltr'>toturn</span> <span class='ocrx_word' id='word_1_108' title='bbox 933 1350 1055 1405; x_wconf 89' lang='lat' dir='ltr'>seculum</span> <span class='ocrx_word' id='word_1_109' title='bbox 1073 1352 1166 1417; x_wconf 81' lang='lat' dir='ltr'>coritis,</span> <span class='ocrx_word' id='word_1_110' title='bbox 1188 1364 1319 1423; x_wconf 80' lang='lat' dir='ltr'>purgata,</span> <span class='ocrx_word' id='word_1_111' title='bbox 1338 1358 1373 1411; x_wconf 94' lang='lat' dir='ltr'>ab</span> <span class='ocrx_word' id='word_1_112' title='bbox 1393 1358 1546 1427; x_wconf 74' lang='lat' dir='ltr'>astrologo-</span> 
     </span>
     <span class='ocr_line' id='line_1_12' title="bbox 162 1440 1546 1511; baseline 0.008 -20"><span class='ocrx_word' id='word_1_113' title='bbox 162 1452 255 1493; x_wconf 85' lang='lat' dir='ltr'>rum</span> <span class='ocrx_word' id='word_1_114' title='bbox 272 1440 384 1495; x_wconf 89' lang='lat' dir='ltr'>somniis</span> <span class='ocrx_word' id='word_1_115' title='bbox 403 1441 517 1509; x_wconf 87' lang='lat' dir='ltr'>aliisque</span> <span class='ocrx_word' id='word_1_116' title='bbox 535 1440 633 1495; x_wconf 90' lang='lat' dir='ltr'>rationi</span> <span class='ocrx_word' id='word_1_117' title='bbox 653 1455 735 1494; x_wconf 89' lang='lat' dir='ltr'>sanae</span> <span class='ocrx_word' id='word_1_118' title='bbox 755 1442 841 1493; x_wconf 83' lang='lat' dir='ltr'>suiuus</span> <span class='ocrx_word' id='word_1_119' title='bbox 860 1441 1051 1493; x_wconf 83' lang='lat' dir='ltr'>consentaneis</span> <span class='ocrx_word' id='word_1_120' title='bbox 1070 1440 1242 1509; x_wconf 88' lang='lat' dir='ltr'>opinionibus</span> <span class='ocrx_word' id='word_1_121' title='bbox 1264 1458 1377 1511; x_wconf 87' lang='lat' dir='ltr'>prorsus</span> <span class='ocrx_word' id='word_1_122' title='bbox 1395 1444 1546 1502; x_wconf 87' lang='lat' dir='ltr'>abhorrens</span> 
     </span>
     <span class='ocr_line' id='line_1_13' title="bbox 165 1526 1547 1600; baseline 0.009 -23"><span class='ocrx_word' id='word_1_123' title='bbox 165 1538 325 1595; x_wconf 79' lang='lat' dir='ltr'>suamquc</span> <span class='ocrx_word' id='word_1_124' title='bbox 349 1526 470 1581; x_wconf 75' lang='lat' dir='ltr'>reculam</span> <span class='ocrx_word' id='word_1_125' title='bbox 494 1528 712 1581; x_wconf 83' lang='lat' dir='ltr'>corrstantissime</span> <span class='ocrx_word' id='word_1_126' title='bbox 731 1542 856 1587; x_wconf 84' lang='lat' dir='ltr'>servans,</span> <span class='ocrx_word' id='word_1_127' title='bbox 877 1534 954 1580; x_wconf 90' lang='lat' dir='ltr'>tanta</span> <span class='ocrx_word' id='word_1_128' title='bbox 978 1527 1006 1581; x_wconf 92' lang='lat' dir='ltr'>in</span> <span class='ocrx_word' id='word_1_129' title='bbox 1029 1528 1111 1582; x_wconf 89' lang='lat' dir='ltr'>rebus</span> <span class='ocrx_word' id='word_1_130' title='bbox 1135 1529 1281 1597; x_wconf 87' lang='lat' dir='ltr'>causisque</span> <span class='ocrx_word' id='word_1_131' title='bbox 1304 1532 1464 1600; x_wconf 76' lang='lat' dir='ltr'>indagandis</span> <span class='ocrx_word' id='word_1_132' title='bbox 1483 1534 1547 1589; x_wconf 88' lang='lat' dir='ltr'>snb-</span> 
     </span>
     <span class='ocr_line' id='line_1_14' title="bbox 164 1608 1546 1689; baseline 0.009 -24"><span class='ocrx_word' id='word_1_133' title='bbox 164 1608 289 1667; x_wconf 80' lang='lat' dir='ltr'>tilitale</span> <span class='ocrx_word' id='word_1_134' title='bbox 307 1614 442 1681; x_wconf 87' lang='lat' dir='ltr'>utebatur,</span> <span class='ocrx_word' id='word_1_135' title='bbox 461 1622 492 1669; x_wconf 87' lang='lat' dir='ltr'>ut</span> <span class='ocrx_word' id='word_1_136' title='bbox 510 1622 726 1669; x_wconf 87' lang='lat' dir='ltr'>astronomorum</span> <span class='ocrx_word' id='word_1_137' title='bbox 745 1612 854 1682; x_wconf 91' lang='lat' dir='ltr'>plurimi</span> <span class='ocrx_word' id='word_1_138' title='bbox 873 1628 917 1668; x_wconf 88' lang='lat' dir='ltr'>res</span> <span class='ocrx_word' id='word_1_139' title='bbox 936 1632 953 1669; x_wconf 94' lang='lat' dir='ltr'>a</span> <span class='ocrx_word' id='word_1_140' title='bbox 972 1630 1075 1669; x_wconf 90' lang='lat' dir='ltr'>summo</span> <span class='ocrx_word' id='word_1_141' title='bbox 1094 1615 1151 1668; x_wconf 91' lang='lat' dir='ltr'>viro</span> <span class='ocrx_word' id='word_1_142' title='bbox 1171 1618 1340 1685; x_wconf 84' lang='lat' dir='ltr'>excogitatas</span> <span class='ocrx_word' id='word_1_143' title='bbox 1357 1627 1386 1673; x_wconf 89' lang='lat' dir='ltr'>et</span> <span class='ocrx_word' id='word_1_144' title='bbox 1404 1620 1546 1689; x_wconf 76' lang='lat' dir='ltr'>evigilatus</span> 
     </span>
     <span class='ocr_line' id='line_1_15' title="bbox 167 1702 1546 1776; baseline 0.007 -21"><span class='ocrx_word' id='word_1_145' title='bbox 167 1702 338 1765; x_wconf 77' lang='lat' dir='ltr'>aegerrima</span> <span class='ocrx_word' id='word_1_146' title='bbox 354 1702 443 1756; x_wconf 91' lang='lat' dir='ltr'>auimo</span> <span class='ocrx_word' id='word_1_147' title='bbox 462 1708 675 1771; x_wconf 81' lang='lat' dir='ltr'>assequerentur</span> <span class='ocrx_word' id='word_1_148' title='bbox 699 1710 747 1755; x_wconf 90' lang='lat' dir='ltr'>ant</span> <span class='ocrx_word' id='word_1_149' title='bbox 770 1703 797 1755; x_wconf 93' lang='lat' dir='ltr'>in</span> <span class='ocrx_word' id='word_1_150' title='bbox 823 1716 901 1755; x_wconf 91' lang='lat' dir='ltr'>nsum</span> <span class='ocrx_word' id='word_1_151' title='bbox 926 1716 1005 1755; x_wconf 90' lang='lat' dir='ltr'>sunm</span> <span class='ocrx_word' id='word_1_152' title='bbox 1029 1709 1225 1759; x_wconf 89' lang='lat' dir='ltr'>converterent.</span> <span class='ocrx_word' id='word_1_153' title='bbox 1258 1706 1437 1776; x_wconf 89' lang='lat' dir='ltr'>Philosophia</span> <span class='ocrx_word' id='word_1_154' title='bbox 1454 1716 1546 1765; x_wconf 68' lang='lat' dir='ltr'>numm</span> 
     </span>
     <span class='ocr_line' id='line_1_16' title="bbox 171 1784 1546 1857; baseline 0.012 -20"><span class='ocrx_word' id='word_1_155' title='bbox 171 1784 378 1857; x_wconf 75' lang='lat' dir='ltr'>Aristotelica,</span> <span class='ocrx_word' id='word_1_156' title='bbox 406 1806 460 1857; x_wconf 85' lang='lat' dir='ltr'>qrra</span> <span class='ocrx_word' id='word_1_157' title='bbox 483 1790 569 1844; x_wconf 78' lang='lat' dir='ltr'>corrruis</span> <span class='ocrx_word' id='word_1_158' title='bbox 587 1798 653 1843; x_wconf 90' lang='lat' dir='ltr'>tnnc</span> <span class='ocrx_word' id='word_1_159' title='bbox 671 1788 795 1843; x_wconf 88' lang='lat' dir='ltr'>doctrina</span> <span class='ocrx_word' id='word_1_160' title='bbox 813 1787 1016 1857; x_wconf 84' lang='lat' dir='ltr'>continebatur,</span> <span class='ocrx_word' id='word_1_161' title='bbox 1043 1805 1104 1843; x_wconf 88' lang='lat' dir='ltr'>enm</span> <span class='ocrx_word' id='word_1_162' title='bbox 1122 1790 1223 1846; x_wconf 87' lang='lat' dir='ltr'>Terrae</span> <span class='ocrx_word' id='word_1_163' title='bbox 1241 1800 1344 1847; x_wconf 90' lang='lat' dir='ltr'>motum</span> <span class='ocrx_word' id='word_1_164' title='bbox 1362 1797 1460 1851; x_wconf 89' lang='lat' dir='ltr'>rationi</span> <span class='ocrx_word' id='word_1_165' title='bbox 1478 1814 1546 1853; x_wconf 86' lang='lat' dir='ltr'>suae</span> 
     </span>
     <span class='ocr_line' id='line_1_17' title="bbox 174 1874 1544 1949; baseline 0.013 -26"><span class='ocrx_word' id='word_1_166' title='bbox 174 1877 393 1931; x_wconf 82' lang='lat' dir='ltr'>accommodare</span> <span class='ocrx_word' id='word_1_167' title='bbox 411 1896 464 1932; x_wconf 80' lang='lat' dir='ltr'>neon</span> <span class='ocrx_word' id='word_1_168' title='bbox 483 1884 587 1945; x_wconf 90' lang='lat' dir='ltr'>posset,</span> <span class='ocrx_word' id='word_1_169' title='bbox 607 1892 713 1931; x_wconf 88' lang='lat' dir='ltr'>errores</span> <span class='ocrx_word' id='word_1_170' title='bbox 732 1874 837 1931; x_wconf 88' lang='lat' dir='ltr'>scilicet</span> <span class='ocrx_word' id='word_1_171' title='bbox 850 1874 1044 1943; x_wconf 73' lang='lat' dir='ltr'>Pytlraeoricos</span> <span class='ocrx_word' id='word_1_172' title='bbox 1062 1878 1232 1946; x_wconf 87' lang='lat' dir='ltr'>repudiabat,</span> <span class='ocrx_word' id='word_1_173' title='bbox 1251 1882 1430 1949; x_wconf 77' lang='lat' dir='ltr'>Cripcrnicum</span> <span class='ocrx_word' id='word_1_174' title='bbox 1449 1886 1544 1941; x_wconf 85' lang='lat' dir='ltr'>cedern</span> 
     </span>
     <span class='ocr_line' id='line_1_18' title="bbox 178 1958 1543 2041; baseline 0.011 -27"><span class='ocrx_word' id='word_1_175' title='bbox 178 1958 247 2014; x_wconf 83' lang='lat' dir='ltr'>loco</span> <span class='ocrx_word' id='word_1_176' title='bbox 273 1964 376 2021; x_wconf 88' lang='lat' dir='ltr'>babens</span> <span class='ocrx_word' id='word_1_177' title='bbox 400 1982 454 2034; x_wconf 93' lang='lat' dir='ltr'>quo</span> <span class='ocrx_word' id='word_1_178' title='bbox 478 1966 682 2033; x_wconf 81' lang='lat' dir='ltr'>Pytlragoraeos</span> <span class='ocrx_word' id='word_1_179' title='bbox 710 1962 911 2032; x_wconf 83' lang='lat' dir='ltr'>Aristarchum,</span> <span class='ocrx_word' id='word_1_180' title='bbox 941 1963 1109 2031; x_wconf 86' lang='lat' dir='ltr'>Philolaum,</span> <span class='ocrx_word' id='word_1_181' title='bbox 1140 1966 1328 2032; x_wconf 84' lang='lat' dir='ltr'>Heraclidem,</span> <span class='ocrx_word' id='word_1_182' title='bbox 1361 1972 1543 2041; x_wconf 84' lang='lat' dir='ltr'>Ecphouturn,</span> 
     </span>
     <span class='ocr_line' id='line_1_19' title="bbox 183 2046 1543 2129; baseline 0.005 -19"><span class='ocrx_word' id='word_1_183' title='bbox 183 2046 286 2109; x_wconf 78' lang='lat' dir='ltr'>auibus</span> <span class='ocrx_word' id='word_1_184' title='bbox 304 2052 423 2121; x_wconf 88' lang='lat' dir='ltr'>quidem,</span> <span class='ocrx_word' id='word_1_185' title='bbox 443 2054 565 2121; x_wconf 88' lang='lat' dir='ltr'>quamvis</span> <span class='ocrx_word' id='word_1_186' title='bbox 584 2069 641 2107; x_wconf 88' lang='lat' dir='ltr'>rem</span> <span class='ocrx_word' id='word_1_187' title='bbox 660 2052 778 2106; x_wconf 90' lang='lat' dir='ltr'>noudum</span> <span class='ocrx_word' id='word_1_188' title='bbox 798 2056 856 2106; x_wconf 90' lang='lat' dir='ltr'>arte</span> <span class='ocrx_word' id='word_1_189' title='bbox 874 2050 1101 2107; x_wconf 88' lang='lat' dir='ltr'>concludentibus</span> <span class='ocrx_word' id='word_1_190' title='bbox 1120 2063 1168 2107; x_wconf 93' lang='lat' dir='ltr'>aut</span> <span class='ocrx_word' id='word_1_191' title='bbox 1187 2054 1409 2127; x_wconf 86' lang='lat' dir='ltr'>explanantibus,</span> <span class='ocrx_word' id='word_1_192' title='bbox 1429 2060 1543 2129; x_wconf 88' lang='lat' dir='ltr'>primam</span> 
     </span>
     <span class='ocr_line' id='line_1_20' title="bbox 190 2138 1544 2214; baseline 0.016 -32"><span class='ocrx_word' id='word_1_193' title='bbox 190 2148 256 2191; x_wconf 67' lang='lat' dir='ltr'>susae</span> <span class='ocrx_word' id='word_1_194' title='bbox 272 2140 385 2193; x_wconf 88' lang='lat' dir='ltr'>rationis</span> <span class='ocrx_word' id='word_1_195' title='bbox 404 2140 594 2208; x_wconf 74' lang='lat' dir='ltr'>cogitationem</span> <span class='ocrx_word' id='word_1_196' title='bbox 614 2140 703 2194; x_wconf 91' lang='lat' dir='ltr'>auimo</span> <span class='ocrx_word' id='word_1_197' title='bbox 721 2140 851 2205; x_wconf 87' lang='lat' dir='ltr'>injectam</span> <span class='ocrx_word' id='word_1_198' title='bbox 869 2153 899 2193; x_wconf 89' lang='lat' dir='ltr'>se</span> <span class='ocrx_word' id='word_1_199' title='bbox 918 2138 1016 2193; x_wconf 87' lang='lat' dir='ltr'>debere</span> <span class='ocrx_word' id='word_1_200' title='bbox 1035 2141 1202 2208; x_wconf 77' lang='lat' dir='ltr'>eopernicus</span> <span class='ocrx_word' id='word_1_201' title='bbox 1219 2158 1274 2197; x_wconf 93' lang='lat' dir='ltr'>nou</span> <span class='ocrx_word' id='word_1_202' title='bbox 1294 2146 1411 2214; x_wconf 75' lang='lat' dir='ltr'>augessit.</span> <span class='ocrx_word' id='word_1_203' title='bbox 1453 2148 1544 2204; x_wconf 85' lang='lat' dir='ltr'>Etiam</span> 
     </span>
     <span class='ocr_line' id='line_1_21' title="bbox 194 2225 1544 2299; baseline 0.006 -15"><span class='ocrx_word' id='word_1_204' title='bbox 194 2235 259 2283; x_wconf 81' lang='lat' dir='ltr'>auae</span> <span class='ocrx_word' id='word_1_205' title='bbox 275 2243 370 2283; x_wconf 82' lang='lat' dir='ltr'>marnca</span> <span class='ocrx_word' id='word_1_206' title='bbox 387 2228 494 2281; x_wconf 89' lang='lat' dir='ltr'>inerant</span> <span class='ocrx_word' id='word_1_207' title='bbox 506 2228 707 2295; x_wconf 78' lang='lat' dir='ltr'>ttoperuicanac</span> <span class='ocrx_word' id='word_1_208' title='bbox 719 2225 832 2293; x_wconf 92' lang='lat' dir='ltr'>rationi,</span> <span class='ocrx_word' id='word_1_209' title='bbox 852 2226 926 2281; x_wconf 90' lang='lat' dir='ltr'>haud</span> <span class='ocrx_word' id='word_1_210' title='bbox 944 2227 1000 2281; x_wconf 87' lang='lat' dir='ltr'>scio</span> <span class='ocrx_word' id='word_1_211' title='bbox 1019 2243 1053 2280; x_wconf 90' lang='lat' dir='ltr'>an</span> <span class='ocrx_word' id='word_1_212' title='bbox 1073 2244 1127 2296; x_wconf 91' lang='lat' dir='ltr'>qno</span> <span class='ocrx_word' id='word_1_213' title='bbox 1148 2230 1237 2283; x_wconf 90' lang='lat' dir='ltr'>rninus</span> <span class='ocrx_word' id='word_1_214' title='bbox 1255 2229 1413 2299; x_wconf 78' lang='lat' dir='ltr'>v·olgaretur</span> <span class='ocrx_word' id='word_1_215' title='bbox 1430 2236 1544 2291; x_wconf 89' lang='lat' dir='ltr'>obstite-</span> 
     </span>
     <span class='ocr_line' id='line_1_22' title="bbox 195 2306 1544 2394; baseline 0.012 -29"><span class='ocrx_word' id='word_1_216' title='bbox 195 2306 250 2365; x_wconf 75' lang='lat' dir='ltr'>rint</span> <span class='ocrx_word' id='word_1_217' title='bbox 278 2316 346 2369; x_wconf 83' lang='lat' dir='ltr'>liam</span> <span class='ocrx_word' id='word_1_218' title='bbox 365 2331 436 2383; x_wconf 71' lang='lat' dir='ltr'>spirae</span> <span class='ocrx_word' id='word_1_219' title='bbox 454 2315 503 2368; x_wconf 86' lang='lat' dir='ltr'>siri</span> <span class='ocrx_word' id='word_1_220' title='bbox 520 2322 611 2369; x_wconf 84' lang='lat' dir='ltr'>aetate</span> <span class='ocrx_word' id='word_1_221' title='bbox 630 2314 784 2383; x_wconf 88' lang='lat' dir='ltr'>superiores</span> <span class='ocrx_word' id='word_1_222' title='bbox 803 2319 831 2367; x_wconf 89' lang='lat' dir='ltr'>et</span> <span class='ocrx_word' id='word_1_223' title='bbox 843 2314 1010 2381; x_wconf 88' lang='lat' dir='ltr'>Copernicus</span> <span class='ocrx_word' id='word_1_224' title='bbox 1027 2316 1088 2384; x_wconf 91' lang='lat' dir='ltr'>ipse</span> <span class='ocrx_word' id='word_1_225' title='bbox 1110 2315 1321 2372; x_wconf 86' lang='lat' dir='ltr'>observaverant</span> <span class='ocrx_word' id='word_1_226' title='bbox 1338 2322 1544 2394; x_wconf 88' lang='lat' dir='ltr'>rationibusque</span> 
     </span>
     <span class='ocr_line' id='line_1_23' title="bbox 197 2394 1544 2467; baseline 0.009 -12"><span class='ocrx_word' id='word_1_227' title='bbox 197 2394 309 2459; x_wconf 78' lang='lat' dir='ltr'>locandis</span> <span class='ocrx_word' id='word_1_228' title='bbox 331 2412 360 2458; x_wconf 88' lang='lat' dir='ltr'>et</span> <span class='ocrx_word' id='word_1_229' title='bbox 384 2403 567 2459; x_wconf 86' lang='lat' dir='ltr'>subducendis</span> <span class='ocrx_word' id='word_1_230' title='bbox 591 2400 706 2457; x_wconf 79' lang='lat' dir='ltr'>dionensi</span> <span class='ocrx_word' id='word_1_231' title='bbox 729 2408 821 2466; x_wconf 91' lang='lat' dir='ltr'>erant,</span> <span class='ocrx_word' id='word_1_232' title='bbox 845 2416 905 2455; x_wconf 90' lang='lat' dir='ltr'>cum</span> <span class='ocrx_word' id='word_1_233' title='bbox 932 2402 1072 2455; x_wconf 90' lang='lat' dir='ltr'>meliorum</span> <span class='ocrx_word' id='word_1_234' title='bbox 1100 2402 1342 2461; x_wconf 87' lang='lat' dir='ltr'>instrumentorum</span> <span class='ocrx_word' id='word_1_235' title='bbox 1368 2424 1421 2463; x_wconf 91' lang='lat' dir='ltr'>usu</span> <span class='ocrx_word' id='word_1_236' title='bbox 1451 2419 1544 2467; x_wconf 86' lang='lat' dir='ltr'>essent</span> 
     </span>
     <span class='ocr_line' id='line_1_24' title="bbox 195 2480 1541 2569; baseline 0.011 -28"><span class='ocrx_word' id='word_1_237' title='bbox 195 2480 316 2557; x_wconf 77' lang='lat' dir='ltr'>desituri,</span> <span class='ocrx_word' id='word_1_238' title='bbox 336 2492 425 2546; x_wconf 90' lang='lat' dir='ltr'>minus</span> <span class='ocrx_word' id='word_1_239' title='bbox 443 2496 522 2545; x_wconf 85' lang='lat' dir='ltr'>crant</span> <span class='ocrx_word' id='word_1_240' title='bbox 540 2498 645 2555; x_wconf 81' lang='lat' dir='ltr'>exacta,</span> <span class='ocrx_word' id='word_1_241' title='bbox 664 2506 746 2557; x_wconf 90' lang='lat' dir='ltr'>qnam</span> <span class='ocrx_word' id='word_1_242' title='bbox 764 2488 864 2557; x_wconf 88' lang='lat' dir='ltr'>quibus</span> <span class='ocrx_word' id='word_1_243' title='bbox 883 2489 1033 2558; x_wconf 88' lang='lat' dir='ltr'>probabilis</span> <span class='ocrx_word' id='word_1_244' title='bbox 1046 2493 1244 2559; x_wconf 80' lang='lat' dir='ltr'>argumentatio</span> <span class='ocrx_word' id='word_1_245' title='bbox 1263 2497 1416 2563; x_wconf 86' lang='lat' dir='ltr'>superstrui</span> <span class='ocrx_word' id='word_1_246' title='bbox 1433 2507 1541 2569; x_wconf 88' lang='lat' dir='ltr'>posset;</span> 
     </span>
     <span class='ocr_line' id='line_1_25' title="bbox 193 2574 1544 2659; baseline 0.007 -28"><span class='ocrx_word' id='word_1_247' title='bbox 193 2578 273 2641; x_wconf 69' lang='lat' dir='ltr'>equi?</span> <span class='ocrx_word' id='word_1_248' title='bbox 290 2595 319 2635; x_wconf 87' lang='lat' dir='ltr'>re</span> <span class='ocrx_word' id='word_1_249' title='bbox 337 2578 492 2635; x_wconf 87' lang='lat' dir='ltr'>accuratius</span> <span class='ocrx_word' id='word_1_250' title='bbox 510 2576 696 2639; x_wconf 85' lang='lat' dir='ltr'>considerata,</span> <span class='ocrx_word' id='word_1_251' title='bbox 715 2574 809 2637; x_wconf 83' lang='lat' dir='ltr'>malta,</span> <span class='ocrx_word' id='word_1_252' title='bbox 828 2593 913 2645; x_wconf 89' lang='lat' dir='ltr'>quum</span> <span class='ocrx_word' id='word_1_253' title='bbox 932 2577 1094 2632; x_wconf 86' lang='lat' dir='ltr'>accessisset</span> <span class='ocrx_word' id='word_1_254' title='bbox 1105 2594 1171 2633; x_wconf 91' lang='lat' dir='ltr'>usus</span> <span class='ocrx_word' id='word_1_255' title='bbox 1183 2580 1338 2651; x_wconf 82' lang='lat' dir='ltr'>perfectior,</span> <span class='ocrx_word' id='word_1_256' title='bbox 1357 2599 1450 2640; x_wconf 88' lang='lat' dir='ltr'>avaro</span> <span class='ocrx_word' id='word_1_257' title='bbox 1462 2584 1544 2659; x_wconf 71' lang='lat' dir='ltr'>longe</span> 
     </span>
     <span class='ocr_line' id='line_1_26' title="bbox 190 2664 1542 2741; baseline 0.008 -22"><span class='ocrx_word' id='word_1_258' title='bbox 190 2664 328 2723; x_wconf 67' lang='lat' dir='ltr'>eierasse</span> <span class='ocrx_word' id='word_1_259' title='bbox 345 2667 482 2736; x_wconf 90' lang='lat' dir='ltr'>apparuit.</span> <span class='ocrx_word' id='word_1_260' title='bbox 521 2666 643 2733; x_wconf 83' lang='lat' dir='ltr'>lienique</span> <span class='ocrx_word' id='word_1_261' title='bbox 661 2679 732 2718; x_wconf 90' lang='lat' dir='ltr'>nova</span> <span class='ocrx_word' id='word_1_262' title='bbox 753 2680 862 2733; x_wconf 90' lang='lat' dir='ltr'>quoque</span> <span class='ocrx_word' id='word_1_263' title='bbox 884 2664 953 2719; x_wconf 91' lang='lat' dir='ltr'>ratio</span> <span class='ocrx_word' id='word_1_264' title='bbox 971 2664 1084 2731; x_wconf 89' lang='lat' dir='ltr'>habuit,</span> <span class='ocrx_word' id='word_1_265' title='bbox 1112 2682 1183 2734; x_wconf 77' lang='lat' dir='ltr'>operae</span> <span class='ocrx_word' id='word_1_266' title='bbox 1208 2683 1299 2723; x_wconf 90' lang='lat' dir='ltr'>secum</span> <span class='ocrx_word' id='word_1_267' title='bbox 1318 2674 1468 2741; x_wconf 77' lang='lat' dir='ltr'>pugnantia</span> <span class='ocrx_word' id='word_1_268' title='bbox 1486 2691 1542 2735; x_wconf 90' lang='lat' dir='ltr'>non</span> 
     </span>
     <span class='ocr_line' id='line_1_27' title="bbox 186 2746 1542 2828; baseline 0.009 -21"><span class='ocrx_word' id='word_1_269' title='bbox 186 2746 322 2811; x_wconf 79' lang='lat' dir='ltr'>dirimeret</span> <span class='ocrx_word' id='word_1_270' title='bbox 340 2770 466 2823; x_wconf 88' lang='lat' dir='ltr'>quaeque</span> <span class='ocrx_word' id='word_1_271' title='bbox 484 2753 642 2807; x_wconf 89' lang='lat' dir='ltr'>obscuriora</span> <span class='ocrx_word' id='word_1_272' title='bbox 660 2768 715 2806; x_wconf 93' lang='lat' dir='ltr'>non</span> <span class='ocrx_word' id='word_1_273' title='bbox 739 2750 897 2806; x_wconf 89' lang='lat' dir='ltr'>illustraret.</span> <span class='ocrx_word' id='word_1_274' title='bbox 936 2752 1209 2821; x_wconf 60' lang='lat' dir='ltr'>,Inaequalitatibust</span> <span class='ocrx_word' id='word_1_275' title='bbox 1237 2756 1308 2809; x_wconf 89' lang='lat' dir='ltr'>enim</span> <span class='ocrx_word' id='word_1_276' title='bbox 1326 2760 1353 2812; x_wconf 92' lang='lat' dir='ltr'>in</span> <span class='ocrx_word' id='word_1_277' title='bbox 1371 2760 1542 2828; x_wconf 88' lang='lat' dir='ltr'>planetarum</span> 
     </span>
     <span class='ocr_line' id='line_1_28' title="bbox 185 2838 1540 2921; baseline 0.007 -26"><span class='ocrx_word' id='word_1_278' title='bbox 185 2846 263 2897; x_wconf 73' lang='lat' dir='ltr'>raom</span> <span class='ocrx_word' id='word_1_279' title='bbox 280 2852 309 2897; x_wconf 92' lang='lat' dir='ltr'>ut</span> <span class='ocrx_word' id='word_1_280' title='bbox 327 2842 399 2897; x_wconf 89' lang='lat' dir='ltr'>nodo</span> <span class='ocrx_word' id='word_1_281' title='bbox 418 2839 603 2909; x_wconf 84' lang='lat' dir='ltr'>inexplicabili</span> <span class='ocrx_word' id='word_1_282' title='bbox 617 2839 783 2908; x_wconf 84' lang='lat' dir='ltr'>t&#39;opernicns</span> <span class='ocrx_word' id='word_1_283' title='bbox 803 2838 932 2909; x_wconf 81' lang='lat' dir='ltr'>expeoiro</span> <span class='ocrx_word' id='word_1_284' title='bbox 950 2854 981 2895; x_wconf 88' lang='lat' dir='ltr'>sc</span> <span class='ocrx_word' id='word_1_285' title='bbox 998 2840 1150 2909; x_wconf 88' lang='lat' dir='ltr'>nesciebat;</span> <span class='ocrx_word' id='word_1_286' title='bbox 1170 2858 1223 2910; x_wconf 90' lang='lat' dir='ltr'>qua</span> <span class='ocrx_word' id='word_1_287' title='bbox 1241 2844 1350 2913; x_wconf 90' lang='lat' dir='ltr'>quidem</span> <span class='ocrx_word' id='word_1_288' title='bbox 1370 2847 1540 2921; x_wconf 83' lang='lat' dir='ltr'>difficultate,</span> 
     </span>
     <span class='ocr_line' id='line_1_29' title="bbox 182 2924 1543 3001; baseline 0.01 -21"><span class='ocrx_word' id='word_1_289' title='bbox 182 2930 241 2983; x_wconf 72' lang='lat' dir='ltr'>taisi</span> <span class='ocrx_word' id='word_1_290' title='bbox 257 2946 332 2983; x_wconf 86' lang='lat' dir='ltr'>suoru</span> <span class='ocrx_word' id='word_1_291' title='bbox 352 2932 483 2983; x_wconf 87' lang='lat' dir='ltr'>rationem</span> <span class='ocrx_word' id='word_1_292' title='bbox 503 2936 564 2995; x_wconf 68' lang='lat' dir='ltr'>preat</span> <span class='ocrx_word' id='word_1_293' title='bbox 584 2927 776 2981; x_wconf 78' lang='lat' dir='ltr'>l&#39;tolemaicam</span> <span class='ocrx_word' id='word_1_294' title='bbox 793 2926 910 2994; x_wconf 92' lang='lat' dir='ltr'>relinqui</span> <span class='ocrx_word' id='word_1_295' title='bbox 929 2924 1018 2989; x_wconf 89' lang='lat' dir='ltr'>vellet,</span> <span class='ocrx_word' id='word_1_296' title='bbox 1037 2926 1101 2993; x_wconf 86' lang='lat' dir='ltr'>quia</span> <span class='ocrx_word' id='word_1_297' title='bbox 1119 2928 1242 2995; x_wconf 76' lang='lat' dir='ltr'>expiediri</span> <span class='ocrx_word' id='word_1_298' title='bbox 1259 2946 1373 2988; x_wconf 87' lang='lat' dir='ltr'>neccsse</span> <span class='ocrx_word' id='word_1_299' title='bbox 1387 2942 1453 3001; x_wconf 88' lang='lat' dir='ltr'>erat,</span> <span class='ocrx_word' id='word_1_300' title='bbox 1473 2938 1543 2993; x_wconf 90' lang='lat' dir='ltr'>hanc</span> 
     </span>
     <span class='ocr_line' id='line_1_30' title="bbox 181 3015 1543 3085; baseline 0.009 -16"><span class='ocrx_word' id='word_1_301' title='bbox 181 3024 266 3071; x_wconf 70' lang='lat' dir='ltr'>troam</span> <span class='ocrx_word' id='word_1_302' title='bbox 284 3020 352 3072; x_wconf 88' lang='lat' dir='ltr'>viam</span> <span class='ocrx_word' id='word_1_303' title='bbox 372 3018 489 3081; x_wconf 80' lang='lat' dir='ltr'>invenit,</span> <span class='ocrx_word' id='word_1_304' title='bbox 508 3025 537 3070; x_wconf 90' lang='lat' dir='ltr'>ut</span> <span class='ocrx_word' id='word_1_305' title='bbox 557 3015 741 3069; x_wconf 82' lang='lat' dir='ltr'>l&#39;tolemaenm</span> <span class='ocrx_word' id='word_1_306' title='bbox 760 3016 850 3084; x_wconf 88' lang='lat' dir='ltr'>ipsum</span> <span class='ocrx_word' id='word_1_307' title='bbox 869 3020 980 3070; x_wconf 90' lang='lat' dir='ltr'>secutus</span> <span class='ocrx_word' id='word_1_308' title='bbox 1005 3022 1144 3069; x_wconf 86' lang='lat' dir='ltr'>auctorem</span> <span class='ocrx_word' id='word_1_309' title='bbox 1167 3016 1291 3085; x_wconf 88' lang='lat' dir='ltr'>planetas</span> <span class='ocrx_word' id='word_1_310' title='bbox 1310 3024 1473 3079; x_wconf 82' lang='lat' dir='ltr'>excentricis</span> <span class='ocrx_word' id='word_1_311' title='bbox 1491 3026 1543 3081; x_wconf 91' lang='lat' dir='ltr'>cir·</span> 
     </span>
     <span class='ocr_line' id='line_1_31' title="bbox 176 3099 1542 3179; baseline 0.009 -22"><span class='ocrx_word' id='word_1_312' title='bbox 176 3104 253 3157; x_wconf 65' lang='lat' dir='ltr'>nolis</span> <span class='ocrx_word' id='word_1_313' title='bbox 266 3115 293 3158; x_wconf 90' lang='lat' dir='ltr'>ct</span> <span class='ocrx_word' id='word_1_314' title='bbox 306 3105 433 3174; x_wconf 89' lang='lat' dir='ltr'>epicyclis</span> <span class='ocrx_word' id='word_1_315' title='bbox 447 3106 526 3157; x_wconf 86' lang='lat' dir='ltr'>orbes</span> <span class='ocrx_word' id='word_1_316' title='bbox 542 3118 606 3157; x_wconf 85' lang='lat' dir='ltr'>snos</span> <span class='ocrx_word' id='word_1_317' title='bbox 619 3102 726 3157; x_wconf 72' lang='lat' dir='ltr'>scrivere</span> <span class='ocrx_word' id='word_1_318' title='bbox 740 3102 851 3157; x_wconf 90' lang='lat' dir='ltr'>diceret.</span> <span class='ocrx_word' id='word_1_319' title='bbox 878 3100 938 3167; x_wconf 76' lang='lat' dir='ltr'>Quo</span> <span class='ocrx_word' id='word_1_320' title='bbox 952 3099 1025 3154; x_wconf 86' lang='lat' dir='ltr'>facto</span> <span class='ocrx_word' id='word_1_321' title='bbox 1038 3102 1164 3167; x_wconf 76' lang='lat' dir='ltr'>quosnam</span> <span class='ocrx_word' id='word_1_322' title='bbox 1183 3114 1292 3173; x_wconf 88' lang='lat' dir='ltr'>praeter</span> <span class='ocrx_word' id='word_1_323' title='bbox 1304 3124 1382 3179; x_wconf 88' lang='lat' dir='ltr'>nova,</span> <span class='ocrx_word' id='word_1_324' title='bbox 1401 3110 1542 3169; x_wconf 90' lang='lat' dir='ltr'>oculorum</span> 
     </span>
     <span class='ocr_line' id='line_1_32' title="bbox 169 3184 1541 3261; baseline 0.01 -18"><span class='ocrx_word' id='word_1_325' title='bbox 169 3184 284 3247; x_wconf 80' lang='lat' dir='ltr'>julleio</span> <span class='ocrx_word' id='word_1_326' title='bbox 302 3192 496 3261; x_wconf 76' lang='lat' dir='ltr'>repugnantia.</span> <span class='ocrx_word' id='word_1_327' title='bbox 519 3190 601 3245; x_wconf 90' lang='lat' dir='ltr'>etiam</span> <span class='ocrx_word' id='word_1_328' title='bbox 625 3191 729 3259; x_wconf 88' lang='lat' dir='ltr'>priora,</span> <span class='ocrx_word' id='word_1_329' title='bbox 754 3188 802 3243; x_wconf 88' lang='lat' dir='ltr'>scd</span> <span class='ocrx_word' id='word_1_330' title='bbox 828 3188 922 3243; x_wconf 88' lang='lat' dir='ltr'>eadem</span> <span class='ocrx_word' id='word_1_331' title='bbox 945 3188 1003 3256; x_wconf 89' lang='lat' dir='ltr'>jam</span> <span class='ocrx_word' id='word_1_332' title='bbox 1027 3188 1168 3245; x_wconf 88' lang='lat' dir='ltr'>intellectu</span> <span class='ocrx_word' id='word_1_333' title='bbox 1191 3192 1345 3251; x_wconf 78' lang='lat' dir='ltr'>difficiliora</span> <span class='ocrx_word' id='word_1_334' title='bbox 1363 3197 1391 3251; x_wconf 93' lang='lat' dir='ltr'>in</span> <span class='ocrx_word' id='word_1_335' title='bbox 1410 3201 1541 3257; x_wconf 85' lang='lat' dir='ltr'>auxilinm</span> 
     </span>
     <span class='ocr_line' id='line_1_33' title="bbox 179 3275 1541 3347; baseline 0.013 -20"><span class='ocrx_word' id='word_1_336' title='bbox 179 3280 303 3335; x_wconf 81' lang='lat' dir='ltr'>vocanda</span> <span class='ocrx_word' id='word_1_337' title='bbox 315 3290 403 3347; x_wconf 88' lang='lat' dir='ltr'>erant,</span> <span class='ocrx_word' id='word_1_338' title='bbox 422 3280 449 3333; x_wconf 91' lang='lat' dir='ltr'>in</span> <span class='ocrx_word' id='word_1_339' title='bbox 462 3277 504 3335; x_wconf 90' lang='lat' dir='ltr'>his</span> <span class='ocrx_word' id='word_1_340' title='bbox 517 3279 582 3331; x_wconf 88' lang='lat' dir='ltr'>solis</span> <span class='ocrx_word' id='word_1_341' title='bbox 595 3280 769 3345; x_wconf 85' lang='lat' dir='ltr'>acquiescere</span> <span class='ocrx_word' id='word_1_342' title='bbox 789 3275 925 3330; x_wconf 87' lang='lat' dir='ltr'>malebant</span> <span class='ocrx_word' id='word_1_343' title='bbox 943 3283 970 3328; x_wconf 89' lang='lat' dir='ltr'>ct</span> <span class='ocrx_word' id='word_1_344' title='bbox 988 3291 1090 3329; x_wconf 90' lang='lat' dir='ltr'>morem</span> <span class='ocrx_word' id='word_1_345' title='bbox 1114 3279 1263 3347; x_wconf 79' lang='lat' dir='ltr'>anitiquitus</span> <span class='ocrx_word' id='word_1_346' title='bbox 1281 3284 1411 3338; x_wconf 83' lang='lat' dir='ltr'>travlitnm</span> <span class='ocrx_word' id='word_1_347' title='bbox 1424 3302 1541 3345; x_wconf 85' lang='lat' dir='ltr'>serrare.</span> 
     </span>
     <span class='ocr_line' id='line_1_34' title="bbox 288 3364 1538 3439; baseline 0.007 -17"><span class='ocrx_word' id='word_1_348' title='bbox 288 3370 363 3423; x_wconf 87' lang='lat' dir='ltr'>llaec</span> <span class='ocrx_word' id='word_1_349' title='bbox 381 3367 408 3421; x_wconf 93' lang='lat' dir='ltr'>in</span> <span class='ocrx_word' id='word_1_350' title='bbox 426 3382 510 3422; x_wconf 90' lang='lat' dir='ltr'>causa</span> <span class='ocrx_word' id='word_1_351' title='bbox 528 3366 612 3419; x_wconf 82' lang='lat' dir='ltr'>fuisse</span> <span class='ocrx_word' id='word_1_352' title='bbox 631 3364 769 3430; x_wconf 90' lang='lat' dir='ltr'>videntur,</span> <span class='ocrx_word' id='word_1_353' title='bbox 794 3372 824 3419; x_wconf 93' lang='lat' dir='ltr'>nt</span> <span class='ocrx_word' id='word_1_354' title='bbox 842 3364 1054 3431; x_wconf 87' lang='lat' dir='ltr'>Copemicanam</span> <span class='ocrx_word' id='word_1_355' title='bbox 1073 3366 1205 3420; x_wconf 90' lang='lat' dir='ltr'>rationem</span> <span class='ocrx_word' id='word_1_356' title='bbox 1224 3370 1302 3423; x_wconf 89' lang='lat' dir='ltr'>multi</span> <span class='ocrx_word' id='word_1_357' title='bbox 1321 3372 1430 3439; x_wconf 89' lang='lat' dir='ltr'>quidem</span> <span class='ocrx_word' id='word_1_358' title='bbox 1448 3390 1538 3431; x_wconf 79' lang='lat' dir='ltr'>vemm</span> 
     </span>
    </p>

    <p class='ocr_par' dir='ltr' id='par_1_3' title="bbox 182 3452 1540 4931">
     <span class='ocr_line' id='line_1_35' title="bbox 182 3452 1540 3522; baseline 0.01 -17"><span class='ocrx_word' id='word_1_359' title='bbox 182 3467 246 3509; x_wconf 62' lang='lat' dir='ltr'>esse</span> <span class='ocrx_word' id='word_1_360' title='bbox 261 3455 452 3522; x_wconf 68' lang='lat' dir='ltr'>intelligerent,</span> <span class='ocrx_word' id='word_1_361' title='bbox 471 3470 529 3508; x_wconf 90' lang='lat' dir='ltr'>cam</span> <span class='ocrx_word' id='word_1_362' title='bbox 549 3468 612 3507; x_wconf 84' lang='lat' dir='ltr'>sero</span> <span class='ocrx_word' id='word_1_363' title='bbox 631 3453 746 3521; x_wconf 88' lang='lat' dir='ltr'>probare</span> <span class='ocrx_word' id='word_1_364' title='bbox 765 3452 921 3507; x_wconf 89' lang='lat' dir='ltr'>dubitarent</span> <span class='ocrx_word' id='word_1_365' title='bbox 941 3464 1054 3519; x_wconf 84' lang='lat' dir='ltr'>eamque</span> <span class='ocrx_word' id='word_1_366' title='bbox 1073 3453 1153 3519; x_wconf 89' lang='lat' dir='ltr'>pauci</span> <span class='ocrx_word' id='word_1_367' title='bbox 1173 3454 1260 3508; x_wconf 89' lang='lat' dir='ltr'>secuti</span> <span class='ocrx_word' id='word_1_368' title='bbox 1285 3456 1347 3511; x_wconf 89' lang='lat' dir='ltr'>siut.</span> <span class='ocrx_word' id='word_1_369' title='bbox 1380 3460 1433 3514; x_wconf 92' lang='lat' dir='ltr'>Per</span> <span class='ocrx_word' id='word_1_370' title='bbox 1451 3468 1540 3517; x_wconf 90' lang='lat' dir='ltr'>totum</span> 
     </span>
     <span class='ocr_line' id='line_1_36' title="bbox 188 3536 1540 3609; baseline 0.011 -18"><span class='ocrx_word' id='word_1_371' title='bbox 188 3536 244 3593; x_wconf 75' lang='lat' dir='ltr'>fere</span> <span class='ocrx_word' id='word_1_372' title='bbox 259 3543 379 3597; x_wconf 89' lang='lat' dir='ltr'>seculum</span> <span class='ocrx_word' id='word_1_373' title='bbox 399 3542 473 3597; x_wconf 82' lang='lat' dir='ltr'>Xl&#39;l.</span> <span class='ocrx_word' id='word_1_374' title='bbox 490 3557 592 3609; x_wconf 89' lang='lat' dir='ltr'>pancos</span> <span class='ocrx_word' id='word_1_375' title='bbox 611 3541 762 3594; x_wconf 88' lang='lat' dir='ltr'>invenimus</span> <span class='ocrx_word' id='word_1_376' title='bbox 780 3545 965 3605; x_wconf 84' lang='lat' dir='ltr'>astronomos,</span> <span class='ocrx_word' id='word_1_377' title='bbox 985 3540 1031 3607; x_wconf 92' lang='lat' dir='ltr'>qui</span> <span class='ocrx_word' id='word_1_378' title='bbox 1049 3537 1133 3596; x_wconf 88' lang='lat' dir='ltr'>libere</span> <span class='ocrx_word' id='word_1_379' title='bbox 1151 3557 1212 3594; x_wconf 90' lang='lat' dir='ltr'>curn</span> <span class='ocrx_word' id='word_1_380' title='bbox 1231 3542 1278 3597; x_wconf 93' lang='lat' dir='ltr'>illo</span> <span class='ocrx_word' id='word_1_381' title='bbox 1296 3544 1354 3599; x_wconf 90' lang='lat' dir='ltr'>viro</span> <span class='ocrx_word' id='word_1_382' title='bbox 1372 3546 1462 3603; x_wconf 87' lang='lat' dir='ltr'>lacere</span> <span class='ocrx_word' id='word_1_383' title='bbox 1480 3552 1540 3607; x_wconf 79' lang='lat' dir='ltr'>arisi</span> 
     </span>
     <span class='ocr_line' id='line_1_37' title="bbox 187 3626 1539 3698; baseline 0.012 -19"><span class='ocrx_word' id='word_1_384' title='bbox 187 3636 256 3683; x_wconf 78' lang='lat' dir='ltr'>aare.</span> <span class='ocrx_word' id='word_1_385' title='bbox 291 3632 361 3685; x_wconf 77' lang='lat' dir='ltr'>Naro</span> <span class='ocrx_word' id='word_1_386' title='bbox 381 3646 442 3684; x_wconf 81' lang='lat' dir='ltr'>cerm</span> <span class='ocrx_word' id='word_1_387' title='bbox 461 3630 569 3698; x_wconf 91' lang='lat' dir='ltr'>plurimi</span> <span class='ocrx_word' id='word_1_388' title='bbox 587 3628 686 3693; x_wconf 75' lang='lat' dir='ltr'>ironeuii</span> <span class='ocrx_word' id='word_1_389' title='bbox 705 3626 777 3681; x_wconf 92' lang='lat' dir='ltr'>illius</span> <span class='ocrx_word' id='word_1_390' title='bbox 795 3642 909 3682; x_wconf 89' lang='lat' dir='ltr'>acumen</span> <span class='ocrx_word' id='word_1_391' title='bbox 927 3628 954 3681; x_wconf 91' lang='lat' dir='ltr'>in</span> <span class='ocrx_word' id='word_1_392' title='bbox 970 3629 1139 3697; x_wconf 85' lang='lat' dir='ltr'>colendoque</span> <span class='ocrx_word' id='word_1_393' title='bbox 1152 3631 1343 3687; x_wconf 89' lang='lat' dir='ltr'>mathematica</span> <span class='ocrx_word' id='word_1_394' title='bbox 1361 3636 1539 3695; x_wconf 89' lang='lat' dir='ltr'>subtilitatem</span> 
     </span>
     <span class='ocr_line' id='line_1_38' title="bbox 190 3710 1539 3784; baseline 0.01 -17"><span class='ocrx_word' id='word_1_395' title='bbox 190 3710 381 3772; x_wconf 72' lang='lat' dir='ltr'>admirarentur</span> <span class='ocrx_word' id='word_1_396' title='bbox 400 3716 536 3784; x_wconf 87' lang='lat' dir='ltr'>rebusque</span> <span class='ocrx_word' id='word_1_397' title='bbox 555 3717 589 3770; x_wconf 83' lang='lat' dir='ltr'>alo</span> <span class='ocrx_word' id='word_1_398' title='bbox 609 3732 641 3769; x_wconf 91' lang='lat' dir='ltr'>co</span> <span class='ocrx_word' id='word_1_399' title='bbox 660 3715 777 3768; x_wconf 85' lang='lat' dir='ltr'>inventis</span> <span class='ocrx_word' id='word_1_400' title='bbox 801 3722 952 3783; x_wconf 90' lang='lat' dir='ltr'>uterentur,</span> <span class='ocrx_word' id='word_1_401' title='bbox 971 3724 1081 3784; x_wconf 89' lang='lat' dir='ltr'>praeter</span> <span class='ocrx_word' id='word_1_402' title='bbox 1102 3718 1319 3773; x_wconf 57' lang='lat' dir='ltr'>,loachimum</span> <span class='ocrx_word' id='word_1_403' title='bbox 1337 3721 1539 3781; x_wconf 87' lang='lat' dir='ltr'>ltlraeticum</span> 
     </span>
     <span class='ocr_line' id='line_1_39' title="bbox 189 3800 1538 3880; baseline 0.019 -37"><span class='ocrx_word' id='word_1_404' title='bbox 189 3808 247 3856; x_wconf 82' lang='lat' dir='ltr'>avire</span> <span class='ocrx_word' id='word_1_405' title='bbox 259 3805 406 3875; x_wconf 86' lang='lat' dir='ltr'>lieplcrum</span> <span class='ocrx_word' id='word_1_406' title='bbox 419 3820 496 3858; x_wconf 88' lang='lat' dir='ltr'>nemo</span> <span class='ocrx_word' id='word_1_407' title='bbox 510 3804 575 3870; x_wconf 80' lang='lat' dir='ltr'>serit,</span> <span class='ocrx_word' id='word_1_408' title='bbox 599 3802 644 3870; x_wconf 88' lang='lat' dir='ltr'>qui</span> <span class='ocrx_word' id='word_1_409' title='bbox 659 3803 684 3855; x_wconf 91' lang='lat' dir='ltr'>in</span> <span class='ocrx_word' id='word_1_410' title='bbox 703 3800 777 3855; x_wconf 91' lang='lat' dir='ltr'>libris</span> <span class='ocrx_word' id='word_1_411' title='bbox 790 3801 845 3855; x_wconf 90' lang='lat' dir='ltr'>suis</span> <span class='ocrx_word' id='word_1_412' title='bbox 859 3817 955 3857; x_wconf 75' lang='lat' dir='ltr'>nosram</span> <span class='ocrx_word' id='word_1_413' title='bbox 968 3805 1101 3858; x_wconf 90' lang='lat' dir='ltr'>rationem</span> <span class='ocrx_word' id='word_1_414' title='bbox 1119 3806 1236 3872; x_wconf 79' lang='lat' dir='ltr'>inqerrue</span> <span class='ocrx_word' id='word_1_415' title='bbox 1255 3817 1283 3862; x_wconf 91' lang='lat' dir='ltr'>ct</span> <span class='ocrx_word' id='word_1_416' title='bbox 1300 3808 1386 3864; x_wconf 90' lang='lat' dir='ltr'>libere</span> <span class='ocrx_word' id='word_1_417' title='bbox 1398 3812 1538 3880; x_wconf 90' lang='lat' dir='ltr'>probaret.</span> 
     </span>
     <span class='ocr_line' id='line_1_40' title="bbox 192 3878 1539 3971; baseline 0.009 -25"><span class='ocrx_word' id='word_1_418' title='bbox 192 3878 352 3948; x_wconf 56' lang='lat' dir='ltr'>¹&#39;lrasrnua</span> <span class='ocrx_word' id='word_1_419' title='bbox 373 3889 598 3945; x_wconf 81' lang='lat' dir='ltr'>lleiulrolelus</span> <span class='ocrx_word' id='word_1_420' title='bbox 619 3889 742 3955; x_wconf 89' lang='lat' dir='ltr'>quidem,</span> <span class='ocrx_word' id='word_1_421' title='bbox 761 3888 953 3945; x_wconf 88' lang='lat' dir='ltr'>celeberrimus</span> <span class='ocrx_word' id='word_1_422' title='bbox 972 3890 1017 3945; x_wconf 90' lang='lat' dir='ltr'>ille</span> <span class='ocrx_word' id='word_1_423' title='bbox 1036 3893 1242 3948; x_wconf 82' lang='lat' dir='ltr'>l&#39;ruteuicarum</span> <span class='ocrx_word' id='word_1_424' title='bbox 1261 3896 1416 3951; x_wconf 87' lang='lat' dir='ltr'>tabularum</span> <span class='ocrx_word' id='word_1_425' title='bbox 1435 3910 1539 3971; x_wconf 86' lang='lat' dir='ltr'>auctor,</span> 
     </span>
     <span class='ocr_line' id='line_1_41' title="bbox 187 3978 1540 4046; baseline 0.006 -11"><span class='ocrx_word' id='word_1_426' title='bbox 187 3980 244 4029; x_wconf 73' lang='lat' dir='ltr'>“lm</span> <span class='ocrx_word' id='word_1_427' title='bbox 262 3979 371 4035; x_wconf 88' lang='lat' dir='ltr'>tabulas</span> <span class='ocrx_word' id='word_1_428' title='bbox 390 3994 454 4033; x_wconf 84' lang='lat' dir='ltr'>snas</span> <span class='ocrx_word' id='word_1_429' title='bbox 473 3978 506 4031; x_wconf 82' lang='lat' dir='ltr'>ul</span> <span class='ocrx_word' id='word_1_430' title='bbox 527 3978 738 4046; x_wconf 69' lang='lat' dir='ltr'>(froperuicauam</span> <span class='ocrx_word' id='word_1_431' title='bbox 766 3978 898 4031; x_wconf 90' lang='lat' dir='ltr'>rationem</span> <span class='ocrx_word' id='word_1_432' title='bbox 917 3979 1069 4045; x_wconf 74' lang='lat' dir='ltr'>retulisset,</span> <span class='ocrx_word' id='word_1_433' title='bbox 1096 3982 1149 4035; x_wconf 86' lang='lat' dir='ltr'>utri</span> <span class='ocrx_word' id='word_1_434' title='bbox 1168 3984 1272 4038; x_wconf 80' lang='lat' dir='ltr'>faveret</span> <span class='ocrx_word' id='word_1_435' title='bbox 1290 3986 1387 4039; x_wconf 91' lang='lat' dir='ltr'>rationi</span> <span class='ocrx_word' id='word_1_436' title='bbox 1405 3988 1540 4043; x_wconf 86' lang='lat' dir='ltr'>incertum</span> 
     </span>
     <span class='ocr_line' id='line_1_42' title="bbox 186 4054 1539 4145; baseline 0.018 -41"><span class='ocrx_word' id='word_1_437' title='bbox 186 4054 298 4135; x_wconf 84' lang='lat' dir='ltr'>reliquit.</span> <span class='ocrx_word' id='word_1_438' title='bbox 336 4070 508 4135; x_wconf 63' lang='lat' dir='ltr'>(trisparus</span> <span class='ocrx_word' id='word_1_439' title='bbox 534 4066 704 4119; x_wconf 83' lang='lat' dir='ltr'>l&#39;eucerus</span> <span class='ocrx_word' id='word_1_440' title='bbox 733 4074 840 4127; x_wconf 69' lang='lat' dir='ltr'>cremera,</span> <span class='ocrx_word' id='word_1_441' title='bbox 865 4068 1112 4133; x_wconf 75' lang='lat' dir='ltr'>,praetcrrnissis&#39;·,</span> <span class='ocrx_word' id='word_1_442' title='bbox 1140 4070 1240 4137; x_wconf 77' lang='lat' dir='ltr'>inquit,</span> <span class='ocrx_word' id='word_1_443' title='bbox 1271 4074 1428 4139; x_wconf 78' lang='lat' dir='ltr'>„coperniei</span> <span class='ocrx_word' id='word_1_444' title='bbox 1452 4076 1539 4145; x_wconf 88' lang='lat' dir='ltr'>hypo·</span> 
     </span>
     <span class='ocr_line' id='line_1_43' title="bbox 184 4136 1538 4220; baseline 0.007 -14"><span class='ocrx_word' id='word_1_445' title='bbox 184 4136 313 4220; x_wconf 63' lang='lat' dir='ltr'>ihi-uibus,</span> <span class='ocrx_word' id='word_1_446' title='bbox 333 4170 367 4209; x_wconf 88' lang='lat' dir='ltr'>nc</span> <span class='ocrx_word' id='word_1_447' title='bbox 380 4156 500 4207; x_wconf 80' lang='lat' dir='ltr'>nos-itate</span> <span class='ocrx_word' id='word_1_448' title='bbox 514 4153 687 4207; x_wconf 75' lang='lat' dir='ltr'>‹offerrrlautur</span> <span class='ocrx_word' id='word_1_449' title='bbox 699 4162 747 4207; x_wconf 91' lang='lat' dir='ltr'>aut</span> <span class='ocrx_word' id='word_1_450' title='bbox 759 4152 956 4208; x_wconf 88' lang='lat' dir='ltr'>conturbentur</span> <span class='ocrx_word' id='word_1_451' title='bbox 967 4154 1079 4218; x_wconf 84' lang='lat' dir='ltr'>tirones,</span> <span class='ocrx_word' id='word_1_452' title='bbox 1098 4156 1198 4209; x_wconf 88' lang='lat' dir='ltr'>Terrae</span> <span class='ocrx_word' id='word_1_453' title='bbox 1213 4157 1327 4213; x_wconf 86' lang='lat' dir='ltr'>mediam</span> <span class='ocrx_word' id='word_1_454' title='bbox 1341 4161 1432 4215; x_wconf 81' lang='lat' dir='ltr'>mrrrrili</span> <span class='ocrx_word' id='word_1_455' title='bbox 1446 4162 1538 4217; x_wconf 89' lang='lat' dir='ltr'>sedern</span> 
     </span>
     <span class='ocr_line' id='line_1_44' title="bbox 183 4234 1539 4309; baseline 0.009 -16"><span class='ocrx_word' id='word_1_456' title='bbox 183 4234 387 4303; x_wconf 53' lang='lat' dir='ltr'>“britannum</span> <span class='ocrx_word' id='word_1_457' title='bbox 414 4240 468 4295; x_wconf 90' lang='lat' dir='ltr'>alio</span> <span class='ocrx_word' id='word_1_458' title='bbox 487 4241 560 4295; x_wconf 86' lang='lat' dir='ltr'>loeo:</span> <span class='ocrx_word' id='word_1_459' title='bbox 582 4242 625 4299; x_wconf 71' lang='lat' dir='ltr'>„in</span> <span class='ocrx_word' id='word_1_460' title='bbox 645 4241 794 4309; x_wconf 75' lang='lat' dir='ltr'>topos-nico</span> <span class='ocrx_word' id='word_1_461' title='bbox 813 4240 967 4296; x_wconf 88' lang='lat' dir='ltr'>absurditas</span> <span class='ocrx_word' id='word_1_462' title='bbox 986 4240 1112 4307; x_wconf 78' lang='lat' dir='ltr'>offendit,</span> <span class='ocrx_word' id='word_1_463' title='bbox 1137 4244 1225 4299; x_wconf 74' lang='lat' dir='ltr'>alliena</span> <span class='ocrx_word' id='word_1_464' title='bbox 1244 4260 1259 4298; x_wconf 89' lang='lat' dir='ltr'>a</span> <span class='ocrx_word' id='word_1_465' title='bbox 1278 4259 1367 4300; x_wconf 76' lang='lat' dir='ltr'>veru·</span> <span class='ocrx_word' id='word_1_466' title='bbox 1405 4247 1539 4306; x_wconf 86' lang='lat' dir='ltr'>Mauro·</span> 
     </span>
     <span class='ocr_line' id='line_1_45' title="bbox 184 4306 1540 4400; baseline 0.008 -17"><span class='ocrx_word' id='word_1_467' title='bbox 184 4306 278 4383; x_wconf 58' lang='lat' dir='ltr'>bitus</span> <span class='ocrx_word' id='word_1_468' title='bbox 295 4339 387 4384; x_wconf 83' lang='lat' dir='ltr'>sertem</span> <span class='ocrx_word' id='word_1_469' title='bbox 407 4329 545 4395; x_wconf 84' lang='lat' dir='ltr'>dignitatis</span> <span class='ocrx_word' id='word_1_470' title='bbox 565 4344 631 4383; x_wconf 80' lang='lat' dir='ltr'>surae</span> <span class='ocrx_word' id='word_1_471' title='bbox 650 4330 718 4381; x_wconf 78' lang='lat' dir='ltr'>aeleo</span> <span class='ocrx_word' id='word_1_472' title='bbox 737 4329 876 4384; x_wconf 89' lang='lat' dir='ltr'>immemor</span> <span class='ocrx_word' id='word_1_473' title='bbox 895 4334 944 4393; x_wconf 89' lang='lat' dir='ltr'>est,</span> <span class='ocrx_word' id='word_1_474' title='bbox 965 4336 995 4382; x_wconf 85' lang='lat' dir='ltr'>ut</span> <span class='ocrx_word' id='word_1_475' title='bbox 1013 4330 1102 4384; x_wconf 88' lang='lat' dir='ltr'>dicere</span> <span class='ocrx_word' id='word_1_476' title='bbox 1121 4348 1174 4385; x_wconf 74' lang='lat' dir='ltr'>neon</span> <span class='ocrx_word' id='word_1_477' title='bbox 1194 4330 1315 4387; x_wconf 88' lang='lat' dir='ltr'>dubitet:</span> <span class='ocrx_word' id='word_1_478' title='bbox 1344 4335 1494 4400; x_wconf 79' lang='lat' dir='ltr'>,toleratur</span> <span class='ocrx_word' id='word_1_479' title='bbox 1511 4346 1540 4395; x_wconf 89' lang='lat' dir='ltr'>et</span> 
     </span>
     <span class='ocr_line' id='line_1_46' title="bbox 182 4392 1535 4493; baseline 0.011 -26"><span class='ocrx_word' id='word_1_480' title='bbox 182 4392 313 4471; x_wconf 74' lang='lat' dir='ltr'>Nicolans</span> <span class='ocrx_word' id='word_1_481' title='bbox 332 4418 513 4487; x_wconf 87' lang='lat' dir='ltr'>t&#39;opernicus,</span> <span class='ocrx_word' id='word_1_482' title='bbox 533 4420 577 4487; x_wconf 82' lang='lat' dir='ltr'>qiu</span> <span class='ocrx_word' id='word_1_483' title='bbox 598 4418 700 4472; x_wconf 85' lang='lat' dir='ltr'>scutica</span> <span class='ocrx_word' id='word_1_484' title='bbox 719 4418 810 4484; x_wconf 85' lang='lat' dir='ltr'>potins</span> <span class='ocrx_word' id='word_1_485' title='bbox 830 4425 876 4471; x_wconf 84' lang='lat' dir='ltr'>nort</span> <span class='ocrx_word' id='word_1_486' title='bbox 896 4416 1005 4485; x_wconf 77' lang='lat' dir='ltr'>flagello</span> <span class='ocrx_word' id='word_1_487' title='bbox 1024 4434 1104 4485; x_wconf 67' lang='lat' dir='ltr'>sparsim</span> <span class='ocrx_word' id='word_1_488' title='bbox 1122 4422 1333 4489; x_wconf 88' lang='lat' dir='ltr'>reprehensione</span> <span class='ocrx_word' id='word_1_489' title='bbox 1352 4424 1450 4493; x_wconf 83' lang='lat' dir='ltr'>dignus</span> <span class='ocrx_word' id='word_1_490' title='bbox 1468 4436 1535 4483; x_wconf 82' lang='lat' dir='ltr'>est‘·</span> 
     </span>
     <span class='ocr_line' id='line_1_47' title="bbox 182 4480 1536 4582; baseline 0.007 -23"><span class='ocrx_word' id='word_1_491' title='bbox 182 4480 301 4559; x_wconf 74' lang='lat' dir='ltr'>Tecto</span> <span class='ocrx_word' id='word_1_492' title='bbox 321 4505 471 4559; x_wconf 86' lang='lat' dir='ltr'>Braheus</span> <span class='ocrx_word' id='word_1_493' title='bbox 490 4522 562 4559; x_wconf 84' lang='lat' dir='ltr'>sero.</span> <span class='ocrx_word' id='word_1_494' title='bbox 583 4506 705 4559; x_wconf 81' lang='lat' dir='ltr'>llsrruus</span> <span class='ocrx_word' id='word_1_495' title='bbox 724 4510 775 4564; x_wconf 71' lang='lat' dir='ltr'>(etr.</span> <span class='ocrx_word' id='word_1_496' title='bbox 796 4510 845 4559; x_wconf 85' lang='lat' dir='ltr'>sol.</span> <span class='ocrx_word' id='word_1_497' title='bbox 859 4510 903 4563; x_wconf 82' lang='grc' dir='ltr'><strong>ΙΙΙ.</strong></span> <span class='ocrx_word' id='word_1_498' title='bbox 923 4524 948 4572; x_wconf 91' lang='lat' dir='ltr'>p.</span> <span class='ocrx_word' id='word_1_499' title='bbox 966 4504 1150 4573; x_wconf 70' lang='lat' dir='ltr'>rettulitque</span> <span class='ocrx_word' id='word_1_500' title='bbox 1170 4507 1288 4575; x_wconf 89' lang='lat' dir='ltr'>plurimi,</span> <span class='ocrx_word' id='word_1_501' title='bbox 1309 4518 1339 4563; x_wconf 90' lang='lat' dir='ltr'>ut</span> <span class='ocrx_word' id='word_1_502' title='bbox 1358 4512 1536 4582; x_wconf 85' lang='lat' dir='ltr'>Copcruieum</span> 
     </span>
     <span class='ocr_line' id='line_1_48' title="bbox 184 4584 1537 4662; baseline 0.013 -21"><span class='ocrx_word' id='word_1_503' title='bbox 184 4584 287 4643; x_wconf 59' lang='lat' dir='ltr'>‘eutium</span> <span class='ocrx_word' id='word_1_504' title='bbox 305 4594 436 4647; x_wconf 69' lang='lat' dir='ltr'>meravissc</span> <span class='ocrx_word' id='word_1_505' title='bbox 454 4592 489 4646; x_wconf 89' lang='lat' dir='ltr'>de</span> <span class='ocrx_word' id='word_1_506' title='bbox 503 4592 667 4647; x_wconf 80' lang='lat' dir='ltr'>astronomia</span> <span class='ocrx_word' id='word_1_507' title='bbox 687 4609 740 4646; x_wconf 74' lang='lat' dir='ltr'>nom</span> <span class='ocrx_word' id='word_1_508' title='bbox 760 4600 871 4659; x_wconf 69' lang='lat' dir='ltr'>necant,</span> <span class='ocrx_word' id='word_1_509' title='bbox 898 4592 937 4646; x_wconf 91' lang='lat' dir='ltr'>ita</span> <span class='ocrx_word' id='word_1_510' title='bbox 960 4592 994 4647; x_wconf 93' lang='lat' dir='ltr'>dc</span> <span class='ocrx_word' id='word_1_511' title='bbox 1011 4594 1179 4662; x_wconf 86' lang='lat' dir='ltr'>repudianda</span> <span class='ocrx_word' id='word_1_512' title='bbox 1197 4596 1271 4650; x_wconf 90' lang='lat' dir='ltr'>iliius</span> <span class='ocrx_word' id='word_1_513' title='bbox 1289 4598 1395 4654; x_wconf 88' lang='lat' dir='ltr'>ratione</span> <span class='ocrx_word' id='word_1_514' title='bbox 1417 4616 1472 4653; x_wconf 85' lang='lat' dir='ltr'>orno</span> <span class='ocrx_word' id='word_1_515' title='bbox 1491 4618 1537 4657; x_wconf 88' lang='lat' dir='ltr'>ore</span> 
     </span>
     <span class='ocr_line' id='line_1_49' title="bbox 185 4671 1538 4757; baseline 0.014 -31"><span class='ocrx_word' id='word_1_516' title='bbox 185 4671 365 4733; x_wconf 60' lang='lat' dir='ltr'>Quaesitum.</span> <span class='ocrx_word' id='word_1_517' title='bbox 404 4682 615 4735; x_wconf 84' lang='lat' dir='ltr'>llaestlinus</span> <span class='ocrx_word' id='word_1_518' title='bbox 635 4682 759 4750; x_wconf 71' lang='lat' dir='ltr'>«leuique.</span> <span class='ocrx_word' id='word_1_519' title='bbox 780 4698 834 4747; x_wconf 81' lang='lat' dir='ltr'>qim</span> <span class='ocrx_word' id='word_1_520' title='bbox 847 4688 1023 4749; x_wconf 88' lang='lat' dir='ltr'>praeceptore</span> <span class='ocrx_word' id='word_1_521' title='bbox 1036 4698 1101 4736; x_wconf 89' lang='lat' dir='ltr'>usus</span> <span class='ocrx_word' id='word_1_522' title='bbox 1121 4695 1162 4737; x_wconf 88' lang='lat' dir='ltr'>cst</span> <span class='ocrx_word' id='word_1_523' title='bbox 1182 4684 1322 4751; x_wconf 84' lang='lat' dir='ltr'>lieplerus.</span> <span class='ocrx_word' id='word_1_524' title='bbox 1342 4694 1370 4739; x_wconf 90' lang='lat' dir='ltr'>ut</span> <span class='ocrx_word' id='word_1_525' title='bbox 1389 4688 1538 4757; x_wconf 85' lang='lat' dir='ltr'>discipulos</span> 
     </span>
     <span class='ocr_line' id='line_1_50' title="bbox 186 4756 1536 4843; baseline 0.013 -28"><span class='ocrx_word' id='word_1_526' title='bbox 186 4756 406 4820; x_wconf 61' lang='lat' dir='ltr'>”esserationis</span> <span class='ocrx_word' id='word_1_527' title='bbox 430 4768 583 4834; x_wconf 76' lang='lat' dir='ltr'>counitione</span> <span class='ocrx_word' id='word_1_528' title='bbox 607 4768 701 4821; x_wconf 86' lang='lat' dir='ltr'>irulmit</span> <span class='ocrx_word' id='word_1_529' title='bbox 720 4778 748 4821; x_wconf 88' lang='lat' dir='ltr'>et</span> <span class='ocrx_word' id='word_1_530' title='bbox 766 4768 858 4821; x_wconf 86' lang='lat' dir='ltr'>habita</span> <span class='ocrx_word' id='word_1_531' title='bbox 882 4769 909 4822; x_wconf 92' lang='lat' dir='ltr'>in</span> <span class='ocrx_word' id='word_1_532' title='bbox 930 4770 1008 4824; x_wconf 90' lang='lat' dir='ltr'>ltalia</span> <span class='ocrx_word' id='word_1_533' title='bbox 1036 4772 1157 4825; x_wconf 77' lang='lat' dir='ltr'>(oratione</span> <span class='ocrx_word' id='word_1_534' title='bbox 1177 4772 1301 4827; x_wconf 83' lang='lat' dir='ltr'>Galilaea</span> <span class='ocrx_word' id='word_1_535' title='bbox 1324 4776 1536 4843; x_wconf 81' lang='lat' dir='ltr'>t&#39;opernicananr</span> 
     </span>
     <span class='ocr_line' id='line_1_51' title="bbox 190 4842 1537 4931; baseline 0.016 -29"><span class='ocrx_word' id='word_1_536' title='bbox 190 4842 315 4906; x_wconf 72' lang='lat' dir='ltr'>rtlienem</span> <span class='ocrx_word' id='word_1_537' title='bbox 333 4870 423 4910; x_wconf 89' lang='lat' dir='ltr'>veram</span> <span class='ocrx_word' id='word_1_538' title='bbox 441 4872 502 4911; x_wconf 83' lang='lat' dir='ltr'>ease</span> <span class='ocrx_word' id='word_1_539' title='bbox 522 4856 691 4927; x_wconf 84' lang='lat' dir='ltr'>persuasisse</span> <span class='ocrx_word' id='word_1_540' title='bbox 709 4855 880 4929; x_wconf 90' lang='lat' dir='ltr'>perhibetur,</span> <span class='ocrx_word' id='word_1_541' title='bbox 906 4856 946 4913; x_wconf 88' lang='lat' dir='ltr'>ita</span> <span class='ocrx_word' id='word_1_542' title='bbox 963 4857 990 4913; x_wconf 90' lang='lat' dir='ltr'>in</span> <span class='ocrx_word' id='word_1_543' title='bbox 1009 4859 1116 4931; x_wconf 88' lang='lat' dir='ltr'>scriptis</span> <span class='ocrx_word' id='word_1_544' title='bbox 1134 4860 1190 4917; x_wconf 89' lang='lat' dir='ltr'>suis</span> <span class='ocrx_word' id='word_1_545' title='bbox 1208 4860 1326 4931; x_wconf 90' lang='lat' dir='ltr'>priorem</span> <span class='ocrx_word' id='word_1_546' title='bbox 1343 4862 1476 4921; x_wconf 87' lang='lat' dir='ltr'>rationem</span> <span class='ocrx_word' id='word_1_547' title='bbox 1494 4880 1537 4923; x_wconf 85' lang='lat' dir='ltr'>se·</span> 
     </span>
    </p>
   </div>
   <div class='ocr_carea' id='block_1_3' title="bbox 0 0 1666 5534">
    <p class='ocr_par' dir='ltr' id='par_1_4' title="bbox 0 0 1666 5534">
     <span class='ocr_line' id='line_1_52' title="bbox 0 0 1666 5534; baseline 0 4"><span class='ocrx_word' id='word_1_548' title='bbox 0 0 1666 5534; x_wconf 95' lang='lat' dir='ltr'> </span> 
     </span>
    </p>
   </div>
  </div>
 </body>
</html>
