3308 5534
147 112 214 181 582
453 108 634 165 summam
650 108 1197 217 momentaneo-sutona.

146 286 309 347 celebratur⁸
345 284 418 357 Quid
435 292 529 342 autam
545 284 612 341 huic
628 284 680 341 Dei
698 285 807 355 opiilcio
824 286 1037 355 convenientius,
1054 300 1136 357 qnam
1153 288 1186 341 ut
1201 284 1319 357 pdarn
1336 284 1508 359 irardu-

146 376 325 433 lectissimum
342 388 413 447 opna
430 372 518 443 primo
536 380 565 429 et
582 371 678 429 eodem
696 374 894 444 perfectissimo
912 388 1025 429 numero
1044 372 1220 431 includatur?
1248 372 1293 429 Ad
1309 374 1394 445 baaa,
1418 382 1451 431 Ι
1465 376 1514 433 h

146 462 327 535 apraedictia
350 476 400 517 aaa
424 459 537 517 orbibus
559 460 704 515 mobilibus
726 462 870 516 harmonia
891 460 1018 516 coelestia
1041 462 1211 531 perficiatur,
1235 460 1283 519 ubl
1305 462 1389 519 urbo
1411 476 1520 521 mat

147 550 202 606 sibi
219 566 253 605 ao
270 556 353 619 pacto
371 546 534 617 succedant,
558 554 589 605 ut
606 556 635 605 et
650 548 728 605 nulla
744 551 780 605 ab
798 548 886 604 altero
904 548 940 603 nd
957 547 1071 604 alterum
1088 548 1223 604 intervalli
1239 548 1410 605 immendtaa
1426 548 1514 605 ralia-

148 645 250 707 qnatur
266 642 295 692 et
311 636 428 707 quiaque
446 636 596 707 geometria
613 644 708 708 septus
726 652 805 691 suum
824 636 913 691 locum
931 637 958 690 in
975 636 1049 691 hunc
1060 643 1171 691 tueatur
1186 636 1305 705 modam,
1323 645 1356 692 nt
1372 636 1397 693 ai
1412 650 1512 707 qaan-

148 740 256 793 canque
274 725 335 779 loco
354 739 463 778 morere
480 730 578 794 tentes,
597 724 678 781 simul
696 724 777 779 ctiam
796 730 884 779 totum
902 730 1022 793 systema
1040 722 1199 778 dissoluat.t

251 811 323 867 Hinc
350 810 449 865 transit
471 810 601 867 Rbetieus
626 813 661 868 ad
686 819 804 881 quatuor
833 817 938 873 motus,
966 826 1035 879 qnos
1070 810 1235 880 (iopernicus
1267 810 1371 866 Terrae
1397 810 1502 869 tribuit:

148 900 181 969 1)
198 898 387 969 quotidianum
406 896 479 953 circa
496 913 589 967 uem,
616 899 647 965 2)
664 913 783 953 annuum
802 898 875 955 cuca
892 896 996 967 Solem,
1024 900 1053 967 3)
1073 906 1191 962 ,motans
1215 898 1374 967 aequatoria
1397 908 1426 955 at
1446 900 1500 957 tait

149 988 252 1045 Terrae
269 984 306 1041 ad
322 986 435 1055 planum
453 984 594 1054 eclipticae
619 985 741 1041 inclinati
759 985 960 1041 convertibilem
978 994 1006 1043 et
1024 992 1120 1041 contra
1136 994 1239 1039 motum
1257 986 1347 1039 centri
1363 984 1494 1053 radun,

148 1074 188 1131 ita
205 1080 237 1130 nt
254 1074 410 1141 ubicunque
427 1072 465 1127 sit
482 1080 604 1127 centrum
623 1075 732 1139 Terrae,
751 1072 957 1141 aequinoctialis
975 1082 1003 1126 ct
1021 1072 1077 1142 poli
1094 1072 1197 1127 Terrae
1214 1080 1329 1143 propter
1345 1072 1428 1129 talen
1445 1074 1494 1127 aria

149 1162 251 1219 Terrae
269 1159 472 1217 inclinationem
489 1166 519 1213 et
536 1158 639 1216 stellati
657 1161 730 1215 orbis
748 1159 955 1217 immensitatem
979 1160 1015 1215 ad
1036 1160 1145 1215 easdem
1167 1160 1261 1215 mnndi
1282 1170 1379 1231 parter
1400 1176 1494 1229 seraper

148 1249 235 1307 ierme
251 1248 412 1320 rcapiciaut3
431 1248 504 1317 quod
523 1249 579 1313 liet,
598 1247 621 1303 si
640 1254 770 1316 quantum
784 1248 885 1303 'l'errae
897 1256 1019 1303 centrum
1031 1248 1067 1303 ab
1084 1247 1151 1303 orbe
1162 1248 1299 1317 magnoin
1310 1248 1493 1317 consequentia

150 1336 275 1403 ducatur,
292 1340 399 1389 tuntum
417 1333 477 1389 axis
495 1336 596 1389 Terrae
615 1333 810 1403 extremitates,
828 1336 876 1405 qui
887 1336 944 1405 poli
958 1336 1068 1403 Terrae,
1087 1335 1201 1403 singulis
1213 1335 1311 1391 diebus
1322 1332 1381 1391 iere
1392 1336 1420 1391 in
1431 1344 1492 1389 aaa·

148 1422 275 1481 mantia
291 1420 439 1493 procedere
456 1420 655 1491 intelligantur,
679 1420 751 1477 circa
775 1438 854 1478 axem
873 1432 901 1479 et
918 1423 1011 1493 polos,
1036 1424 1082 1477 axi
1105 1430 1134 1479 ct
1156 1423 1228 1492 polis
1252 1422 1326 1477 orbis
1351 1423 1440 1495 magui
1455 1432 1493 1479 aat

149 1510 292 1581 eclipticas
309 1508 534 1578 conquiniscentes,
553 1508 669 1564 cuculos
687 1522 787 1578 parvos
805 1508 1017 1578 describendo“;
1041 1514 1068 1577 t)
1087 1518 1203 1575 motum,
1227 1510 1275 1579 qui
1292 1510 1366 1566 binia
1383 1510 1494 1579 polorna

149 1596 340 1653 libratiauibna
358 1596 507 1666 perficitur.
544 1596 713 1651 Posteriores
731 1596 800 1653 duos
817 1606 907 1653 motus
926 1598 968 1653 his
985 1598 1123 1669 explicare
1141 1599 1234 1653 studet
1252 1598 1399 1655 libeticua:
1424 1612 1494 1667 ,ψιε-

149 1686 223 1741 mam
240 1682 447 1754 aequinoctialia
471 1683 582 1753 planum
607 1692 721 1754 propter
744 1684 869 1754 polorum
894 1699 1004 1740 suerum
1028 1694 1131 1741 motum
1155 1683 1190 1741 ab
1212 1684 1356 1753 eclipticue
1379 1684 1495 1755 wasia

149 1772 295 1829 comanus
312 1772 348 1827 ad
366 1770 458 1827 Solem
475 1770 627 1827 reflectitur
639 1780 668 1825 et
679 1771 807 1840 declinat,
826 1774 878 1827 sub
890 1771 985 1826 iisdem
1000 1772 1058 1829 iere
1069 1770 1211 1841 eclipticae
1227 1770 1296 1827 locis
1308 1770 1407 1827 cadem
1417 1772 1497 1843 acqui·

150 1858 277 1917 mattulis
298 1860 334 1915 ub
359 1858 492 1927 ecliptica·
510 1858 581 1914 redit
604 1849 881 1928 declinatio'ipsique
907 1857 963 1928 poli
986 1859 1100 1914 diurnae
1126 1858 1302 1915 resolutionis
1327 1874 1436 1929 sensprr
1456 1860 1496 1915 aab

149 1946 246 2003 audem
269 1947 348 2015 quusi
371 1946 496 2001 stellatae
521 1945 654 2014 sphaerae
681 1947 736 2000 situ
760 1953 911 2002 versantur.
952 1946 1058 2003 Deinde
1080 1947 1108 2001 in
1130 1947 1255 2001 maximia
1281 1945 1497 2003 declinationib!

149 2033 356 2103 aequinoctialia
378 2034 414 2087 ab
438 2032 580 2103 eclipticus
604 2031 687 2102 piano
709 2033 746 2087 ad
765 2032 855 2089 Solem
878 2034 952 2088 linea
969 2049 1004 2089 ex
1027 2042 1122 2089 centro
1141 2033 1213 2089 Solis
1235 2032 1332 2089 exiens
1353 2032 1390 2087 ad
1407 2034 1497 2089 Terrae

149 2128 273 2179 mutam
290 2124 412 2177 sectione
430 2120 526 2177 conica
543 2120 644 2176 Terrae
667 2120 790 2191 globum,
814 2122 910 2177 diurna
933 2120 1103 2177 revolutione
1126 2120 1366 2189 circumvolutum,
1391 2120 1497 2177 anum

149 2207 325 2279 tropicoaquc
347 2208 485 2263 describit.
522 2209 680 2277 Paestana,
705 2209 814 2278 quando
837 2208 1043 2277 aequinoctialis
1065 2209 1176 2279 plannrn
1198 2210 1233 2263 ab
1256 2207 1402 2277 eclipticas
1425 2208 1496 2278 mara

151 2296 189 2355 ad
208 2296 300 2353 Solem
317 2296 434 2352 maxime
452 2294 609 2365 reflectitur,
628 2296 655 2350 in
675 2296 801 2353 uniuersa
819 2297 904 2353 Terra
921 2298 1123 2366 aequinoctium
1145 2294 1287 2364 contingit.
1317 2294 1430 2351 Polam
1446 2294 1497 2361 tc'u·

149 2382 242 2453 culos)
259 2384 293 2439 ll.
305 2382 479 2450 Praeceptori
490 2382 547 2452 poli
558 2382 700 2453 eclipticas
713 2382 926 2453 aequidistantea
938 2386 1010 2439 circa
1028 2381 1236 2452 aequinoctialia
1254 2381 1334 2453 polos
1349 2382 1495 2451 depingant

152 2472 215 2541 Qua
231 2470 337 2525 radone
354 2467 451 2524 stellae
468 2468 540 2523 lirae
558 2484 576 2521 a
593 2468 702 2537 punctis
720 2470 965 2537 aequinoctialibus
983 2478 1011 2525 et
1021 2470 1211 2525 solstitialibus
1228 2468 1351 2537 elongari
1367 2468 1496 2525 rideantur

151 2562 182 2613 et
196 2556 315 2613 muima
335 2555 406 2611 Sulis
424 2555 571 2624 obliquitas
589 2556 700 2619 vanari,
726 2571 761 2611 ex
778 2564 854 2611 motu
872 2557 1059 2613 declinationis
1078 2564 1106 2611 et
1123 2556 1194 2611 binia
1212 2554 1266 2611 sibi
1283 2554 1398 2609 laricem
1415 2570 1494 2609 ocem·

149 2644 274 2703 rentibus
291 2641 481 2699 libratiouibus
494 2642 659 2713 dependere,
672 2644 708 2701 1).
720 2644 885 2713 Praeceptor
896 2644 1014 2713 collegit.
1044 2648 1066 2699 A
1080 2644 1160 2713 polis,
1178 2642 1322 2712 eclipticac
1334 2644 1405 2713 polis
1416 2642 1493 2711 aequ'·

151 2729 327 2799 distantibus,
345 2729 472 2799 utrinque
484 2730 533 2785 ‘20⁸⁰
543 2730 588 2785 aut
606 2737 782 2787 numerentur
797 2730 891 2800 ibique
904 2732 957 2786 duo
971 2740 1099 2787 notentur
1111 2740 1222 2799 puncta,
1241 2744 1313 2799 quae
1325 2730 1404 2799 polos
1414 2730 1491 2797 aequi·

150 2816 277 2875 noctlalia
294 2816 375 2873 medii
393 2818 525 2887 referant,
548 2826 576 2873 et
594 2817 765 2874 delineentur
787 2818 874 2874 coluri
896 2818 1073 2873 solstitiorum
1090 2828 1119 2873 et
1136 2816 1370 2886 aequinoctiorum
1392 2818 1419 2871 in
1434 2816 1491 2869 osu

151 2904 223 2974 culo,
240 2902 349 2975 globum
369 2904 470 2959 Terrae
488 2906 654 2959 continente.
685 2906 785 2959 Ceutro
802 2914 893 2959 autem
911 2905 1012 2959 Terrae
1030 2904 1101 2959 iuter
1118 2904 1210 2959 Solem
1227 2914 1256 2959 et
1274 2904 1372 2959 stellas
1390 2902 1492 2973 vinnm

150 2997 350 3061 commorante,
375 2990 532 3046 retlectatur
550 3008 599 3046 seu
617 2992 772 3061 obliquetur
789 2992 994 3061 ueqanrsoctialis
1011 2992 1115 3046 medius
1133 2992 1167 3045 ad
1186 2990 1291 3061 Solem,
1313 3004 1343 3047 ct
1362 2992 1432 3047 linea
1448 2988 1490 3041 rari

152 3080 207 3137 loci
225 3078 297 3136 Solis
315 3094 365 3151 per
383 3096 550 3135 communem
574 3084 722 3137 sectionem
745 3081 819 3151 plani
842 3081 999 3150 eclipticus,
1024 3076 1232 3147 aequinoctialis
1257 3078 1340 3133 medii
1364 3087 1392 3134 ct
1413 3078 1491 3141 celan.

151 3168 344 3237 distinguentia
367 3168 537 3237 aequinoctia
560 3168 663 3237 media,
688 3176 818 3223 trauseat.
854 3168 896 3223 Ab
915 3169 967 3223 boc
984 3168 1045 3221 ioco
1063 3166 1164 3221 'Tarae
1189 3174 1284 3221 renuo
1306 3166 1414 3235 aequffi
1430 3176 1490 3219 motu

150 3254 187 3309 ad
204 3252 300 3311 satus
317 3254 386 3309 tiras
403 3254 516 3323 singulis
535 3254 691 3311 beaussa
710 3258 745 3311 δ”
767 3257 823 3309 11“’
842 3253 1015 3325 procedente,
1034 3264 1166 3323 punctum
1184 3252 1294 3309 cernale
1313 3254 1429 3309 medium
1444 3266 1490 3307 tare

152 3342 264 3399 tandem
282 3342 310 3398 iu
332 3342 523 3413 praecedentia
548 3358 631 3413 super
649 3343 751 3397 'l'crrac
773 3348 868 3397 centro
891 3342 1018 3397 conficiat
1039 3350 1067 3395 et
1091 3342 1175 3413 paulo
1196 3341 1328 3397 velociori
1350 3360 1443 3415 qreaaa
1460 3342 1490 3397 ir·

151 3432 261 3495 mena,
277 3432 321 3487 3...
346 3431 404 3485 iere
425 3428 551 3497 angulum
577 3432 707 3500 majorem
734 3430 878 3486 describat.
914 3430 967 3484 Sul
985 3439 1124 3484 crescente
1147 3430 1264 3487 subinde
1282 3432 1399 3503 augerio,
1421 3430 1489 3503 qu'a

150 3528 254 3591 puncto
271 3518 373 3573 vernali
390 3516 597 3585 aequinoctialis
615 3518 696 3573 medii
708 3534 792 3587 supcr
804 3518 905 3574 Terrae
917 3528 1010 3571 centro
1028 3516 1194 3585 designatur.
1212 3520 1372 3589 priusquam
1385 3532 1490 3575 cenna

152 3608 255 3663 Terrae
272 3606 308 3661 ad
325 3606 415 3661 locum
433 3605 584 3675 eclipticac,
602 3606 675 3661 unde
693 3608 852 3677 diqrcamm.
871 3618 1021 3663 reuertatur
1038 3608 1136 3675 denuo,
1154 3608 1227 3663 linea
1245 3610 1302 3663 reri
1320 3608 1373 3665 loci
1391 3606 1490 3665 Soliria

151 3694 353 3765 aequinoctium
372 3692 489 3748 medium
512 3694 613 3749 incidet
639 3702 668 3749 et
686 3694 783 3749 stellae
803 3693 966 3749 uidebuntur
990 3694 1069 3749 nobis
1093 3694 1183 3749 medio
1209 3710 1259 3751 aea
1283 3696 1393 3767 aquali
1415 3696 1490 3765 afflat

149 3792 225 3839 motu
242 3784 270 3837 iu
288 3782 492 3853 consequentia,
511 3798 559 3852 pro
577 3781 777 3851 anticipationis
796 3782 910 3847 ratione,
928 3780 1080 3849 progredi·

257 3870 413 3925 Libratione
432 3868 514 3937 priori
532 3868 681 3938 obliquitas
697 3870 839 3939 eclipticac
857 3870 989 3935 sanatur,
1008 3867 1079 3936 polis
1098 3867 1199 3923 Terrae
1217 3868 1246 3923 in
1264 3869 1360 3925 culum»
1378 3870 1490 3927 matta

151 3976 211 4015 rum
229 3958 377 4015 medianum
396 3958 439 4011 'll'
457 3956 668 4013 ascendentibus
686 3966 712 4011 ct
732 3957 973 4025 descendentibus,
998 3956 1142 4027 posteriori
1159 3972 1224 4011 sero
1249 3960 1405 4027 praecessio
1421 3970 1491 4029 prat·

150 4054 241 4103 torum
261 4044 492 4115 aequinoctiorum
515 4043 665 4113 inaequalis
689 4044 820 4115 elicitur,
847 4045 917 4115 polis
938 4045 1039 4101 Terrae
1056 4062 1072 4095 a
1091 4042 1185 4099 calare
1210 4043 1387 4101 solstitiorum
1411 4056 1490 4101 aaa!

150 4133 239 4188 latua
255 4131 349 4187 muudi
365 4128 579 4200 deflectentibus,
598 4146 652 4198 qno
670 4130 726 4185 reri
743 4133 899 4201 sequuturis
916 4148 977 4187 cum
995 4130 1120 4201 ccliptica
1137 4132 1224 4185 sectio
1242 4148 1260 4187 a
1277 4134 1368 4189 aar&
1384 4136 1418 4191 ῖυ
1428 4145 1489 4189 acra·

152 4218 224 4289 palia
242 4218 369 4286 utrinque
388 4216 514 4272 sanatur.

257 4306 338 4363 Orbis
356 4306 457 4359 Terrae
475 4320 525 4359 cur
542 4320 682 4376 magnus
700 4305 853 4377 appelletur
871 4324 888 4361 u
906 4308 1069 4377 Cupernico,
1094 4306 1138 4363 bia
1154 4306 1276 4376 explicat
1295 4308 1439 4365 Rbetiraa:
1459 4302 1490 4369 ,Ι

151 4394 328 4465 imperatorer
345 4404 458 4463 propter
475 4408 519 4447 res
537 4392 651 4448 feliciter
668 4394 741 4451 bullo
759 4406 851 4465 perus
868 4403 915 4451 aut
932 4410 1027 4465 pentes
1045 4396 1165 4453 devictas
1183 4396 1356 4469 Macran
1376 4406 1490 4467 actam

153 4490 344 4549 concatenata,
368 4476 466 4547 &gnua
489 4490 563 4536 certe
587 4491 615 4534 et
632 4480 677 4537 hic
694 4484 767 4539 orbis
785 4492 857 4551 erat,
884 4486 928 4539 cui
946 4486 1169 4555 augustissimum
1185 4486 1384 4543 uanbuaratur
1399 4496 1491 4547 Ur

153 4580 216 4621 cnm
232 4566 292 4637 ipsa
308 4566 388 4641 quari
405 4564 483 4625 sotus
501 4564 591 4635 lerum
608 4568 734 4627 maesta
751 4570 862 4645 politiae
879 4574 1027 4645 participes
1045 4588 1096 4629 noa
1120 4572 1202 4631 iaciat
1225 4590 1376 4647 emamus
1399 4582 1491 4631 m
