3308 5534
482 394 523 451 De
540 392 635 451 amieis
651 398 682 449 et
698 388 855 452 fautoribus
872 390 994 466 Keplsri.
1356 389 1421 461 eiii

60 590 136 634 suas
158 574 368 651 superantibus
389 572 523 632 nonnibil
544 571 719 647 dubitasset,
743 571 780 634 de
802 573 856 632 ills
870 570 1048 633 ideestlinus
1070 587 1102 629 se
1126 577 1329 632 excusaverat.
1367 570 1423 633 Cui

61 663 252 721 excusationi
275 658 421 737 Keplerus
442 663 486 720 sle
507 659 673 737 respondit:
705 660 780 721 (ium
802 662 907 737 ingens
929 659 1110 736 praestiteris
1139 657 1210 716 milri
1235 658 1419 731 beneficium,

61 764 190 809 excusas
211 757 240 808 te
257 749 337 823 mini,
361 747 441 824 quod
457 750 552 823 majus
575 746 648 806 illud
663 764 722 807 non
737 747 824 808 luerit
839 747 978 824 quodque
994 756 1054 806 tarn
1070 744 1119 804 diu
1137 744 1260 803 dilatum
1276 748 1315 805 stt
1330 762 1423 823 opus·

60 834 165 896 culum
188 826 347 912 eulpam'a
370 844 398 896 te
420 851 564 897 removes.
610 832 704 908 Quasi
732 841 784 894 aut
806 834 880 895 baec
909 833 997 910 culpe
1018 834 1119 905 luerit,
1151 841 1202 892 aut
1225 849 1282 909 ege
1306 832 1420 893 beneb-

60 925 180 983 eentise
212 931 281 984 tuae
312 924 420 982 arbiter
447 933 537 998 atque
566 920 718 997 legislator
748 922 918 997 existerem
951 921 1071 981 omnino
1102 922 1188 996 quasi
1211 918 1343 980 debitum
1366 920 1423 979 hoe

60 1016 153 1073 esset
198 1010 335 1087 Agnosco
358 1027 429 1069 sane
453 1016 482 1069 et
504 1010 674 1067 reminiscor
703 1008 794 1069 verba
821 1008 965 1068 nonnulla
994 1024 1077 1068 meae
1109 1006 1264 1083 epistolae.
1311 1008 1421 1067 Verum

60 1096 139 1157 illud
161 1104 332 1157 temoneo:
363 1099 411 1173 qui
442 1094 567 1155 carrdido
589 1098 691 1156 scribit
713 1096 827 1167 anime,
859 1113 926 1155 eum
955 1095 1049 1154 multa
1075 1095 1272 1169 incogitanter
1293 1095 1422 1155 seribere

61 1194 96 1245 et
118 1187 232 1244 semina
254 1186 456 1261 suspicionum
478 1200 583 1251 serere,
607 1200 661 1242 rrec
683 1191 781 1243 tamea
805 1184 872 1242 ideo
896 1200 996 1243 earum
1019 1183 1119 1241 teneri.
1149 1180 1227 1242 Sane
1250 1182 1322 1240 milri
1339 1200 1422 1243 ruens

62 1270 141 1331 alibi
164 1288 223 1331 nen
246 1282 365 1332 ersten
390 1275 418 1329 in
440 1270 515 1344 luco,
539 1288 628 1345 qaam
652 1271 681 1327 in
703 1272 851 1329 sumtibus
866 1287 954 1346 parce
976 1268 1119 1329 iaciendis
1133 1276 1189 1328 ete.
1232 1266 1310 1345 Quid
1325 1285 1421 1346 quae·

60 1357 130 1419 ris‘l
168 1358 232 1435 Ego
255 1358 377 1418 totidem
400 1359 496 1418 sentio
517 1357 662 1428 stimulos,
686 1359 805 1433 quotics
828 1365 860 1416 tu
885 1357 932 1417 uel
955 1364 1073 1433 tempus
1095 1373 1228 1430 excusas,
1254 1355 1301 1416 vel
1324 1372 1423 1433 quun·

63 1454 129 1506 turn
152 1446 182 1503 in
205 1447 363 1505 excusione
393 1444 573 1521 praestiteris
603 1461 747 1504 recenses.
793 1442 902 1504 Obrais
932 1461 978 1503 une
1008 1460 1080 1504 sane
1109 1445 1199 1503 nimio
1229 1444 1285 1502 mei
1312 1443 1423 1518 stadio,

61 1550 164 1609 neque
187 1532 300 1591 calamo
324 1532 353 1591 id
376 1548 503 1608 aequare
525 1531 653 1607 amplius
676 1548 795 1606 pessum
797 1573 904 1592 .....
951 1531 1027 1591 Eece
1049 1548 1138 1608 quam
1170 1546 1312 1607 operosus
1336 1549 1368 1591 es
1392 1533 1422 1589 ln

60 1622 186 1699 negotio
208 1619 389 1679 mendorum.
433 1618 499 1678 Nou
522 1635 588 1677 sunu
611 1635 676 1695 ego,
699 1616 861 1679 dansdme
885 1618 1011 1678 Domine
1034 1618 1226 1695 Praeceptor,
1258 1635 1294 1677 ex
1318 1634 1421 1679 serum

62 1722 200 1778 nuere,
222 1710 283 1782 qai,
306 1708 363 1765 nisi
387 1705 557 1782 ephippium
581 1723 646 1765 cum
669 1722 746 1783 equo
770 1704 871 1777 dones,
895 1723 1003 1781 eqnurn
1027 1705 1138 1764 nudam
1161 1707 1343 1766 remittunt.“
1363 1738 1403 1751 -

176 1791 322 1870 Keplerns
353 1810 444 1870 qnurn
475 1791 569 1851 Gratii
601 1793 809 1869 instigantibus
836 1792 994 1852 Nobilibus
1028 1792 1172 1870 Styriaeis
1202 1795 1361 1870 incepisset
1388 1796 1419 1852 in

61 1879 258 1957 asuolegiam
280 1881 457 1953 incumbere,
480 1874 639 1940 Maestlino
661 1897 739 1939 anno
758 1884 850 1943 1598.
875 1880 911 1938 de
935 1879 1121 1957 astrologicis
1143 1881 1205 1939 suis
1228 1881 1419 1956 opinionibus

62 1967 212 2029 nonnulla
233 1969 350 2045 scripsit
380 1974 409 2026 et
431 1968 504 2027 haee
531 1966 660 2044 addidit:
693 1964 811 2043 Optime
839 1974 1025 2043 praeceptor,
1056 1984 1153 2027 annun
1183 1974 1261 2028 reete
1292 1986 1365 2045 ego,
1396 1971 1422 2027 si

64 2073 191 2134 oporam
212 2053 251 2114 du
274 2062 307 2113 ut
329 2054 422 2115 doctis
445 2061 475 2113 et
497 2053 682 2130 philosophis
705 2056 793 2115 etiem
822 2057 1022 2132 operationem
1054 2055 1129 2115 coeli
1159 2054 1352 2131 persuadeam
1376 2055 1424 2114 dl·

63 2141 229 2205 stinctami
267 2142 333 2218 Ago
357 2145 456 2217 itaque
480 2153 512 2201 ut
534 2140 685 2215 Jcsuitae,
716 2134 768 2219 qul
790 2141 884 2201 multu
906 2140 1082 2212 emendant,
1106 2151 1139 2200 ut
1161 2141 1294 2202 homines
1318 2142 1425 2202 eatbo·

63 2231 143 2291 ileos
165 2230 283 2289 iaciant.
329 2228 393 2288 lma
416 2245 474 2287 nun
498 2231 541 2287 ita
562 2246 629 2304 ago,
652 2246 721 2287 nam
743 2230 794 2304 qui
818 2246 918 2288 omrres
946 2246 1041 2305 nugas
1072 2228 1247 2301 defendunt,
1278 2237 1347 2289 sunt
1368 2229 1425 2291 Je-

62 2320 153 2379 suitis
175 2315 296 2390 similes,
320 2333 375 2393 ego
398 2333 463 2378 snm
487 2314 672 2375 Lutberanus
695 2315 877 2393 ssuulogus,
901 2318 952 2392 qni
976 2319 1062 2390 nugis
1085 2316 1210 2392 abjectis
1233 2318 1344 2377 retineo
1367 2334 1426 2376 nu·

64 2404 166 2467 eleum
167 2445 275 2464 .....
318 2401 399 2463 Nihil
421 2403 522 2475 rejicio
546 2420 582 2462 ex
604 2402 773 2479 astrologia,
800 2411 914 2479 praeter
937 2403 1053 2463 inutilla
1075 2402 1215 2462 domuum
1232 2404 1425 2464 numeralium

64 2495 264 2553 instrumenta
286 2498 316 2549 et
339 2489 419 2549 illurn
435 2496 619 2565 arrogantem
641 2493 888 2567 praesumtionem
911 2490 948 2550 de
971 2491 1092 2568 speciali
1108 2490 1316 2568 praedictione,
1339 2494 1425 2569 qnasi

64 2596 159 2657 quem
182 2594 357 2655 suspensum
388 2578 423 2634 iri
450 2575 599 2651 dicamus,
631 2579 658 2637 ei
681 2584 740 2636 son
769 2595 864 2655 aeque
894 2576 1009 2637 coelum
1031 2578 1160 2653 generali
1189 2578 1246 2637 sub
1269 2579 1424 2657 complexu

64 2683 215 2744 aquaram
238 2664 368 2743 pericula
390 2662 530 2724 denotare
555 2666 657 2742 possit,
680 2668 840 2742 autquasi
865 2667 1057 2724 erraverimus
1080 2674 1203 2724 mortem
1226 2665 1316 2725 alicui
1340 2684 1426 2743 prae·
1520 2706 1525 2717 ·

65 2752 212 2827 dieentes,
236 2754 287 2828 qui
311 2768 346 2811 eo
369 2759 498 2828 tempore
528 2751 693 2829 periculoso
717 2770 753 2813 ex
776 2752 878 2812 morbo
902 2754 950 2811 vir
983 2754 1086 2814 euasit.
1133 2751 1241 2827 Vides,
1272 2753 1346 2814 haee
1366 2768 1425 2813 nou

65 2840 108 2901 ed
131 2847 321 2911 contemtum,
345 2838 396 2898 sed
420 2838 457 2897 ad
480 2837 620 2898 honorem
643 2840 735 2898 nostri
758 2839 868 2899 ordinis
892 2841 1045 2917 pertinere.

180 2925 251 2987 Jam
275 2925 345 3003 quid
368 2925 512 3003 Keplerus
543 2925 578 2984 de
605 2925 778 2986 difficillima
807 2943 863 2985 sus
892 2930 966 2985 inter
989 2924 1222 2986 Lutheranorum
1253 2929 1426 2988 vexationes

65 3012 169 3075 Grstii
199 3013 381 3084 conditione,
419 3011 490 3088 quid
522 3012 558 3072 de
587 3012 737 3090 'l'yehenis
766 3022 798 3073 ut
820 3014 947 3089 Pragam
980 3014 1091 3073 veniret
1120 3015 1296 3074 invitatione
1332 3017 1426 3093 serip-

64 3102 157 3173 serit,
189 3100 259 3177 quid
290 3099 326 3159 de
348 3099 454 3159 studiis
484 3098 563 3177 apud
594 3099 674 3158 illam
698 3101 837 3178 inceptis,
868 3116 943 3176 quas
973 3099 1079 3160 deinde
1102 3119 1169 3160 curu
1197 3110 1364 3176 aegrotaret
1386 3101 1425 3169 ad

66 3187 263 3249 Maestlinnm
286 3189 397 3246 miserit
420 3187 561 3265 epistolas
576 3189 797 3260 moestissimus,
821 3205 910 3264 quam
933 3187 1069 3247 ardenter
1091 3205 1127 3247 ex
1151 3191 1262 3248 incerta
1285 3188 1425 3266 Pragensi

66 3282 153 3336 statu
176 3274 342 3351 Tubingam
366 3276 394 3332 in
417 3273 516 3334 sedern
539 3283 569 3332 et
591 3276 743 3334 certiorem
765 3282 795 3334 et
818 3273 1049 3350 tranquilliorem
1067 3274 1192 3335 voluerit
1214 3275 1371 3349 transferri,
1395 3284 1425 3337 et

67 3365 100 3423 in
126 3364 272 3440 prioribus
302 3360 500 3420 voluminibus
531 3369 560 3419 et
587 3363 747 3439 praemissa
777 3363 879 3441 „vits“
911 3362 1045 3440 pluribus
1077 3365 1275 3440 exposuimus.
1322 3363 1425 3440 Neque

65 3450 130 3511 boe
153 3449 269 3509 silentio
293 3457 337 3509 est
367 3449 570 3525 praeteritum,
600 3465 677 3525 quae
700 3465 719 3508 a
741 3459 841 3509 vetere
877 3457 907 3509 et
933 3451 1029 3509 amice
1058 3457 1087 3508 et
1113 3452 1253 3526 magistro
1285 3451 1425 3528 sperabat

66 3554 165 3615 quarn
186 3553 288 3614 parum
311 3535 418 3594 luerint
440 3534 565 3613 expleta.
596 3534 681 3609 Quae
703 3534 770 3596 sole
790 3535 968 3595 Maestlinus
989 3536 1028 3595 ad
1052 3537 1234 3596 miserabiles
1256 3536 1310 3596 has
1326 3554 1426 3616 preces

66 3641 108 3685 se
131 3623 267 3701 querelas
289 3621 440 3699 respondit
462 3621 583 3699 (1600),
607 3623 681 3683 hsce
702 3630 772 3682 sunt
795 3624 900 3683 verba:
934 3620 1074 3704 „Utinam
1105 3624 1308 3701 prudentiores
1336 3633 1367 3683 et
1395 3626 1424 3682 in

65 3711 162 3773 rebus
184 3710 311 3788 politicis
335 3709 576 3784 intelligentiores
599 3725 688 3786 quarn
711 3727 758 3771 me
780 3709 995 3783 consuluisses,
1027 3711 1077 3785 qui
1105 3728 1173 3771 vere
1202 3711 1353 3772 infantiam
1376 3711 1425 3771 lule

66 3815 169 3859 meam
192 3814 332 3873 agnosco.
362 3797 481 3857 Interim
504 3795 787 3857 turbulentissimum
810 3807 894 3857 tuum
916 3805 946 3857 et
968 3796 1157 3857 ecelesiarum
1182 3806 1343 3857 vestrarum
1359 3806 1426 3861 sta·
1496 3840 1499 3845 <

63 3894 134 3947 tum
157 3883 292 3961 lugemus
315 3892 343 3943 et
366 3883 579 3943 ardentissimis
607 3886 741 3963 suspiriis
763 3883 980 3963 deploramus.“
1028 3883 1114 3959 Quod
1136 3900 1308 3963 responsum
1331 3887 1426 3944 omnis

57 3973 171 4035 'solatii
195 3989 296 4049 expers
319 3988 384 4031 eum
400 3970 573 4030 Maestlinus
596 3974 692 4031 amico
715 3970 854 4045 dedisset,
878 3971 1031 4049 usquead
1054 3966 1163 4031 annum
1181 3978 1263 4033 1605
1287 3972 1424 4032 diuturno

64 4060 211 4121 utebatur
231 4058 366 4129 silentio,
400 4060 536 4135 quamvis
559 4060 743 4119 amicissimis
766 4066 795 4119 et
817 4060 1000 4135 gravissimis
1023 4059 1120 4118 verbis
1144 4059 1270 4119 eumad
1293 4061 1425 4119 scriben-

63 4147 139 4208 dam
164 4145 326 4205 hortaretur
348 4145 502 4224 Keplerus.
548 4145 598 4205 Sic
619 4162 696 4205 auno
715 4150 807 4207 seut.
830 4148 946 4224 scripsit
968 4146 1055 4205 baec:
1081 4145 1175 4220 ,Cum
1198 4156 1340 4224 perpetuo
1362 4156 1424 4218 turo,

62 4233 229 4295 idaestline
252 4242 424 4311 praeceptor
446 4235 569 4310 optime,
598 4233 716 4292 silentio
744 4250 840 4293 ineam
867 4232 1013 4293 scribendi
1045 4232 1227 4309 diligentiam
1254 4236 1343 4293 toties
1362 4234 1425 4310 iarn

63 4322 302 4401 expugnaveris,
326 4319 434 4380 accidit
456 4319 527 4379 mibi
551 4328 657 4392 tamen,
681 4319 761 4396 quod
784 4322 814 4378 in
829 4318 908 4380 bello
922 4320 1156 4398 desperantibus,
1180 4328 1211 4379 ut
1235 4328 1317 4380 tantu
1332 4323 1427 4397 tnagis

63 4409 265 4486 seripturiam,
289 4416 400 4483 quanto
423 4409 520 4466 miuus
542 4407 672 4498 proficio,
696 4415 726 4467 et
748 4409 777 4465 in
801 4409 942 4467 victuriae
965 4416 1047 4485 parte
1070 4424 1186 4484 punam,
1209 4408 1335 4467 salutem
1358 4423 1424 4467 om·

63 4514 135 4559 nem
160 4494 325 4573 desperare.
371 4494 417 4553 Tu
441 4496 467 4554 sl
490 4493 573 4554 lectis
597 4496 669 4553 mels
691 4492 815 4573 Optlcis,
838 4496 862 4554 si
885 4494 963 4554 lecta
986 4496 1176 4572 conceptione
1199 4512 1267 4555 mee
1288 4494 1325 4556 de
1346 4510 1427 4555 nova

63 4581 158 4647 stella
180 4598 238 4641 non
261 4582 439 4663 permoveris
462 4582 499 4641 ad
521 4580 720 4655 scribendum,
752 4589 784 4640 at
805 4581 910 4641 saltem
934 4582 972 4641 ob
996 4581 1025 4644 S.
1048 4581 1133 4641 Caes.
1156 4581 1354 4658 Maiestatem,
1377 4582 1425 4641 cai

65 4678 156 4747 gruta
179 4675 249 4729 sunt
270 4666 438 4744 hujusmodi
461 4670 571 4746 scripta
601 4685 736 4745 quaeque
759 4668 819 4747 lpsl
848 4672 930 4729 varia
959 4670 1137 4743 conquisivi,
1169 4668 1280 4746 aliquid
1302 4669 1424 4729 scribae.

66 4756 219 4818 Provocat
240 4755 278 4815 ad
303 4764 331 4815 te
355 4755 504 4828 Riislinus,
528 4756 613 4831 cujus
637 4756 776 4833 scriptum
801 4756 863 4832 jam
894 4758 1008 4834 aceepit
1030 4756 1092 4816 Sua
1114 4755 1199 4819 Caes.
1222 4756 1309 4832 blaj„
1343 4772 1426 4817 eorn-

68 4845 167 4909 tuunis
188 4842 263 4905 bueo
279 4843 550 4905 matbematicorum
574 4851 619 4905 est
633 4844 766 4919 materia,
789 4860 879 4923 qnam
893 4860 953 4904 uon
967 4844 1112 4923 attingere
1128 4843 1425 4909 decrescentium
