<?xml version="1.0" encoding="UTF-8"?>
<!DOCTYPE html PUBLIC "-//W3C//DTD XHTML 1.0 Transitional//EN"
    "http://www.w3.org/TR/xhtml1/DTD/xhtml1-transitional.dtd">
<html xmlns="http://www.w3.org/1999/xhtml" xml:lang="en" lang="en">
 <head>
  <title>
</title>
<meta http-equiv="Content-Type" content="text/html;charset=utf-8" />
  <meta name='ocr-system' content='tesseract 3.04.00' />
  <meta name='ocr-capabilities' content='ocr_page ocr_carea ocr_par ocr_line ocrx_word'/>
</head>
<body>
  <div class='ocr_page' id='page_1' title='image "./joanniskepleria00frisgoog/joanniskepleria00frisgoog_0887.png"; bbox 0 0 3308 5534; ppageno 0'>
   <div class='ocr_carea' id='block_1_1' title="bbox 746 405 1505 483">
    <p class='ocr_par' dir='ltr' id='par_1_1' title="bbox 746 405 1505 483">
     <span class='ocr_line' id='line_1_1' title="bbox 746 405 1505 483; baseline -0.001 -14"><span class='ocrx_word' id='word_1_1' title='bbox 746 409 930 483; x_wconf 79' lang='lat' dir='ltr'><strong>raas-reas.</strong></span> <span class='ocrx_word' id='word_1_2' title='bbox 1436 405 1505 481; x_wconf 77' lang='lat' dir='ltr'><strong>aas</strong></span> 
     </span>
    </p>
   </div>
   <div class='ocr_carea' id='block_1_2' title="bbox 141 582 1598 1538">
    <p class='ocr_par' dir='ltr' id='par_1_2' title="bbox 141 582 1598 1538">
     <span class='ocr_line' id='line_1_2' title="bbox 143 582 1598 657; baseline -0.003 -11"><span class='ocrx_word' id='word_1_3' title='bbox 143 603 207 646; x_wconf 69' lang='lat' dir='ltr'><strong>arm</strong></span> <span class='ocrx_word' id='word_1_4' title='bbox 224 589 343 646; x_wconf 67' lang='lat' dir='ltr'><strong>henrico</strong></span> <span class='ocrx_word' id='word_1_5' title='bbox 361 604 378 645; x_wconf 86' lang='lat' dir='ltr'><strong>a</strong></span> <span class='ocrx_word' id='word_1_6' title='bbox 395 587 578 656; x_wconf 83' lang='lat' dir='ltr'><strong>Stralendori,</strong></span> <span class='ocrx_word' id='word_1_7' title='bbox 597 584 724 657; x_wconf 74' lang='lat' dir='ltr'><strong>praeside</strong></span> <span class='ocrx_word' id='word_1_8' title='bbox 740 586 768 640; x_wconf 90' lang='lat' dir='ltr'><strong>in</strong></span> <span class='ocrx_word' id='word_1_9' title='bbox 786 585 948 642; x_wconf 84' lang='lat' dir='ltr'><strong>consistorio</strong></span> <span class='ocrx_word' id='word_1_10' title='bbox 966 583 1109 655; x_wconf 88' lang='lat' dir='ltr'><strong>imperiali,</strong></span> <span class='ocrx_word' id='word_1_11' title='bbox 1127 582 1162 640; x_wconf 89' lang='lat' dir='ltr'><strong>da</strong></span> <span class='ocrx_word' id='word_1_12' title='bbox 1179 583 1351 654; x_wconf 86' lang='lat' dir='ltr'><strong>logarithmis</strong></span> <span class='ocrx_word' id='word_1_13' title='bbox 1368 584 1425 655; x_wconf 76' lang='lat' dir='ltr'><strong>ogit</strong></span> <span class='ocrx_word' id='word_1_14' title='bbox 1441 585 1507 643; x_wconf 82' lang='lat' dir='ltr'><strong>tori·</strong></span> <span class='ocrx_word' id='word_1_15' title='bbox 1594 596 1598 604; x_wconf 88' lang='grc'><strong><em>·</em></strong></span> 
     </span>
     <span class='ocr_line' id='line_1_3' title="bbox 142 673 1507 748; baseline -0.001 -16"><span class='ocrx_word' id='word_1_16' title='bbox 142 677 226 733; x_wconf 83' lang='lat' dir='ltr'><strong>bens:</strong></span> <span class='ocrx_word' id='word_1_17' title='bbox 253 693 318 748; x_wconf 82' lang='lat' dir='ltr'><strong>„per</strong></span> <span class='ocrx_word' id='word_1_18' title='bbox 335 678 451 733; x_wconf 82' lang='lat' dir='ltr'><strong>hiemem</strong></span> <span class='ocrx_word' id='word_1_19' title='bbox 470 678 610 733; x_wconf 81' lang='lat' dir='ltr'>solennem</span> <span class='ocrx_word' id='word_1_20' title='bbox 627 674 668 730; x_wconf 88' lang='lat' dir='ltr'><strong>rai</strong></span> <span class='ocrx_word' id='word_1_21' title='bbox 686 674 944 730; x_wconf 74' lang='lat' dir='ltr'><strong>demonstrationem</strong></span> <span class='ocrx_word' id='word_1_22' title='bbox 962 688 1023 730; x_wconf 88' lang='lat' dir='ltr'><strong>sum</strong></span> <span class='ocrx_word' id='word_1_23' title='bbox 1046 676 1220 742; x_wconf 66' lang='lat' dir='ltr'><strong>aggressust.</strong></span> <span class='ocrx_word' id='word_1_24' title='bbox 1255 673 1299 729; x_wconf 86' lang='lat' dir='ltr'><strong>Ut</strong></span> <span class='ocrx_word' id='word_1_25' title='bbox 1310 673 1428 744; x_wconf 86' lang='lat' dir='ltr'><strong>primum</strong></span> <span class='ocrx_word' id='word_1_26' title='bbox 1444 688 1507 746; x_wconf 87' lang='lat' dir='ltr'><strong>per·</strong></span> 
     </span>
     <span class='ocr_line' id='line_1_4' title="bbox 141 759 1508 834; baseline 0.001 -16"><span class='ocrx_word' id='word_1_27' title='bbox 141 761 219 819; x_wconf 78' lang='lat' dir='ltr'><strong>iacta</strong></span> <span class='ocrx_word' id='word_1_28' title='bbox 239 763 292 819; x_wconf 84' lang='lat' dir='ltr'><strong>init</strong></span> <span class='ocrx_word' id='word_1_29' title='bbox 311 764 429 834; x_wconf 72' lang='lat' dir='ltr'><strong>Ordine,</strong></span> <span class='ocrx_word' id='word_1_30' title='bbox 452 763 614 819; x_wconf 90' lang='lat' dir='ltr'><strong>transmissa</strong></span> <span class='ocrx_word' id='word_1_31' title='bbox 639 768 681 816; x_wconf 88' lang='lat' dir='ltr'><strong>est</strong></span> <span class='ocrx_word' id='word_1_32' title='bbox 698 761 795 816; x_wconf 85' lang='lat' dir='ltr'><strong>Lincio</strong></span> <span class='ocrx_word' id='word_1_33' title='bbox 818 761 854 817; x_wconf 86' lang='lat' dir='ltr'><strong>ad</strong></span> <span class='ocrx_word' id='word_1_34' title='bbox 877 760 1051 830; x_wconf 79' lang='lat' dir='ltr'><strong>Philippum,</strong></span> <span class='ocrx_word' id='word_1_35' title='bbox 1075 760 1193 817; x_wconf 86' lang='lat' dir='ltr'><strong>Hassiae</strong></span> <span class='ocrx_word' id='word_1_36' title='bbox 1209 759 1420 832; x_wconf 79' lang='lat' dir='ltr'><strong>Landgrsrion,</strong></span> <span class='ocrx_word' id='word_1_37' title='bbox 1441 761 1508 830; x_wconf 68' lang='lat' dir='ltr'><strong>,aed</strong></span> 
     </span>
     <span class='ocr_line' id='line_1_5' title="bbox 143 847 1508 922; baseline 0.001 -16"><span class='ocrx_word' id='word_1_38' title='bbox 143 865 196 922; x_wconf 88' lang='lat' dir='ltr'><strong>par</strong></span> <span class='ocrx_word' id='word_1_39' title='bbox 220 853 349 922; x_wconf 88' lang='lat' dir='ltr'><strong>ambages</strong></span> <span class='ocrx_word' id='word_1_40' title='bbox 375 852 514 919; x_wconf 88' lang='lat' dir='ltr'><strong>itinerum,</strong></span> <span class='ocrx_word' id='word_1_41' title='bbox 542 853 569 905; x_wconf 93' lang='lat' dir='ltr'><strong>in</strong></span> <span class='ocrx_word' id='word_1_42' title='bbox 598 849 697 919; x_wconf 87' lang='lat' dir='ltr'><strong>quibas</strong></span> <span class='ocrx_word' id='word_1_43' title='bbox 723 848 836 905; x_wconf 88' lang='lat' dir='ltr'><strong>libellus</strong></span> <span class='ocrx_word' id='word_1_44' title='bbox 861 847 953 905; x_wconf 91' lang='lat' dir='ltr'><strong>haesit</strong></span> <span class='ocrx_word' id='word_1_45' title='bbox 977 848 1005 904; x_wconf 91' lang='lat' dir='ltr'><strong>in</strong></span> <span class='ocrx_word' id='word_1_46' title='bbox 1029 849 1140 904; x_wconf 90' lang='lat' dir='ltr'><strong>tertium</strong></span> <span class='ocrx_word' id='word_1_47' title='bbox 1164 865 1265 905; x_wconf 82' lang='lat' dir='ltr'><strong>annum</strong></span> <span class='ocrx_word' id='word_1_48' title='bbox 1292 852 1409 919; x_wconf 79' lang='lat' dir='ltr'><strong>usgaa⁸.</strong></span> <span class='ocrx_word' id='word_1_49' title='bbox 1453 850 1508 908; x_wconf 71' lang='lat' dir='ltr'><strong>aa</strong></span> 
     </span>
     <span class='ocr_line' id='line_1_6' title="bbox 144 936 1509 1008; baseline 0.001 -14"><span class='ocrx_word' id='word_1_50' title='bbox 144 938 253 995; x_wconf 74' lang='lat' dir='ltr'><strong>ferente</strong></span> <span class='ocrx_word' id='word_1_51' title='bbox 271 940 439 996; x_wconf 86' lang='lat' dir='ltr'><strong>Schiekardo</strong></span> <span class='ocrx_word' id='word_1_52' title='bbox 457 939 634 1008; x_wconf 89' lang='lat' dir='ltr'><strong>Maestlinus,</strong></span> <span class='ocrx_word' id='word_1_53' title='bbox 663 937 708 994; x_wconf 90' lang='lat' dir='ltr'><strong>cni</strong></span> <span class='ocrx_word' id='word_1_54' title='bbox 725 936 926 1007; x_wconf 90' lang='lat' dir='ltr'><strong>inspiciendum</strong></span> <span class='ocrx_word' id='word_1_55' title='bbox 945 937 1072 1008; x_wconf 90' lang='lat' dir='ltr'><strong>dederat,</strong></span> <span class='ocrx_word' id='word_1_56' title='bbox 1096 953 1209 1007; x_wconf 86' lang='lat' dir='ltr'><strong>segnem</strong></span> <span class='ocrx_word' id='word_1_57' title='bbox 1232 954 1262 995; x_wconf 90' lang='lat' dir='ltr'><strong>se</strong></span> <span class='ocrx_word' id='word_1_58' title='bbox 1285 937 1413 1008; x_wconf 85' lang='lat' dir='ltr'><strong>praebuit</strong></span> <span class='ocrx_word' id='word_1_59' title='bbox 1428 940 1509 996; x_wconf 71' lang='lat' dir='ltr'><strong>rani-</strong></span> 
     </span>
     <span class='ocr_line' id='line_1_7' title="bbox 143 1015 1510 1097; baseline 0.001 -14"><span class='ocrx_word' id='word_1_60' title='bbox 143 1029 260 1084; x_wconf 79' lang='lat' dir='ltr'><strong>tuendo.</strong></span> <span class='ocrx_word' id='word_1_61' title='bbox 294 1029 391 1084; x_wconf 80' lang='lat' dir='ltr'><strong>hienae</strong></span> <span class='ocrx_word' id='word_1_62' title='bbox 404 1028 491 1097; x_wconf 84' lang='lat' dir='ltr'><strong>Aprili</strong></span> <span class='ocrx_word' id='word_1_63' title='bbox 507 1027 585 1082; x_wconf 84' lang='lat' dir='ltr'><strong>finita</strong></span> <span class='ocrx_word' id='word_1_64' title='bbox 603 1033 646 1081; x_wconf 88' lang='lat' dir='ltr'><strong>cst</strong></span> <span class='ocrx_word' id='word_1_65' title='bbox 663 1015 882 1095; x_wconf 78' lang='lat' dir='ltr'><strong>inquisitio&#39;„De</strong></span> <span class='ocrx_word' id='word_1_66' title='bbox 899 1022 1010 1093; x_wconf 78' lang='lat' dir='ltr'>Origine</span> <span class='ocrx_word' id='word_1_67' title='bbox 1029 1025 1172 1083; x_wconf 81' lang='lat' dir='ltr'><strong>Gentiam“</strong></span> <span class='ocrx_word' id='word_1_68' title='bbox 1193 1027 1265 1096; x_wconf 75' lang='lat' dir='ltr'><strong>(vn.</strong></span> <span class='ocrx_word' id='word_1_69' title='bbox 1282 1027 1336 1084; x_wconf 80' lang='lat'><strong>788</strong></span> <span class='ocrx_word' id='word_1_70' title='bbox 1346 1027 1403 1096; x_wconf 69' lang='lat' dir='ltr'><strong>aa),</strong></span> <span class='ocrx_word' id='word_1_71' title='bbox 1423 1026 1510 1085; x_wconf 70' lang='lat' dir='ltr'><strong>eonii·</strong></span> 
     </span>
     <span class='ocr_line' id='line_1_8' title="bbox 144 1113 1509 1183; baseline -0.001 -12"><span class='ocrx_word' id='word_1_72' title='bbox 144 1122 249 1175; x_wconf 84' lang='lat' dir='ltr'><strong>nuatae</strong></span> <span class='ocrx_word' id='word_1_73' title='bbox 266 1116 472 1170; x_wconf 84' lang='lat' dir='ltr'><strong>observationes</strong></span> <span class='ocrx_word' id='word_1_74' title='bbox 490 1115 560 1172; x_wconf 78' lang='lat' dir='ltr'><strong>adria</strong></span> <span class='ocrx_word' id='word_1_75' title='bbox 579 1129 682 1183; x_wconf 89' lang='lat' dir='ltr'><strong>eaeque</strong></span> <span class='ocrx_word' id='word_1_76' title='bbox 699 1129 788 1182; x_wconf 89' lang='lat' dir='ltr'><strong>usque</strong></span> <span class='ocrx_word' id='word_1_77' title='bbox 811 1113 839 1168; x_wconf 91' lang='lat' dir='ltr'><strong>in</strong></span> <span class='ocrx_word' id='word_1_78' title='bbox 858 1113 1012 1181; x_wconf 78' lang='lat' dir='ltr'><strong>Augustum</strong></span> <span class='ocrx_word' id='word_1_79' title='bbox 1031 1119 1059 1169; x_wconf 87' lang='lat' dir='ltr'><strong>et</strong></span> <span class='ocrx_word' id='word_1_80' title='bbox 1077 1113 1190 1171; x_wconf 89' lang='lat' dir='ltr'><strong>Octobri</strong></span> <span class='ocrx_word' id='word_1_81' title='bbox 1213 1122 1241 1170; x_wconf 87' lang='lat' dir='ltr'><strong>st</strong></span> <span class='ocrx_word' id='word_1_82' title='bbox 1258 1114 1404 1173; x_wconf 85' lang='lat' dir='ltr'><strong>Decembri</strong></span> <span class='ocrx_word' id='word_1_83' title='bbox 1421 1115 1509 1171; x_wconf 88' lang='lat' dir='ltr'><strong>Lincii</strong></span> 
     </span>
     <span class='ocr_line' id='line_1_9' title="bbox 144 1200 1510 1273; baseline 0.003 -16"><span class='ocrx_word' id='word_1_84' title='bbox 144 1202 267 1273; x_wconf 81' lang='lat' dir='ltr'><strong>habitae,</strong></span> <span class='ocrx_word' id='word_1_85' title='bbox 286 1203 439 1273; x_wconf 80' lang='lat' dir='ltr'><strong>Septembri</strong></span> <span class='ocrx_word' id='word_1_86' title='bbox 457 1203 529 1257; x_wconf 89' lang='lat' dir='ltr'><strong>inter</strong></span> <span class='ocrx_word' id='word_1_87' title='bbox 546 1203 670 1257; x_wconf 87' lang='lat' dir='ltr'><strong>Linoium</strong></span> <span class='ocrx_word' id='word_1_88' title='bbox 689 1208 717 1256; x_wconf 90' lang='lat' dir='ltr'><strong>et</strong></span> <span class='ocrx_word' id='word_1_89' title='bbox 734 1200 907 1264; x_wconf 66' lang='lat' dir='ltr'><strong>Penatium,</strong></span> <span class='ocrx_word' id='word_1_90' title='bbox 925 1200 1075 1257; x_wconf 81' lang='lat' dir='ltr'><strong>Novembri</strong></span> <span class='ocrx_word' id='word_1_91' title='bbox 1094 1202 1191 1272; x_wconf 86' lang='lat' dir='ltr'><strong>Styrae</strong></span> <span class='ocrx_word' id='word_1_92' title='bbox 1210 1210 1238 1257; x_wconf 90' lang='lat' dir='ltr'><strong>et</strong></span> <span class='ocrx_word' id='word_1_93' title='bbox 1256 1203 1364 1260; x_wconf 87' lang='lat' dir='ltr'><strong>Velsae.</strong></span> <span class='ocrx_word' id='word_1_94' title='bbox 1395 1205 1510 1262; x_wconf 79' lang='lat' dir='ltr'><strong>Aestate</strong></span> 
     </span>
     <span class='ocr_line' id='line_1_10' title="bbox 146 1288 1508 1360; baseline 0.001 -15"><span class='ocrx_word' id='word_1_95' title='bbox 146 1290 242 1346; x_wconf 84' lang='lat' dir='ltr'><strong>studia</strong></span> <span class='ocrx_word' id='word_1_96' title='bbox 259 1292 443 1347; x_wconf 76' lang='lat' dir='ltr'><strong>astronomica</strong></span> <span class='ocrx_word' id='word_1_97' title='bbox 462 1290 643 1345; x_wconf 79' lang='lat' dir='ltr'><strong>continuata:¹</strong></span> <span class='ocrx_word' id='word_1_98' title='bbox 659 1303 752 1343; x_wconf 88' lang='lat' dir='ltr'><strong>mense</strong></span> <span class='ocrx_word' id='word_1_99' title='bbox 770 1288 854 1343; x_wconf 82' lang='lat' dir='ltr'><strong>iunio</strong></span> <span class='ocrx_word' id='word_1_100' title='bbox 880 1288 913 1343; x_wconf 90' lang='lat' dir='ltr'><strong>ds</strong></span> <span class='ocrx_word' id='word_1_101' title='bbox 933 1290 1125 1357; x_wconf 86' lang='lat' dir='ltr'><strong>praecessione</strong></span> <span class='ocrx_word' id='word_1_102' title='bbox 1142 1289 1390 1360; x_wconf 86' lang='lat' dir='ltr'><strong>aequinoctiorum,</strong></span> <span class='ocrx_word' id='word_1_103' title='bbox 1412 1289 1447 1346; x_wconf 85' lang='lat' dir='ltr'><strong>da</strong></span> <span class='ocrx_word' id='word_1_104' title='bbox 1465 1306 1508 1348; x_wconf 89' lang='lat' dir='ltr'><strong>eo·</strong></span> 
     </span>
     <span class='ocr_line' id='line_1_11' title="bbox 146 1374 1510 1449; baseline 0.001 -15"><span class='ocrx_word' id='word_1_105' title='bbox 146 1379 320 1434; x_wconf 82' lang='lat' dir='ltr'><strong>centrioitete</strong></span> <span class='ocrx_word' id='word_1_106' title='bbox 340 1379 411 1433; x_wconf 83' lang='lat' dir='ltr'><strong>Solis</strong></span> <span class='ocrx_word' id='word_1_107' title='bbox 430 1378 465 1432; x_wconf 91' lang='lat' dir='ltr'><strong>ad</strong></span> <span class='ocrx_word' id='word_1_108' title='bbox 484 1386 608 1447; x_wconf 91' lang='lat' dir='ltr'><strong>tempora</strong></span> <span class='ocrx_word' id='word_1_109' title='bbox 625 1377 738 1444; x_wconf 89' lang='lat' dir='ltr'><strong>antiqua</strong></span> <span class='ocrx_word' id='word_1_110' title='bbox 757 1383 785 1432; x_wconf 91' lang='lat' dir='ltr'><strong>et</strong></span> <span class='ocrx_word' id='word_1_111' title='bbox 803 1375 837 1430; x_wconf 91' lang='lat' dir='ltr'><strong>do</strong></span> <span class='ocrx_word' id='word_1_112' title='bbox 855 1374 1025 1444; x_wconf 87' lang='lat' dir='ltr'><strong>longitudine</strong></span> <span class='ocrx_word' id='word_1_113' title='bbox 1043 1376 1107 1431; x_wconf 89' lang='lat' dir='ltr'><strong>anni</strong></span> <span class='ocrx_word' id='word_1_114' title='bbox 1124 1378 1238 1448; x_wconf 85' lang='lat' dir='ltr'><strong>tropici;</strong></span> <span class='ocrx_word' id='word_1_115' title='bbox 1255 1377 1290 1434; x_wconf 90' lang='lat' dir='ltr'><strong>de</strong></span> <span class='ocrx_word' id='word_1_116' title='bbox 1302 1378 1379 1435; x_wconf 79' lang='lat' dir='ltr'><strong>iovis</strong></span> <span class='ocrx_word' id='word_1_117' title='bbox 1396 1377 1510 1449; x_wconf 87' lang='lat' dir='ltr'><strong>epochis</strong></span> 
     </span>
     <span class='ocr_line' id='line_1_12' title="bbox 146 1463 1509 1538; baseline 0.001 -16"><span class='ocrx_word' id='word_1_118' title='bbox 146 1465 360 1532; x_wconf 80' lang='lat' dir='ltr'><strong>constituendis3</strong></span> <span class='ocrx_word' id='word_1_119' title='bbox 387 1465 462 1520; x_wconf 83' lang='lat' dir='ltr'><strong>lulio</strong></span> <span class='ocrx_word' id='word_1_120' title='bbox 482 1472 510 1520; x_wconf 92' lang='lat' dir='ltr'><strong>et</strong></span> <span class='ocrx_word' id='word_1_121' title='bbox 527 1466 653 1534; x_wconf 85' lang='lat' dir='ltr'><strong>Augusto</strong></span> <span class='ocrx_word' id='word_1_122' title='bbox 677 1463 798 1518; x_wconf 86' lang='lat' dir='ltr'><strong>calculus</strong></span> <span class='ocrx_word' id='word_1_123' title='bbox 816 1468 940 1519; x_wconf 86' lang='lat' dir='ltr'><strong>motuum</strong></span> <span class='ocrx_word' id='word_1_124' title='bbox 958 1463 1048 1532; x_wconf 84' lang='lat' dir='ltr'><strong>Joris,</strong></span> <span class='ocrx_word' id='word_1_125' title='bbox 1074 1463 1174 1520; x_wconf 85' lang='lat' dir='ltr'><strong>calculi</strong></span> <span class='ocrx_word' id='word_1_126' title='bbox 1197 1465 1266 1520; x_wconf 84' lang='lat' dir='ltr'><strong>varii</strong></span> <span class='ocrx_word' id='word_1_127' title='bbox 1291 1464 1325 1523; x_wconf 88' lang='lat' dir='ltr'><strong>de</strong></span> <span class='ocrx_word' id='word_1_128' title='bbox 1346 1465 1509 1538; x_wconf 67' lang='lat' dir='ltr'><strong>eclipsibuag</strong></span> 
     </span>
    </p>
   </div>
   <div class='ocr_carea' id='block_1_3' title="bbox 146 1542 1607 1623">
    <p class='ocr_par' dir='ltr' id='par_1_3' title="bbox 146 1542 1607 1623">
     <span class='ocr_line' id='line_1_13' title="bbox 146 1542 1607 1623; baseline 0.001 -14"><span class='ocrx_word' id='word_1_129' title='bbox 146 1552 304 1623; x_wconf 83' lang='lat' dir='ltr'><strong>Septembri</strong></span> <span class='ocrx_word' id='word_1_130' title='bbox 327 1552 482 1608; x_wconf 82' lang='lat' dir='ltr'><strong>observatio</strong></span> <span class='ocrx_word' id='word_1_131' title='bbox 509 1550 678 1606; x_wconf 88' lang='lat' dir='ltr'><strong>macularum</strong></span> <span class='ocrx_word' id='word_1_132' title='bbox 699 1551 810 1620; x_wconf 57' lang='lat' dir='ltr'><strong>Lunam</strong></span> <span class='ocrx_word' id='word_1_133' title='bbox 840 1551 953 1606; x_wconf 86' lang='lat' dir='ltr'><strong>Octobri</strong></span> <span class='ocrx_word' id='word_1_134' title='bbox 975 1550 1069 1606; x_wconf 89' lang='lat' dir='ltr'><strong>itidem</strong></span> <span class='ocrx_word' id='word_1_135' title='bbox 1095 1552 1194 1608; x_wconf 89' lang='lat' dir='ltr'><strong>calculi</strong></span> <span class='ocrx_word' id='word_1_136' title='bbox 1218 1559 1342 1609; x_wconf 87' lang='lat' dir='ltr'><strong>motuum</strong></span> <span class='ocrx_word' id='word_1_137' title='bbox 1358 1552 1450 1621; x_wconf 82' lang='lat' dir='ltr'><strong>Jovis,</strong></span> <span class='ocrx_word' id='word_1_138' title='bbox 1474 1552 1510 1610; x_wconf 79' lang='lat' dir='ltr'><strong>ds</strong></span> <span class='ocrx_word' id='word_1_139' title='bbox 1605 1542 1607 1547; x_wconf 43' lang='lat'><strong>¹</strong></span> 
     </span>
    </p>
   </div>
   <div class='ocr_carea' id='block_1_4' title="bbox 146 1635 1589 3985">
    <p class='ocr_par' dir='ltr' id='par_1_4' title="bbox 146 1635 1511 1884">
     <span class='ocr_line' id='line_1_14' title="bbox 147 1635 1511 1712; baseline 0.001 -15"><span class='ocrx_word' id='word_1_140' title='bbox 147 1641 264 1712; x_wconf 83' lang='lat' dir='ltr'><strong>epochis</strong></span> <span class='ocrx_word' id='word_1_141' title='bbox 284 1642 392 1696; x_wconf 80' lang='lat' dir='ltr'><strong>Saturni</strong></span> <span class='ocrx_word' id='word_1_142' title='bbox 411 1640 445 1695; x_wconf 90' lang='lat' dir='ltr'><strong>ad</strong></span> <span class='ocrx_word' id='word_1_143' title='bbox 464 1639 578 1707; x_wconf 89' lang='lat' dir='ltr'><strong>antiqua</strong></span> <span class='ocrx_word' id='word_1_144' title='bbox 591 1647 726 1708; x_wconf 79' lang='lat' dir='ltr'><strong>tempora3</strong></span> <span class='ocrx_word' id='word_1_145' title='bbox 744 1637 893 1692; x_wconf 82' lang='lat' dir='ltr'><strong>Novembri</strong></span> <span class='ocrx_word' id='word_1_146' title='bbox 905 1643 933 1691; x_wconf 92' lang='lat' dir='ltr'><strong>et</strong></span> <span class='ocrx_word' id='word_1_147' title='bbox 944 1635 1088 1692; x_wconf 89' lang='lat' dir='ltr'><strong>Decembri</strong></span> <span class='ocrx_word' id='word_1_148' title='bbox 1107 1638 1141 1693; x_wconf 92' lang='lat' dir='ltr'><strong>de</strong></span> <span class='ocrx_word' id='word_1_149' title='bbox 1157 1639 1417 1709; x_wconf 85' lang='lat' dir='ltr'><strong>„prosthaphaeresi</strong></span> <span class='ocrx_word' id='word_1_150' title='bbox 1435 1640 1511 1698; x_wconf 82' lang='lat' dir='ltr'><strong>orbis</strong></span> 
     </span>
     <span class='ocr_line' id='line_1_15' title="bbox 146 1724 1510 1798; baseline 0.002 -14"><span class='ocrx_word' id='word_1_151' title='bbox 146 1729 267 1798; x_wconf 82' lang='lat' dir='ltr'><strong>mgni“‚</strong></span> <span class='ocrx_word' id='word_1_152' title='bbox 292 1734 438 1798; x_wconf 87' lang='lat' dir='ltr'><strong>praccepta</strong></span> <span class='ocrx_word' id='word_1_153' title='bbox 462 1726 636 1796; x_wconf 90' lang='lat' dir='ltr'><strong>computandi</strong></span> <span class='ocrx_word' id='word_1_154' title='bbox 660 1725 722 1780; x_wconf 91' lang='lat' dir='ltr'><strong>ioca</strong></span> <span class='ocrx_word' id='word_1_155' title='bbox 744 1724 916 1794; x_wconf 88' lang='lat' dir='ltr'><strong>planetarum</strong></span> <span class='ocrx_word' id='word_1_156' title='bbox 935 1725 984 1794; x_wconf 90' lang='lat' dir='ltr'><strong>(ad</strong></span> <span class='ocrx_word' id='word_1_157' title='bbox 1002 1724 1069 1781; x_wconf 85' lang='lat' dir='ltr'><strong>Tab.</strong></span> <span class='ocrx_word' id='word_1_158' title='bbox 1090 1725 1190 1797; x_wconf 84' lang='lat' dir='ltr'><strong>Rud.);</strong></span> <span class='ocrx_word' id='word_1_159' title='bbox 1215 1727 1265 1794; x_wconf 76' lang='lat' dir='ltr'><strong>„de</strong></span> <span class='ocrx_word' id='word_1_160' title='bbox 1288 1727 1443 1784; x_wconf 72' lang='lat' dir='ltr'><strong>abulnum</strong></span> <span class='ocrx_word' id='word_1_161' title='bbox 1460 1727 1510 1787; x_wconf 82' lang='lat' dir='ltr'><strong>ab·</strong></span> 
     </span>
     <span class='ocr_line' id='line_1_16' title="bbox 147 1811 873 1884; baseline -0.006 -14"><span class='ocrx_word' id='word_1_162' title='bbox 147 1815 317 1872; x_wconf 79' lang='lat' dir='ltr'><strong>breviatione</strong></span> <span class='ocrx_word' id='word_1_163' title='bbox 335 1815 371 1870; x_wconf 89' lang='lat' dir='ltr'><strong>ad</strong></span> <span class='ocrx_word' id='word_1_164' title='bbox 388 1815 477 1884; x_wconf 88' lang='lat' dir='ltr'><strong>legem</strong></span> <span class='ocrx_word' id='word_1_165' title='bbox 495 1813 657 1882; x_wconf 82' lang='lat' dir='ltr'><strong>hypothesis</strong></span> <span class='ocrx_word' id='word_1_166' title='bbox 674 1812 703 1865; x_wconf 92' lang='lat' dir='ltr'><strong>in</strong></span> <span class='ocrx_word' id='word_1_167' title='bbox 721 1811 873 1880; x_wconf 79' lang='lat' dir='ltr'><strong>Epitome.“</strong></span> 
     </span>
    </p>

    <p class='ocr_par' dir='ltr' id='par_1_5' title="bbox 147 1899 1589 3985">
     <span class='ocr_line' id='line_1_17' title="bbox 256 1899 1511 1973; baseline 0.001 -15"><span class='ocrx_word' id='word_1_168' title='bbox 256 1903 399 1972; x_wconf 88' lang='lat' dir='ltr'><strong>Epistulae</strong></span> <span class='ocrx_word' id='word_1_169' title='bbox 425 1901 459 1956; x_wconf 90' lang='lat' dir='ltr'><strong>ad</strong></span> <span class='ocrx_word' id='word_1_170' title='bbox 483 1902 630 1955; x_wconf 80' lang='lat' dir='ltr'><strong>bibliorum</strong></span> <span class='ocrx_word' id='word_1_171' title='bbox 653 1901 686 1955; x_wconf 93' lang='lat' dir='ltr'><strong>de</strong></span> <span class='ocrx_word' id='word_1_172' title='bbox 709 1901 859 1955; x_wconf 82' lang='lat' dir='ltr'><strong>Harmonia</strong></span> <span class='ocrx_word' id='word_1_173' title='bbox 883 1905 911 1955; x_wconf 91' lang='lat' dir='ltr'><strong>et</strong></span> <span class='ocrx_word' id='word_1_174' title='bbox 936 1901 1064 1970; x_wconf 82' lang='lat' dir='ltr'><strong>Epitome</strong></span> <span class='ocrx_word' id='word_1_175' title='bbox 1083 1902 1127 1967; x_wconf 87' lang='lat' dir='ltr'><strong>(V.</strong></span> <span class='ocrx_word' id='word_1_176' title='bbox 1148 1901 1183 1957; x_wconf 83' lang='grc'><strong>68</strong></span> <span class='ocrx_word' id='word_1_177' title='bbox 1201 1916 1248 1973; x_wconf 78' lang='lat' dir='ltr'><strong>ss,</strong></span> <span class='ocrx_word' id='word_1_178' title='bbox 1266 1901 1315 1957; x_wconf 82' lang='lat' dir='ltr'><strong>VI.</strong></span> <span class='ocrx_word' id='word_1_179' title='bbox 1334 1901 1369 1957; x_wconf 76' lang='lat' dir='ltr'><strong>ti</strong></span> <span class='ocrx_word' id='word_1_180' title='bbox 1388 1902 1452 1972; x_wconf 72' lang='lat' dir='ltr'><strong>aa),</strong></span> <span class='ocrx_word' id='word_1_181' title='bbox 1474 1899 1511 1959; x_wconf 78' lang='lat' dir='ltr'><strong>at</strong></span> 
     </span>
     <span class='ocr_line' id='line_1_18' title="bbox 147 1988 1511 2060; baseline -0.001 -12"><span class='ocrx_word' id='word_1_182' title='bbox 147 1991 386 2049; x_wconf 83' lang='lat' dir='ltr'><strong>Hebenstreitium</strong></span> <span class='ocrx_word' id='word_1_183' title='bbox 404 1990 537 2045; x_wconf 90' lang='lat' dir='ltr'><strong>derebus</strong></span> <span class='ocrx_word' id='word_1_184' title='bbox 555 1988 678 2058; x_wconf 83' lang='lat' dir='ltr'><strong>privatis.</strong></span> <span class='ocrx_word' id='word_1_185' title='bbox 715 1988 934 2044; x_wconf 88' lang='lat' dir='ltr'><strong>Hebeustreitius</strong></span> <span class='ocrx_word' id='word_1_186' title='bbox 953 1989 980 2046; x_wconf 86' lang='lat' dir='ltr'><strong>d.</strong></span> <span class='ocrx_word' id='word_1_187' title='bbox 999 1990 1041 2046; x_wconf 84' lang='lat'><strong>23.</strong></span> <span class='ocrx_word' id='word_1_188' title='bbox 1060 1989 1154 2045; x_wconf 89' lang='lat' dir='ltr'><strong>Martii</strong></span> <span class='ocrx_word' id='word_1_189' title='bbox 1172 1989 1294 2060; x_wconf 78' lang='lat' dir='ltr'><strong>scripsit:</strong></span> <span class='ocrx_word' id='word_1_190' title='bbox 1319 1990 1362 2046; x_wconf 86' lang='lat' dir='ltr'><strong>De</strong></span> <span class='ocrx_word' id='word_1_191' title='bbox 1381 2005 1511 2047; x_wconf 68' lang='lat' dir='ltr'><strong>mesmes</strong></span> 
     </span>
     <span class='ocr_line' id='line_1_19' title="bbox 149 2076 1512 2149; baseline -0.002 -12"><span class='ocrx_word' id='word_1_192' title='bbox 149 2078 290 2148; x_wconf 81' lang='lat' dir='ltr'><strong>stipendio</strong></span> <span class='ocrx_word' id='word_1_193' title='bbox 308 2079 431 2147; x_wconf 90' lang='lat' dir='ltr'><strong>impenso</strong></span> <span class='ocrx_word' id='word_1_194' title='bbox 454 2078 503 2131; x_wconf 92' lang='lat' dir='ltr'><strong>tibi</strong></span> <span class='ocrx_word' id='word_1_195' title='bbox 521 2077 649 2144; x_wconf 88' lang='lat' dir='ltr'><strong>gratulor.</strong></span> <span class='ocrx_word' id='word_1_196' title='bbox 686 2077 728 2130; x_wconf 89' lang='lat' dir='ltr'><strong>De</strong></span> <span class='ocrx_word' id='word_1_197' title='bbox 747 2076 906 2132; x_wconf 85' lang='lat' dir='ltr'><strong>amanuensi</strong></span> <span class='ocrx_word' id='word_1_198' title='bbox 923 2077 1033 2147; x_wconf 81' lang='lat' dir='ltr'><strong>scribis3</strong></span> <span class='ocrx_word' id='word_1_199' title='bbox 1058 2077 1173 2133; x_wconf 88' lang='lat' dir='ltr'><strong>muitum</strong></span> <span class='ocrx_word' id='word_1_200' title='bbox 1197 2077 1297 2146; x_wconf 88' lang='lat' dir='ltr'><strong>diuque</strong></span> <span class='ocrx_word' id='word_1_201' title='bbox 1316 2077 1351 2133; x_wconf 84' lang='lat' dir='ltr'><strong>de</strong></span> <span class='ocrx_word' id='word_1_202' title='bbox 1368 2077 1421 2135; x_wconf 91' lang='lat' dir='ltr'><strong>hoo</strong></span> <span class='ocrx_word' id='word_1_203' title='bbox 1440 2079 1512 2149; x_wconf 90' lang='lat' dir='ltr'><strong>cogi-</strong></span> 
     </span>
     <span class='ocr_line' id='line_1_20' title="bbox 148 2163 1514 2236; baseline 0.001 -14"><span class='ocrx_word' id='word_1_204' title='bbox 148 2167 224 2222; x_wconf 87' lang='lat' dir='ltr'><strong>tanti</strong></span> <span class='ocrx_word' id='word_1_205' title='bbox 241 2167 399 2233; x_wconf 87' lang='lat' dir='ltr'><strong>superrenit</strong></span> <span class='ocrx_word' id='word_1_206' title='bbox 417 2163 556 2219; x_wconf 89' lang='lat' dir='ltr'><strong>studiosus</strong></span> <span class='ocrx_word' id='word_1_207' title='bbox 575 2163 685 2232; x_wconf 91' lang='lat' dir='ltr'><strong>quidam</strong></span> <span class='ocrx_word' id='word_1_208' title='bbox 703 2163 746 2218; x_wconf 87' lang='lat' dir='ltr'><strong>Jo.</strong></span> <span class='ocrx_word' id='word_1_209' title='bbox 758 2163 829 2218; x_wconf 85' lang='lat' dir='ltr'><strong>Heia</strong></span> <span class='ocrx_word' id='word_1_210' title='bbox 848 2180 864 2218; x_wconf 92' lang='lat' dir='ltr'><strong>e</strong></span> <span class='ocrx_word' id='word_1_211' title='bbox 882 2163 1034 2233; x_wconf 87' lang='lat' dir='ltr'><strong>palatinatu</strong></span> <span class='ocrx_word' id='word_1_212' title='bbox 1052 2164 1239 2236; x_wconf 88' lang='lat' dir='ltr'><strong>Neopurgico,</strong></span> <span class='ocrx_word' id='word_1_213' title='bbox 1258 2165 1302 2221; x_wconf 90' lang='lat' dir='ltr'><strong>cni</strong></span> <span class='ocrx_word' id='word_1_214' title='bbox 1319 2164 1415 2222; x_wconf 83' lang='lat' dir='ltr'><strong>literas</strong></span> <span class='ocrx_word' id='word_1_215' title='bbox 1432 2166 1468 2223; x_wconf 84' lang='lat' dir='ltr'><strong>ad</strong></span> <span class='ocrx_word' id='word_1_216' title='bbox 1485 2173 1514 2222; x_wconf 86' lang='lat' dir='ltr'><strong>ta</strong></span> 
     </span>
     <span class='ocr_line' id='line_1_21' title="bbox 148 2250 1514 2323; baseline 0.001 -14"><span class='ocrx_word' id='word_1_217' title='bbox 148 2253 298 2323; x_wconf 77' lang='lat' dir='ltr'><strong>inpertiri,</strong></span> <span class='ocrx_word' id='word_1_218' title='bbox 316 2268 398 2321; x_wconf 90' lang='lat' dir='ltr'><strong>spero</strong></span> <span class='ocrx_word' id='word_1_219' title='bbox 418 2258 522 2321; x_wconf 87' lang='lat' dir='ltr'><strong>gratam</strong></span> <span class='ocrx_word' id='word_1_220' title='bbox 540 2251 627 2319; x_wconf 88' lang='lat' dir='ltr'><strong>ipsius</strong></span> <span class='ocrx_word' id='word_1_221' title='bbox 645 2250 695 2305; x_wconf 90' lang='lat' dir='ltr'><strong>tibi</strong></span> <span class='ocrx_word' id='word_1_222' title='bbox 714 2266 824 2320; x_wconf 87' lang='lat' dir='ltr'><strong>operam</strong></span> <span class='ocrx_word' id='word_1_223' title='bbox 843 2251 962 2309; x_wconf 83' lang='lat' dir='ltr'><strong>futuram</strong></span> <span class='ocrx_word' id='word_1_224' title='bbox 964 2291 1055 2310; x_wconf 83' lang='grc'><strong>.....</strong></span> <span class='ocrx_word' id='word_1_225' title='bbox 1091 2253 1134 2307; x_wconf 88' lang='lat' dir='ltr'><strong>Tu</strong></span> <span class='ocrx_word' id='word_1_226' title='bbox 1152 2251 1284 2322; x_wconf 85' lang='lat' dir='ltr'><strong>quidquid</strong></span> <span class='ocrx_word' id='word_1_227' title='bbox 1309 2253 1346 2309; x_wconf 88' lang='lat' dir='ltr'><strong>ad</strong></span> <span class='ocrx_word' id='word_1_228' title='bbox 1363 2268 1421 2321; x_wconf 80' lang='lat' dir='ltr'><strong>rent</strong></span> <span class='ocrx_word' id='word_1_229' title='bbox 1438 2260 1514 2310; x_wconf 79' lang='lat' dir='ltr'><strong>tuam</strong></span> 
     </span>
     <span class='ocr_line' id='line_1_22' title="bbox 149 2337 1516 2410; baseline 0 -15"><span class='ocrx_word' id='word_1_230' title='bbox 149 2339 300 2409; x_wconf 83' lang='lat' dir='ltr'><strong>garantiam</strong></span> <span class='ocrx_word' id='word_1_231' title='bbox 313 2341 495 2394; x_wconf 89' lang='lat' dir='ltr'><strong>necessarium</strong></span> <span class='ocrx_word' id='word_1_232' title='bbox 509 2338 598 2407; x_wconf 87' lang='lat' dir='ltr'><strong>inerit,</strong></span> <span class='ocrx_word' id='word_1_233' title='bbox 619 2337 719 2393; x_wconf 87' lang='lat' dir='ltr'><strong>habens</strong></span> <span class='ocrx_word' id='word_1_234' title='bbox 732 2355 903 2409; x_wconf 88' lang='lat' dir='ltr'><strong>persuasum,</strong></span> <span class='ocrx_word' id='word_1_235' title='bbox 923 2341 1127 2410; x_wconf 87' lang='lat' dir='ltr'><strong>diligentissime</strong></span> <span class='ocrx_word' id='word_1_236' title='bbox 1140 2341 1245 2396; x_wconf 88' lang='lat' dir='ltr'><strong>anobis</strong></span> <span class='ocrx_word' id='word_1_237' title='bbox 1257 2341 1290 2396; x_wconf 90' lang='lat' dir='ltr'><strong>iri</strong></span> <span class='ocrx_word' id='word_1_238' title='bbox 1304 2348 1516 2400; x_wconf 80' lang='lat' dir='ltr'><strong>accuratum...</strong></span> 
     </span>
     <span class='ocr_line' id='line_1_23' title="bbox 149 2425 1589 2501; baseline 0.003 -18"><span class='ocrx_word' id='word_1_239' title='bbox 149 2428 264 2483; x_wconf 84' lang='lat' dir='ltr'><strong>Nummi</strong></span> <span class='ocrx_word' id='word_1_240' title='bbox 280 2425 401 2481; x_wconf 90' lang='lat' dir='ltr'><strong>melioris</strong></span> <span class='ocrx_word' id='word_1_241' title='bbox 419 2434 502 2482; x_wconf 89' lang='lat' dir='ltr'><strong>notae</strong></span> <span class='ocrx_word' id='word_1_242' title='bbox 521 2442 537 2480; x_wconf 87' lang='lat' dir='ltr'><strong>a</strong></span> <span class='ocrx_word' id='word_1_243' title='bbox 555 2426 679 2481; x_wconf 87' lang='lat' dir='ltr'><strong>volturiis</strong></span> <span class='ocrx_word' id='word_1_244' title='bbox 697 2427 889 2483; x_wconf 87' lang='lat' dir='ltr'><strong>subducuntur</strong></span> <span class='ocrx_word' id='word_1_245' title='bbox 905 2444 1013 2494; x_wconf 87' lang='lat' dir='ltr'><strong>omnes,</strong></span> <span class='ocrx_word' id='word_1_246' title='bbox 1034 2436 1224 2499; x_wconf 89' lang='lat' dir='ltr'><strong>supponuntur</strong></span> <span class='ocrx_word' id='word_1_247' title='bbox 1236 2437 1332 2485; x_wconf 87' lang='lat' dir='ltr'><strong>contra</strong></span> <span class='ocrx_word' id='word_1_248' title='bbox 1348 2431 1450 2501; x_wconf 87' lang='lat' dir='ltr'><strong>asperi·</strong></span> <span class='ocrx_word' id='word_1_249' title='bbox 1457 2446 1517 2487; x_wconf 85' lang='lat' dir='ltr'><strong>cor·</strong></span> <span class='ocrx_word' id='word_1_250' title='bbox 1585 2446 1589 2453; x_wconf 57' lang='lat'><em>⁴</em></span> 
     </span>
     <span class='ocr_line' id='line_1_24' title="bbox 150 2512 1526 2586; baseline 0.005 -17"><span class='ocrx_word' id='word_1_251' title='bbox 150 2512 214 2569; x_wconf 87' lang='lat' dir='ltr'><strong>nati</strong></span> <span class='ocrx_word' id='word_1_252' title='bbox 233 2513 449 2582; x_wconf 87' lang='lat' dir='ltr'><strong>improbissimae</strong></span> <span class='ocrx_word' id='word_1_253' title='bbox 468 2513 605 2567; x_wconf 90' lang='lat' dir='ltr'><strong>materiae.</strong></span> <span class='ocrx_word' id='word_1_254' title='bbox 636 2512 758 2569; x_wconf 90' lang='lat' dir='ltr'><strong>Unciaiis</strong></span> <span class='ocrx_word' id='word_1_255' title='bbox 771 2515 919 2585; x_wconf 89' lang='lat' dir='ltr'><strong>imperialis</strong></span> <span class='ocrx_word' id='word_1_256' title='bbox 932 2517 1093 2571; x_wconf 85' lang='lat' dir='ltr'><strong>aestimatur</strong></span> <span class='ocrx_word' id='word_1_257' title='bbox 1106 2520 1121 2573; x_wconf 89' lang='lat'>9</span> <span class='ocrx_word' id='word_1_258' title='bbox 1135 2515 1254 2586; x_wconf 88' lang='lat' dir='ltr'><strong>florenis,</strong></span> <span class='ocrx_word' id='word_1_259' title='bbox 1273 2523 1398 2575; x_wconf 82' lang='lat' dir='ltr'><strong>scutatae</strong></span> <span class='ocrx_word' id='word_1_260' title='bbox 1417 2528 1526 2576; x_wconf 62' lang='lat' dir='ltr'><strong>ament*</strong></span> 
     </span>
     <span class='ocr_line' id='line_1_25' title="bbox 152 2599 1517 2674; baseline 0.004 -18"><span class='ocrx_word' id='word_1_261' title='bbox 152 2600 197 2667; x_wconf 74' lang='lat' dir='ltr'><strong>tt,</strong></span> <span class='ocrx_word' id='word_1_262' title='bbox 210 2599 332 2655; x_wconf 84' lang='lat' dir='ltr'><strong>floremus</strong></span> <span class='ocrx_word' id='word_1_263' title='bbox 345 2616 444 2654; x_wconf 75' lang='lat' dir='ltr'><strong>stereus</strong></span> <span class='ocrx_word' id='word_1_264' title='bbox 460 2603 491 2656; x_wconf 85' lang='lat'><strong>10</strong></span> <span class='ocrx_word' id='word_1_265' title='bbox 503 2600 613 2656; x_wconf 87' lang='lat' dir='ltr'><strong>florenis</strong></span> <span class='ocrx_word' id='word_1_266' title='bbox 626 2609 654 2655; x_wconf 88' lang='lat' dir='ltr'><strong>et</strong></span> <span class='ocrx_word' id='word_1_267' title='bbox 667 2605 698 2658; x_wconf 86' lang='lat' dir='ltr'><strong>ib</strong></span> <span class='ocrx_word' id='word_1_268' title='bbox 712 2603 847 2667; x_wconf 87' lang='lat' dir='ltr'><strong>cruciatis,</strong></span> <span class='ocrx_word' id='word_1_269' title='bbox 860 2603 1016 2674; x_wconf 87' lang='lat' dir='ltr'><strong>duplicatus</strong></span> <span class='ocrx_word' id='word_1_270' title='bbox 1025 2604 1190 2674; x_wconf 89' lang='lat' dir='ltr'><strong>Hispanicus</strong></span> <span class='ocrx_word' id='word_1_271' title='bbox 1201 2604 1341 2673; x_wconf 87' lang='lat' dir='ltr'><strong>(Duplon)</strong></span> <span class='ocrx_word' id='word_1_272' title='bbox 1353 2605 1390 2662; x_wconf 82' lang='grc'><strong>26</strong></span> <span class='ocrx_word' id='word_1_273' title='bbox 1396 2603 1517 2662; x_wconf 80' lang='lat' dir='ltr'><strong>florenis.</strong></span> 
     </span>
     <span class='ocr_line' id='line_1_26' title="bbox 150 2686 1517 2765; baseline 0.007 -26"><span class='ocrx_word' id='word_1_274' title='bbox 150 2696 186 2751; x_wconf 82' lang='lat' dir='ltr'><strong>(v.</strong></span> <span class='ocrx_word' id='word_1_275' title='bbox 195 2706 219 2745; x_wconf 81' lang='lat' dir='ltr'><strong>a.</strong></span> <span class='ocrx_word' id='word_1_276' title='bbox 229 2705 254 2754; x_wconf 91' lang='lat' dir='ltr'><strong>p.</strong></span> <span class='ocrx_word' id='word_1_277' title='bbox 266 2693 336 2748; x_wconf 72' lang='grc'>559.)</span> <span class='ocrx_word' id='word_1_278' title='bbox 371 2689 428 2750; x_wconf 80' lang='lat' dir='ltr'><strong>lma</strong></span> <span class='ocrx_word' id='word_1_279' title='bbox 445 2686 574 2742; x_wconf 86' lang='lat' dir='ltr'><strong>frumenti</strong></span> <span class='ocrx_word' id='word_1_280' title='bbox 593 2688 623 2762; x_wconf 65' lang='lat' dir='ltr'><strong>(ei</strong></span> <span class='ocrx_word' id='word_1_281' title='bbox 642 2689 733 2745; x_wconf 90' lang='lat' dir='ltr'><strong>simeri</strong></span> <span class='ocrx_word' id='word_1_282' title='bbox 751 2690 902 2759; x_wconf 87' lang='lat' dir='ltr'><strong>Teckiaci)‚</strong></span> <span class='ocrx_word' id='word_1_283' title='bbox 921 2692 996 2746; x_wconf 82' lang='lat' dir='ltr'><strong>venit</strong></span> <span class='ocrx_word' id='word_1_284' title='bbox 1013 2691 1047 2746; x_wconf 83' lang='lat'><strong>20</strong></span> <span class='ocrx_word' id='word_1_285' title='bbox 1063 2690 1107 2760; x_wconf 84' lang='lat' dir='ltr'><strong>ii,</strong></span> <span class='ocrx_word' id='word_1_286' title='bbox 1125 2707 1254 2747; x_wconf 88' lang='lat' dir='ltr'><strong>mensura</strong></span> <span class='ocrx_word' id='word_1_287' title='bbox 1271 2691 1327 2746; x_wconf 86' lang='lat' dir='ltr'><strong>riui</strong></span> <span class='ocrx_word' id='word_1_288' title='bbox 1345 2692 1363 2749; x_wconf 86' lang='grc'><strong>6</strong></span> <span class='ocrx_word' id='word_1_289' title='bbox 1379 2692 1517 2765; x_wconf 78' lang='lat' dir='ltr'><strong>cruaittit,</strong></span> 
     </span>
     <span class='ocr_line' id='line_1_27' title="bbox 149 2775 1518 2848; baseline 0.003 -17"><span class='ocrx_word' id='word_1_290' title='bbox 149 2775 226 2831; x_wconf 89' lang='lat' dir='ltr'><strong>libra</strong></span> <span class='ocrx_word' id='word_1_291' title='bbox 243 2775 374 2829; x_wconf 83' lang='lat' dir='ltr'><strong>vitulinae</strong></span> <span class='ocrx_word' id='word_1_292' title='bbox 395 2777 435 2843; x_wconf 77' lang='lat'><strong>12,</strong></span> <span class='ocrx_word' id='word_1_293' title='bbox 455 2777 568 2831; x_wconf 89' lang='lat' dir='ltr'><strong>bovinae</strong></span> <span class='ocrx_word' id='word_1_294' title='bbox 587 2780 613 2845; x_wconf 87' lang='grc'><strong>6,</strong></span> <span class='ocrx_word' id='word_1_295' title='bbox 631 2780 714 2833; x_wconf 79' lang='lat' dir='ltr'><strong>istc.</strong></span> <span class='ocrx_word' id='word_1_296' title='bbox 750 2779 791 2832; x_wconf 89' lang='lat' dir='ltr'><strong>De</strong></span> <span class='ocrx_word' id='word_1_297' title='bbox 810 2777 906 2833; x_wconf 90' lang='lat' dir='ltr'><strong>schola</strong></span> <span class='ocrx_word' id='word_1_298' title='bbox 923 2781 1016 2832; x_wconf 80' lang='lat' dir='ltr'><strong>restra</strong></span> <span class='ocrx_word' id='word_1_299' title='bbox 1034 2777 1143 2846; x_wconf 81' lang='lat' dir='ltr'><strong>scribis3</strong></span> <span class='ocrx_word' id='word_1_300' title='bbox 1163 2792 1225 2832; x_wconf 84' lang='lat' dir='ltr'><strong>cnm</strong></span> <span class='ocrx_word' id='word_1_301' title='bbox 1242 2776 1361 2847; x_wconf 88' lang='lat' dir='ltr'><strong>primum</strong></span> <span class='ocrx_word' id='word_1_302' title='bbox 1378 2776 1518 2848; x_wconf 88' lang='lat' dir='ltr'><strong>benignio-</strong></span> 
     </span>
     <span class='ocr_line' id='line_1_28' title="bbox 151 2861 1519 2934; baseline 0.005 -18"><span class='ocrx_word' id='word_1_303' title='bbox 151 2862 232 2916; x_wconf 90' lang='lat' dir='ltr'><strong>ribns</strong></span> <span class='ocrx_word' id='word_1_304' title='bbox 250 2861 338 2916; x_wconf 90' lang='lat' dir='ltr'><strong>oculis</strong></span> <span class='ocrx_word' id='word_1_305' title='bbox 350 2863 483 2917; x_wconf 85' lang='lat' dir='ltr'><strong>Dominus</strong></span> <span class='ocrx_word' id='word_1_306' title='bbox 502 2880 552 2919; x_wconf 89' lang='lat' dir='ltr'><strong>nos</strong></span> <span class='ocrx_word' id='word_1_307' title='bbox 566 2864 733 2934; x_wconf 83' lang='lat' dir='ltr'><strong>respexerit,</strong></span> <span class='ocrx_word' id='word_1_308' title='bbox 752 2872 829 2920; x_wconf 89' lang='lat' dir='ltr'><strong>certo</strong></span> <span class='ocrx_word' id='word_1_309' title='bbox 846 2865 896 2920; x_wconf 92' lang='lat' dir='ltr'><strong>tibi</strong></span> <span class='ocrx_word' id='word_1_310' title='bbox 913 2863 1083 2934; x_wconf 82' lang='lat' dir='ltr'><strong>persuadeas</strong></span> <span class='ocrx_word' id='word_1_311' title='bbox 1101 2863 1174 2932; x_wconf 88' lang='lat' dir='ltr'><strong>iore,</strong></span> <span class='ocrx_word' id='word_1_312' title='bbox 1193 2870 1225 2918; x_wconf 92' lang='lat' dir='ltr'><strong>ut</strong></span> <span class='ocrx_word' id='word_1_313' title='bbox 1242 2879 1260 2919; x_wconf 91' lang='lat' dir='ltr'><strong>a</strong></span> <span class='ocrx_word' id='word_1_314' title='bbox 1275 2862 1436 2934; x_wconf 82' lang='lat' dir='ltr'><strong>proceribus</strong></span> <span class='ocrx_word' id='word_1_315' title='bbox 1453 2864 1519 2923; x_wconf 80' lang='lat' dir='ltr'><strong>hin·</strong></span> 
     </span>
     <span class='ocr_line' id='line_1_29' title="bbox 152 2949 1519 3021; baseline 0.001 -15"><span class='ocrx_word' id='word_1_316' title='bbox 152 2950 230 3007; x_wconf 86' lang='lat' dir='ltr'><strong>ciam</strong></span> <span class='ocrx_word' id='word_1_317' title='bbox 245 2949 362 3004; x_wconf 79' lang='lat' dir='ltr'><strong>soceris.</strong></span> <span class='ocrx_word' id='word_1_318' title='bbox 382 2979 414 2989; x_wconf 90' lang='lat'>-</span> <span class='ocrx_word' id='word_1_319' title='bbox 434 2950 536 3018; x_wconf 85' lang='lat' dir='ltr'><strong>Aprili:</strong></span> <span class='ocrx_word' id='word_1_320' title='bbox 562 2952 664 3006; x_wconf 90' lang='lat' dir='ltr'><strong>itiones</strong></span> <span class='ocrx_word' id='word_1_321' title='bbox 688 2960 717 3008; x_wconf 90' lang='lat' dir='ltr'><strong>et</strong></span> <span class='ocrx_word' id='word_1_322' title='bbox 737 2953 886 3009; x_wconf 88' lang='lat' dir='ltr'><strong>reditiones</strong></span> <span class='ocrx_word' id='word_1_323' title='bbox 912 2951 1051 3021; x_wconf 88' lang='lat' dir='ltr'><strong>copiarum</strong></span> <span class='ocrx_word' id='word_1_324' title='bbox 1073 2949 1249 3020; x_wconf 88' lang='lat' dir='ltr'><strong>Imperatoris</strong></span> <span class='ocrx_word' id='word_1_325' title='bbox 1271 2957 1299 3005; x_wconf 88' lang='lat' dir='ltr'><strong>et</strong></span> <span class='ocrx_word' id='word_1_326' title='bbox 1324 2951 1519 3007; x_wconf 82' lang='lat' dir='ltr'><strong>Bararicaram</strong></span> 
     </span>
     <span class='ocr_line' id='line_1_30' title="bbox 152 3032 1519 3108; baseline 0.002 -15"><span class='ocrx_word' id='word_1_327' title='bbox 152 3036 250 3093; x_wconf 84' lang='lat' dir='ltr'><strong>nescio</strong></span> <span class='ocrx_word' id='word_1_328' title='bbox 270 3037 336 3105; x_wconf 83' lang='lat' dir='ltr'><strong>quiri</strong></span> <span class='ocrx_word' id='word_1_329' title='bbox 354 3038 532 3106; x_wconf 86' lang='lat' dir='ltr'><strong>portendant;</strong></span> <span class='ocrx_word' id='word_1_330' title='bbox 553 3040 698 3107; x_wconf 90' lang='lat' dir='ltr'><strong>probibeat</strong></span> <span class='ocrx_word' id='word_1_331' title='bbox 716 3061 746 3094; x_wconf 80' lang='grc' dir='ltr'><strong>το</strong></span> <span class='ocrx_word' id='word_1_332' title='bbox 765 3047 849 3103; x_wconf 72' lang='grc' dir='ltr'><strong><em>θεων,</em></strong></span> <span class='ocrx_word' id='word_1_333' title='bbox 868 3055 902 3094; x_wconf 90' lang='lat' dir='ltr'><strong>ne</strong></span> <span class='ocrx_word' id='word_1_334' title='bbox 920 3032 993 3094; x_wconf 85' lang='lat' dir='ltr'><strong>inter</strong></span> <span class='ocrx_word' id='word_1_335' title='bbox 1011 3052 1117 3093; x_wconf 89' lang='lat' dir='ltr'><strong>sacram</strong></span> <span class='ocrx_word' id='word_1_336' title='bbox 1137 3043 1165 3091; x_wconf 92' lang='lat' dir='ltr'><strong>et</strong></span> <span class='ocrx_word' id='word_1_337' title='bbox 1181 3051 1279 3092; x_wconf 87' lang='lat' dir='ltr'><strong>saxum</strong></span> <span class='ocrx_word' id='word_1_338' title='bbox 1292 3039 1411 3108; x_wconf 86' lang='lat' dir='ltr'><strong>correpti</strong></span> <span class='ocrx_word' id='word_1_339' title='bbox 1426 3046 1519 3097; x_wconf 84' lang='lat' dir='ltr'><strong>tenua·</strong></span> 
     </span>
     <span class='ocr_line' id='line_1_31' title="bbox 152 3128 1518 3196; baseline 0.003 -19"><span class='ocrx_word' id='word_1_340' title='bbox 152 3142 225 3182; x_wconf 86' lang='lat' dir='ltr'><strong>rnur.</strong></span> <span class='ocrx_word' id='word_1_341' title='bbox 270 3131 328 3187; x_wconf 76' lang='lat' dir='ltr'><strong>tiles</strong></span> <span class='ocrx_word' id='word_1_342' title='bbox 352 3133 437 3188; x_wconf 82' lang='lat' dir='ltr'><strong>gestae</strong></span> <span class='ocrx_word' id='word_1_343' title='bbox 461 3130 525 3176; x_wconf 86' lang='lat' dir='ltr'><strong>inter</strong></span> <span class='ocrx_word' id='word_1_344' title='bbox 550 3130 660 3192; x_wconf 80' lang='lat' dir='ltr'><strong>lyiiium</strong></span> <span class='ocrx_word' id='word_1_345' title='bbox 685 3136 709 3180; x_wconf 92' lang='lat' dir='ltr'><strong>ot</strong></span> <span class='ocrx_word' id='word_1_346' title='bbox 734 3132 904 3181; x_wconf 84' lang='lat' dir='ltr'><strong>Marcbiouom</strong></span> <span class='ocrx_word' id='word_1_347' title='bbox 930 3131 1085 3196; x_wconf 83' lang='lat' dir='ltr'><strong>Badensem3</strong></span> <span class='ocrx_word' id='word_1_348' title='bbox 1107 3128 1232 3194; x_wconf 89' lang='lat' dir='ltr'><strong>proelium</strong></span> <span class='ocrx_word' id='word_1_349' title='bbox 1258 3130 1290 3178; x_wconf 81' lang='lat' dir='ltr'><strong>ed</strong></span> <span class='ocrx_word' id='word_1_350' title='bbox 1314 3129 1470 3194; x_wconf 82' lang='lat' dir='ltr'><strong>Wimpinam</strong></span> <span class='ocrx_word' id='word_1_351' title='bbox 1493 3129 1518 3182; x_wconf 89' lang='lat' dir='ltr'><strong>d.</strong></span> 
     </span>
     <span class='ocr_line' id='line_1_32' title="bbox 155 3206 1520 3284; baseline 0.002 -19"><span class='ocrx_word' id='word_1_352' title='bbox 155 3219 183 3273; x_wconf 80' lang='lat'><strong>8.</strong></span> <span class='ocrx_word' id='word_1_353' title='bbox 202 3217 282 3278; x_wconf 62' lang='lat' dir='ltr'><strong>Melit</strong></span> <span class='ocrx_word' id='word_1_354' title='bbox 306 3216 453 3266; x_wconf 82' lang='lat' dir='ltr'><strong>Mansioldii</strong></span> <span class='ocrx_word' id='word_1_355' title='bbox 477 3217 667 3281; x_wconf 80' lang='lat' dir='ltr'><strong>expeditiones)</strong></span> <span class='ocrx_word' id='word_1_356' title='bbox 686 3247 718 3254; x_wconf 97' lang='lat'><strong>—</strong></span> <span class='ocrx_word' id='word_1_357' title='bbox 738 3206 863 3271; x_wconf 81' lang='lat' dir='ltr'><strong>Octobri:</strong></span> <span class='ocrx_word' id='word_1_358' title='bbox 889 3214 1039 3270; x_wconf 89' lang='lat' dir='ltr'><strong>Postremis</strong></span> <span class='ocrx_word' id='word_1_359' title='bbox 1064 3213 1119 3269; x_wconf 91' lang='lat' dir='ltr'><strong>tuis</strong></span> <span class='ocrx_word' id='word_1_360' title='bbox 1138 3212 1266 3267; x_wconf 86' lang='lat' dir='ltr'><strong>Heinium</strong></span> <span class='ocrx_word' id='word_1_361' title='bbox 1288 3212 1375 3268; x_wconf 84' lang='lat' dir='ltr'><strong>virum</strong></span> <span class='ocrx_word' id='word_1_362' title='bbox 1400 3213 1520 3284; x_wconf 85' lang='lat' dir='ltr'><strong>descrip-</strong></span> 
     </span>
     <span class='ocr_line' id='line_1_33' title="bbox 154 3299 1521 3373; baseline 0.001 -19"><span class='ocrx_word' id='word_1_363' title='bbox 154 3302 227 3360; x_wconf 80' lang='lat' dir='ltr'><strong>sisti.</strong></span> <span class='ocrx_word' id='word_1_364' title='bbox 265 3299 364 3355; x_wconf 90' lang='lat' dir='ltr'><strong>Testor</strong></span> <span class='ocrx_word' id='word_1_365' title='bbox 381 3300 461 3356; x_wconf 90' lang='lat' dir='ltr'><strong>fidem</strong></span> <span class='ocrx_word' id='word_1_366' title='bbox 481 3300 622 3369; x_wconf 88' lang='lat' dir='ltr'><strong>sinceram,</strong></span> <span class='ocrx_word' id='word_1_367' title='bbox 640 3302 693 3358; x_wconf 90' lang='lat' dir='ltr'><strong>hoc</strong></span> <span class='ocrx_word' id='word_1_368' title='bbox 711 3319 766 3358; x_wconf 90' lang='lat' dir='ltr'><strong>nou</strong></span> <span class='ocrx_word' id='word_1_369' title='bbox 785 3310 844 3357; x_wconf 87' lang='lat' dir='ltr'><strong>erat</strong></span> <span class='ocrx_word' id='word_1_370' title='bbox 861 3303 1047 3373; x_wconf 86' lang='lat' dir='ltr'><strong>propositum,</strong></span> <span class='ocrx_word' id='word_1_371' title='bbox 1066 3317 1128 3356; x_wconf 91' lang='lat' dir='ltr'><strong>cum</strong></span> <span class='ocrx_word' id='word_1_372' title='bbox 1146 3305 1343 3369; x_wconf 77' lang='lat' dir='ltr'><strong>boapoyaioera</strong></span> <span class='ocrx_word' id='word_1_373' title='bbox 1359 3299 1443 3355; x_wconf 88' lang='lat' dir='ltr'><strong>istum</strong></span> <span class='ocrx_word' id='word_1_374' title='bbox 1461 3300 1521 3356; x_wconf 91' lang='lat' dir='ltr'><strong>mit·</strong></span> 
     </span>
     <span class='ocr_line' id='line_1_34' title="bbox 154 3388 1520 3460; baseline -0.001 -14"><span class='ocrx_word' id='word_1_375' title='bbox 154 3398 258 3459; x_wconf 81' lang='lat' dir='ltr'><strong>terem3</strong></span> <span class='ocrx_word' id='word_1_376' title='bbox 283 3391 391 3444; x_wconf 91' lang='lat' dir='ltr'><strong>omnino</strong></span> <span class='ocrx_word' id='word_1_377' title='bbox 415 3392 565 3443; x_wconf 71' lang='lat' dir='ltr'><strong>modulator</strong></span> <span class='ocrx_word' id='word_1_378' title='bbox 590 3406 620 3446; x_wconf 90' lang='lat' dir='ltr'><strong>se</strong></span> <span class='ocrx_word' id='word_1_379' title='bbox 642 3392 783 3460; x_wconf 87' lang='lat' dir='ltr'><strong>probarat.</strong></span> <span class='ocrx_word' id='word_1_380' title='bbox 819 3389 922 3445; x_wconf 84' lang='lat' dir='ltr'><strong>Veram</strong></span> <span class='ocrx_word' id='word_1_381' title='bbox 946 3389 1088 3460; x_wconf 87' lang='lat' dir='ltr'><strong>sperabam</strong></span> <span class='ocrx_word' id='word_1_382' title='bbox 1112 3389 1247 3458; x_wconf 84' lang='lat' dir='ltr'><strong>futurum,</strong></span> <span class='ocrx_word' id='word_1_383' title='bbox 1273 3394 1304 3443; x_wconf 89' lang='lat' dir='ltr'><strong>nt</strong></span> <span class='ocrx_word' id='word_1_384' title='bbox 1323 3388 1414 3457; x_wconf 91' lang='lat' dir='ltr'><strong>operis</strong></span> <span class='ocrx_word' id='word_1_385' title='bbox 1432 3388 1520 3458; x_wconf 88' lang='lat' dir='ltr'><strong>quoti·</strong></span> 
     </span>
     <span class='ocr_line' id='line_1_35' title="bbox 155 3474 1521 3548; baseline -0.001 -14"><span class='ocrx_word' id='word_1_386' title='bbox 155 3478 242 3534; x_wconf 86' lang='lat' dir='ltr'><strong>diana</strong></span> <span class='ocrx_word' id='word_1_387' title='bbox 265 3477 408 3532; x_wconf 84' lang='lat' dir='ltr'><strong>exactione</strong></span> <span class='ocrx_word' id='word_1_388' title='bbox 433 3478 667 3533; x_wconf 87' lang='lat' dir='ltr'><strong>sermocinationis</strong></span> <span class='ocrx_word' id='word_1_389' title='bbox 689 3475 832 3548; x_wconf 73' lang='grc' dir='ltr'><strong><em>ἁποιρατου</em></strong></span> <span class='ocrx_word' id='word_1_390' title='bbox 849 3498 946 3548; x_wconf 70' lang='lat' dir='ltr'><strong>ungor</strong></span> <span class='ocrx_word' id='word_1_391' title='bbox 972 3475 1119 3542; x_wconf 84' lang='lat' dir='ltr'><strong>inveniret,</strong></span> <span class='ocrx_word' id='word_1_392' title='bbox 1145 3476 1307 3545; x_wconf 89' lang='lat' dir='ltr'><strong>praesertim</strong></span> <span class='ocrx_word' id='word_1_393' title='bbox 1329 3474 1375 3529; x_wconf 87' lang='lat' dir='ltr'><strong>ubi</strong></span> <span class='ocrx_word' id='word_1_394' title='bbox 1393 3483 1521 3544; x_wconf 82' lang='lat' dir='ltr'><strong>ageretur</strong></span> 
     </span>
     <span class='ocr_line' id='line_1_36' title="bbox 156 3561 1520 3634; baseline 0 -15"><span class='ocrx_word' id='word_1_395' title='bbox 156 3565 300 3634; x_wconf 79' lang='lat' dir='ltr'><strong>negotium</strong></span> <span class='ocrx_word' id='word_1_396' title='bbox 320 3563 437 3618; x_wconf 82' lang='lat' dir='ltr'><strong>famelici</strong></span> <span class='ocrx_word' id='word_1_397' title='bbox 456 3565 567 3618; x_wconf 82' lang='lat' dir='ltr'><strong>ventris.</strong></span> <span class='ocrx_word' id='word_1_398' title='bbox 605 3565 658 3620; x_wconf 87' lang='lat' dir='ltr'><strong>Sed</strong></span> <span class='ocrx_word' id='word_1_399' title='bbox 676 3566 745 3621; x_wconf 90' lang='lat' dir='ltr'><strong>haec</strong></span> <span class='ocrx_word' id='word_1_400' title='bbox 770 3566 808 3621; x_wconf 91' lang='lat' dir='ltr'><strong>ita</strong></span> <span class='ocrx_word' id='word_1_401' title='bbox 826 3564 947 3620; x_wconf 89' lang='lat' dir='ltr'><strong>habeant</strong></span> <span class='ocrx_word' id='word_1_402' title='bbox 949 3603 1083 3620; x_wconf 85' lang='grc'><strong>.......</strong></span> <span class='ocrx_word' id='word_1_403' title='bbox 1121 3562 1314 3618; x_wconf 87' lang='lat' dir='ltr'><strong>Stereometria</strong></span> <span class='ocrx_word' id='word_1_404' title='bbox 1336 3569 1384 3618; x_wconf 92' lang='lat' dir='ltr'><strong>tua</strong></span> <span class='ocrx_word' id='word_1_405' title='bbox 1402 3561 1520 3619; x_wconf 89' lang='lat' dir='ltr'><strong>Domine</strong></span> 
     </span>
     <span class='ocr_line' id='line_1_37' title="bbox 157 3648 1521 3721; baseline -0.001 -13"><span class='ocrx_word' id='word_1_406' title='bbox 157 3652 265 3708; x_wconf 87' lang='lat' dir='ltr'><strong>Oraitio</strong></span> <span class='ocrx_word' id='word_1_407' title='bbox 283 3650 456 3720; x_wconf 85' lang='lat' dir='ltr'><strong>perjucunda</strong></span> <span class='ocrx_word' id='word_1_408' title='bbox 474 3653 585 3719; x_wconf 88' lang='lat' dir='ltr'><strong>accidit,</strong></span> <span class='ocrx_word' id='word_1_409' title='bbox 610 3653 657 3720; x_wconf 86' lang='lat' dir='ltr'><strong>qui</strong></span> <span class='ocrx_word' id='word_1_410' title='bbox 675 3654 757 3709; x_wconf 88' lang='lat' dir='ltr'><strong>etism</strong></span> <span class='ocrx_word' id='word_1_411' title='bbox 776 3652 891 3708; x_wconf 90' lang='lat' dir='ltr'><strong>solidam</strong></span> <span class='ocrx_word' id='word_1_412' title='bbox 909 3652 1065 3721; x_wconf 90' lang='lat' dir='ltr'><strong>repromisit</strong></span> <span class='ocrx_word' id='word_1_413' title='bbox 1087 3651 1212 3720; x_wconf 82' lang='lat' dir='ltr'><strong>gratiam.</strong></span> <span class='ocrx_word' id='word_1_414' title='bbox 1232 3680 1266 3688; x_wconf 95' lang='lat'>—</span> <span class='ocrx_word' id='word_1_415' title='bbox 1284 3648 1428 3718; x_wconf 84' lang='lat' dir='ltr'><strong>Epistolae</strong></span> <span class='ocrx_word' id='word_1_416' title='bbox 1447 3648 1521 3721; x_wconf 84' lang='lat' dir='ltr'><strong>Kep-</strong></span> 
     </span>
     <span class='ocr_line' id='line_1_38' title="bbox 156 3737 1521 3810; baseline 0 -16"><span class='ocrx_word' id='word_1_417' title='bbox 156 3740 210 3795; x_wconf 89' lang='lat' dir='ltr'><strong>leri</strong></span> <span class='ocrx_word' id='word_1_418' title='bbox 230 3755 324 3794; x_wconf 91' lang='lat' dir='ltr'><strong>omnes</strong></span> <span class='ocrx_word' id='word_1_419' title='bbox 344 3739 548 3795; x_wconf 86' lang='lat' dir='ltr'><strong>interciderunt.</strong></span> <span class='ocrx_word' id='word_1_420' title='bbox 587 3740 665 3794; x_wconf 86' lang='lat' dir='ltr'><strong>Circa</strong></span> <span class='ocrx_word' id='word_1_421' title='bbox 682 3741 764 3796; x_wconf 90' lang='lat' dir='ltr'><strong>finem</strong></span> <span class='ocrx_word' id='word_1_422' title='bbox 782 3741 845 3796; x_wconf 90' lang='lat' dir='ltr'><strong>anni</strong></span> <span class='ocrx_word' id='word_1_423' title='bbox 864 3741 975 3810; x_wconf 88' lang='lat' dir='ltr'><strong>scripsit</strong></span> <span class='ocrx_word' id='word_1_424' title='bbox 992 3740 1128 3808; x_wconf 87' lang='lat' dir='ltr'><strong>Ksplerus</strong></span> <span class='ocrx_word' id='word_1_425' title='bbox 1146 3737 1355 3807; x_wconf 90' lang='lat' dir='ltr'><strong>Prognosticum</strong></span> <span class='ocrx_word' id='word_1_426' title='bbox 1376 3738 1404 3793; x_wconf 92' lang='lat' dir='ltr'><strong>in</strong></span> <span class='ocrx_word' id='word_1_427' title='bbox 1421 3754 1521 3794; x_wconf 86' lang='lat' dir='ltr'><strong>annum</strong></span> 
     </span>
     <span class='ocr_line' id='line_1_39' title="bbox 159 3820 1522 3897; baseline -0.002 -13"><span class='ocrx_word' id='word_1_428' title='bbox 159 3829 241 3885; x_wconf 82' lang='grc'><strong>1623.</strong></span> <span class='ocrx_word' id='word_1_429' title='bbox 278 3827 393 3883; x_wconf 87' lang='lat' dir='ltr'><strong>Ordines</strong></span> <span class='ocrx_word' id='word_1_430' title='bbox 414 3827 549 3883; x_wconf 74' lang='lat' dir='ltr'><strong>riustriuci</strong></span> <span class='ocrx_word' id='word_1_431' title='bbox 568 3829 746 3883; x_wconf 86' lang='lat' dir='ltr'><strong>decreverunt</strong></span> <span class='ocrx_word' id='word_1_432' title='bbox 762 3828 938 3883; x_wconf 89' lang='lat' dir='ltr'><strong>honorarium</strong></span> <span class='ocrx_word' id='word_1_433' title='bbox 956 3828 991 3883; x_wconf 80' lang='lat'><strong>40</strong></span> <span class='ocrx_word' id='word_1_434' title='bbox 1009 3825 1175 3881; x_wconf 88' lang='lat' dir='ltr'><strong>florenorum</strong></span> <span class='ocrx_word' id='word_1_435' title='bbox 1196 3826 1273 3891; x_wconf 85' lang='lat' dir='ltr'><strong>„dem</strong></span> <span class='ocrx_word' id='word_1_436' title='bbox 1292 3824 1407 3894; x_wconf 78' lang='lat' dir='ltr'><strong>Ludwig</strong></span> <span class='ocrx_word' id='word_1_437' title='bbox 1418 3820 1522 3897; x_wconf 82' lang='lat' dir='ltr'><strong>lieplsr</strong></span> 
     </span>
     <span class='ocr_line' id='line_1_40' title="bbox 158 3913 1357 3985; baseline 0 -16"><span class='ocrx_word' id='word_1_438' title='bbox 158 3915 205 3971; x_wconf 86' lang='lat' dir='ltr'><strong>ittr</strong></span> <span class='ocrx_word' id='word_1_439' title='bbox 224 3914 435 3983; x_wconf 77' lang='lat' dir='ltr'><strong>Abschreibung</strong></span> <span class='ocrx_word' id='word_1_440' title='bbox 453 3915 506 3968; x_wconf 83' lang='lat' dir='ltr'><strong>md</strong></span> <span class='ocrx_word' id='word_1_441' title='bbox 525 3914 693 3984; x_wconf 70' lang='lat' dir='ltr'><strong>ebergebnes</strong></span> <span class='ocrx_word' id='word_1_442' title='bbox 711 3916 921 3985; x_wconf 89' lang='lat' dir='ltr'><strong>Prognosticum</strong></span> <span class='ocrx_word' id='word_1_443' title='bbox 940 3915 1029 3970; x_wconf 84' lang='lat' dir='ltr'><strong>seinos</strong></span> <span class='ocrx_word' id='word_1_444' title='bbox 1046 3916 1146 3971; x_wconf 86' lang='lat' dir='ltr'><strong>Vaters</strong></span> <span class='ocrx_word' id='word_1_445' title='bbox 1165 3915 1209 3971; x_wconf 88' lang='lat' dir='ltr'><strong>Jo.</strong></span> <span class='ocrx_word' id='word_1_446' title='bbox 1230 3913 1357 3985; x_wconf 85' lang='lat' dir='ltr'><strong>Kepler.“</strong></span> 
     </span>
    </p>
   </div>
   <div class='ocr_carea' id='block_1_5' title="bbox 157 4004 1597 4872">
    <p class='ocr_par' dir='ltr' id='par_1_6' title="bbox 157 4004 1597 4434">
     <span class='ocr_line' id='line_1_41' title="bbox 267 4004 1520 4070; baseline -0.003 -1"><span class='ocrx_word' id='word_1_447' title='bbox 267 4005 352 4070; x_wconf 72' lang='lat' dir='ltr'><strong>itti.</strong></span> <span class='ocrx_word' id='word_1_448' title='bbox 385 4007 543 4066; x_wconf 79' lang='lat' dir='ltr'><strong>Resolutie</strong></span> <span class='ocrx_word' id='word_1_449' title='bbox 567 4010 646 4067; x_wconf 82' lang='lat' dir='ltr'><strong>atini.</strong></span> <span class='ocrx_word' id='word_1_450' title='bbox 685 4009 778 4067; x_wconf 87' lang='lat' dir='ltr'><strong>Natus</strong></span> <span class='ocrx_word' id='word_1_451' title='bbox 811 4008 883 4067; x_wconf 87' lang='lat' dir='ltr'><strong>mihi</strong></span> <span class='ocrx_word' id='word_1_452' title='bbox 911 4008 987 4067; x_wconf 89' lang='lat' dir='ltr'><strong>iilius</strong></span> <span class='ocrx_word' id='word_1_453' title='bbox 1012 4007 1146 4067; x_wconf 77' lang='lat' dir='ltr'><strong>Fridmar</strong></span> <span class='ocrx_word' id='word_1_454' title='bbox 1176 4013 1229 4068; x_wconf 77' lang='lat' dir='ltr'><strong>at.</strong></span> <span class='ocrx_word' id='word_1_455' title='bbox 1251 4005 1389 4067; x_wconf 84' lang='lat' dir='ltr'><strong>Januarii</strong></span> <span class='ocrx_word' id='word_1_456' title='bbox 1413 4004 1520 4065; x_wconf 87' lang='lat' dir='ltr'><strong>Lincil.</strong></span> 
     </span>
     <span class='ocr_line' id='line_1_42' title="bbox 159 4093 1521 4173; baseline 0 -18"><span class='ocrx_word' id='word_1_457' title='bbox 159 4095 335 4173; x_wconf 89' lang='lat' dir='ltr'><strong>Baptisatus</strong></span> <span class='ocrx_word' id='word_1_458' title='bbox 359 4096 386 4150; x_wconf 89' lang='lat' dir='ltr'><strong>in</strong></span> <span class='ocrx_word' id='word_1_459' title='bbox 410 4094 483 4153; x_wconf 87' lang='lat' dir='ltr'><strong>aede</strong></span> <span class='ocrx_word' id='word_1_460' title='bbox 510 4093 685 4172; x_wconf 83' lang='lat' dir='ltr'><strong>provinciali</strong></span> <span class='ocrx_word' id='word_1_461' title='bbox 708 4114 727 4155; x_wconf 88' lang='lat' dir='ltr'><strong>a</strong></span> <span class='ocrx_word' id='word_1_462' title='bbox 750 4097 786 4154; x_wconf 84' lang='lat' dir='ltr'><strong>D.</strong></span> <span class='ocrx_word' id='word_1_463' title='bbox 811 4115 871 4156; x_wconf 84' lang='lat' dir='ltr'><strong>rev.</strong></span> <span class='ocrx_word' id='word_1_464' title='bbox 894 4093 965 4155; x_wconf 85' lang='lat' dir='ltr'><strong>Job.</strong></span> <span class='ocrx_word' id='word_1_465' title='bbox 990 4095 1054 4154; x_wconf 88' lang='lat' dir='ltr'><strong>Rcu</strong></span> <span class='ocrx_word' id='word_1_466' title='bbox 1069 4096 1109 4173; x_wconf 78' lang='lat' dir='ltr'><strong>(l)</strong></span> <span class='ocrx_word' id='word_1_467' title='bbox 1134 4097 1341 4155; x_wconf 88' lang='lat' dir='ltr'><strong>concionatore</strong></span> <span class='ocrx_word' id='word_1_468' title='bbox 1373 4094 1521 4170; x_wconf 81' lang='lat' dir='ltr'><strong>primarie.</strong></span> 
     </span>
     <span class='ocr_line' id='line_1_43' title="bbox 157 4178 1597 4265; baseline -0.003 -20"><span class='ocrx_word' id='word_1_469' title='bbox 157 4183 301 4245; x_wconf 85' lang='lat' dir='ltr'><strong>Patrimi:</strong></span> <span class='ocrx_word' id='word_1_470' title='bbox 333 4182 372 4239; x_wconf 86' lang='lat' dir='ltr'><strong>D.</strong></span> <span class='ocrx_word' id='word_1_471' title='bbox 397 4181 546 4241; x_wconf 83' lang='lat' dir='ltr'><strong>Abraham</strong></span> <span class='ocrx_word' id='word_1_472' title='bbox 574 4181 726 4257; x_wconf 85' lang='lat' dir='ltr'><strong>Schwarz,</strong></span> <span class='ocrx_word' id='word_1_473' title='bbox 759 4184 796 4242; x_wconf 89' lang='lat' dir='ltr'><strong>D.</strong></span> <span class='ocrx_word' id='word_1_474' title='bbox 821 4183 1014 4242; x_wconf 86' lang='lat' dir='ltr'><strong>Sebastianus</strong></span> <span class='ocrx_word' id='word_1_475' title='bbox 1038 4183 1239 4255; x_wconf 81' lang='lat' dir='ltr'><strong>Peumaister,</strong></span> <span class='ocrx_word' id='word_1_476' title='bbox 1269 4178 1406 4259; x_wconf 83' lang='lat' dir='ltr'><strong>Joergeri</strong></span> <span class='ocrx_word' id='word_1_477' title='bbox 1434 4179 1522 4241; x_wconf 86' lang='lat' dir='ltr'><strong>auiae</strong></span> <span class='ocrx_word' id='word_1_478' title='bbox 1594 4258 1597 4265; x_wconf 26' lang='grc' dir='ltr'>Ι</span> 
     </span>
     <span class='ocr_line' id='line_1_44' title="bbox 159 4266 1523 4347; baseline 0 -18"><span class='ocrx_word' id='word_1_479' title='bbox 159 4272 321 4346; x_wconf 83' lang='lat' dir='ltr'><strong>magister,</strong></span> <span class='ocrx_word' id='word_1_480' title='bbox 353 4287 418 4328; x_wconf 86' lang='lat' dir='ltr'><strong>cunt</strong></span> <span class='ocrx_word' id='word_1_481' title='bbox 440 4288 530 4329; x_wconf 83' lang='lat' dir='ltr'><strong>uxore</strong></span> <span class='ocrx_word' id='word_1_482' title='bbox 554 4271 713 4329; x_wconf 86' lang='lat' dir='ltr'><strong>Catharina</strong></span> <span class='ocrx_word' id='word_1_483' title='bbox 735 4287 864 4347; x_wconf 86' lang='lat' dir='ltr'><strong>gcporue</strong></span> <span class='ocrx_word' id='word_1_484' title='bbox 887 4269 1025 4346; x_wconf 87' lang='lat' dir='ltr'><strong>Hagenin</strong></span> <span class='ocrx_word' id='word_1_485' title='bbox 1048 4288 1117 4329; x_wconf 87' lang='lat' dir='ltr'><strong>ausa</strong></span> <span class='ocrx_word' id='word_1_486' title='bbox 1140 4269 1303 4329; x_wconf 87' lang='lat' dir='ltr'><strong>Kiirnthen.</strong></span> <span class='ocrx_word' id='word_1_487' title='bbox 1348 4268 1443 4328; x_wconf 81' lang='lat' dir='ltr'><strong>Filius</strong></span> <span class='ocrx_word' id='word_1_488' title='bbox 1466 4266 1523 4343; x_wconf 74' lang='lat' dir='ltr'><strong>Sa·</strong></span> 
     </span>
     <span class='ocr_line' id='line_1_45' title="bbox 160 4355 1523 4434; baseline -0.001 -16"><span class='ocrx_word' id='word_1_489' title='bbox 160 4358 281 4431; x_wconf 82' lang='lat' dir='ltr'><strong>baldus,</strong></span> <span class='ocrx_word' id='word_1_490' title='bbox 306 4357 425 4415; x_wconf 84' lang='lat' dir='ltr'><strong>varioiis</strong></span> <span class='ocrx_word' id='word_1_491' title='bbox 449 4374 522 4433; x_wconf 88' lang='lat' dir='ltr'><strong>pene</strong></span> <span class='ocrx_word' id='word_1_492' title='bbox 546 4366 674 4427; x_wconf 87' lang='lat' dir='ltr'><strong>enectus,</strong></span> <span class='ocrx_word' id='word_1_493' title='bbox 699 4356 839 4417; x_wconf 87' lang='lat' dir='ltr'><strong>decubuit</strong></span> <span class='ocrx_word' id='word_1_494' title='bbox 863 4357 910 4416; x_wconf 89' lang='lat' dir='ltr'><strong>die</strong></span> <span class='ocrx_word' id='word_1_495' title='bbox 934 4358 1064 4434; x_wconf 88' lang='lat' dir='ltr'><strong>corporis</strong></span> <span class='ocrx_word' id='word_1_496' title='bbox 1088 4357 1207 4418; x_wconf 86' lang='lat' dir='ltr'><strong>Christi.</strong></span> <span class='ocrx_word' id='word_1_497' title='bbox 1247 4355 1335 4417; x_wconf 84' lang='lat' dir='ltr'><strong>Edita</strong></span> <span class='ocrx_word' id='word_1_498' title='bbox 1358 4355 1523 4416; x_wconf 87' lang='lat' dir='ltr'><strong>Oorriessie.</strong></span> 
     </span>
    </p>

    <p class='ocr_par' dir='ltr' id='par_1_7' title="bbox 160 4441 1525 4872">
     <span class='ocr_line' id='line_1_46' title="bbox 269 4441 1523 4520; baseline -0.002 -17"><span class='ocrx_word' id='word_1_499' title='bbox 269 4443 373 4503; x_wconf 86' lang='lat' dir='ltr'><strong>Editus</strong></span> <span class='ocrx_word' id='word_1_500' title='bbox 396 4444 525 4502; x_wconf 78' lang='lat' dir='ltr'><strong>Discors</strong></span> <span class='ocrx_word' id='word_1_501' title='bbox 548 4463 609 4503; x_wconf 86' lang='lat' dir='ltr'><strong>uon</strong></span> <span class='ocrx_word' id='word_1_502' title='bbox 637 4445 691 4502; x_wconf 82' lang='lat' dir='ltr'><strong>der</strong></span> <span class='ocrx_word' id='word_1_503' title='bbox 712 4463 835 4520; x_wconf 77' lang='lat' dir='ltr'><strong>grosseti</strong></span> <span class='ocrx_word' id='word_1_504' title='bbox 862 4444 1070 4517; x_wconf 79' lang='lat' dir='ltr'><strong>Oonjuaction</strong></span> <span class='ocrx_word' id='word_1_505' title='bbox 1093 4452 1136 4503; x_wconf 80' lang='lat' dir='ltr'><strong>cic</strong></span> <span class='ocrx_word' id='word_1_506' title='bbox 1137 4486 1243 4507; x_wconf 83' lang='grc'><strong>.....</strong></span> <span class='ocrx_word' id='word_1_507' title='bbox 1292 4441 1398 4505; x_wconf 83' lang='lat' dir='ltr'><strong>Obwol</strong></span> <span class='ocrx_word' id='word_1_508' title='bbox 1421 4442 1469 4502; x_wconf 86' lang='lat' dir='ltr'><strong>ich</strong></span> <span class='ocrx_word' id='word_1_509' title='bbox 1492 4444 1523 4501; x_wconf 89' lang='lat' dir='ltr'><strong>in</strong></span> 
     </span>
     <span class='ocr_line' id='line_1_47' title="bbox 160 4530 1523 4608; baseline -0.001 -16"><span class='ocrx_word' id='word_1_510' title='bbox 160 4533 385 4592; x_wconf 84' lang='lat' dir='ltr'><strong>continuatione</strong></span> <span class='ocrx_word' id='word_1_511' title='bbox 408 4532 634 4607; x_wconf 88' lang='lat' dir='ltr'><strong>Ephemeridum</strong></span> <span class='ocrx_word' id='word_1_512' title='bbox 658 4533 721 4591; x_wconf 86' lang='lat' dir='ltr'><strong>auis</strong></span> <span class='ocrx_word' id='word_1_513' title='bbox 741 4532 794 4591; x_wconf 88' lang='lat' dir='ltr'><strong>das</strong></span> <span class='ocrx_word' id='word_1_514' title='bbox 812 4539 905 4593; x_wconf 72' lang='lat'><strong>1623.</strong></span> <span class='ocrx_word' id='word_1_515' title='bbox 921 4531 996 4591; x_wconf 88' lang='lat' dir='ltr'><strong>Jahr</strong></span> <span class='ocrx_word' id='word_1_516' title='bbox 1019 4531 1226 4608; x_wconf 88' lang='lat' dir='ltr'><strong>iortgeiahrcn,</strong></span> <span class='ocrx_word' id='word_1_517' title='bbox 1250 4530 1326 4590; x_wconf 87' lang='lat' dir='ltr'><strong>anch</strong></span> <span class='ocrx_word' id='word_1_518' title='bbox 1348 4533 1444 4591; x_wconf 81' lang='lat' dir='ltr'><strong>maine</strong></span> <span class='ocrx_word' id='word_1_519' title='bbox 1466 4547 1523 4608; x_wconf 83' lang='lat' dir='ltr'><strong>ga·</strong></span> 
     </span>
     <span class='ocr_line' id='line_1_48' title="bbox 160 4615 1525 4697; baseline -0.002 -18"><span class='ocrx_word' id='word_1_520' title='bbox 160 4619 308 4681; x_wconf 61' lang='lat' dir='ltr'><strong>&#39;doliche</strong></span> <span class='ocrx_word' id='word_1_521' title='bbox 325 4619 515 4694; x_wconf 76' lang='lat' dir='ltr'><strong>conjecturas</strong></span> <span class='ocrx_word' id='word_1_522' title='bbox 531 4617 679 4678; x_wconf 89' lang='lat' dir='ltr'><strong>naturales</strong></span> <span class='ocrx_word' id='word_1_523' title='bbox 703 4638 739 4678; x_wconf 87' lang='lat' dir='ltr'><strong>zu</strong></span> <span class='ocrx_word' id='word_1_524' title='bbox 755 4619 860 4697; x_wconf 88' lang='lat' dir='ltr'><strong>Papier</strong></span> <span class='ocrx_word' id='word_1_525' title='bbox 882 4618 1032 4696; x_wconf 82' lang='lat' dir='ltr'><strong>gebracht,</strong></span> <span class='ocrx_word' id='word_1_526' title='bbox 1056 4637 1089 4678; x_wconf 92' lang='lat' dir='ltr'><strong>so</strong></span> <span class='ocrx_word' id='word_1_527' title='bbox 1113 4618 1165 4679; x_wconf 90' lang='lat' dir='ltr'><strong>hat</strong></span> <span class='ocrx_word' id='word_1_528' title='bbox 1186 4621 1241 4678; x_wconf 90' lang='lat' dir='ltr'><strong>mir</strong></span> <span class='ocrx_word' id='word_1_529' title='bbox 1264 4616 1340 4678; x_wconf 89' lang='lat' dir='ltr'><strong>doch</strong></span> <span class='ocrx_word' id='word_1_530' title='bbox 1357 4618 1411 4678; x_wconf 86' lang='lat' dir='ltr'><strong>das</strong></span> <span class='ocrx_word' id='word_1_531' title='bbox 1426 4615 1525 4677; x_wconf 82' lang='lat' dir='ltr'><strong>Gluok</strong></span> 
     </span>
     <span class='ocr_line' id='line_1_49' title="bbox 160 4703 1524 4780; baseline -0.004 -12"><span class='ocrx_word' id='word_1_532' title='bbox 160 4722 198 4768; x_wconf 80' lang='lat' dir='ltr'><strong>ae</strong></span> <span class='ocrx_word' id='word_1_533' title='bbox 221 4710 292 4767; x_wconf 80' lang='lat' dir='ltr'><strong>weit</strong></span> <span class='ocrx_word' id='word_1_534' title='bbox 314 4711 357 4766; x_wconf 90' lang='lat' dir='ltr'><strong>nit</strong></span> <span class='ocrx_word' id='word_1_535' title='bbox 371 4706 527 4766; x_wconf 86' lang='lat' dir='ltr'><strong>secundirn</strong></span> <span class='ocrx_word' id='word_1_536' title='bbox 544 4709 659 4780; x_wconf 86' lang='lat' dir='ltr'><strong>mbgen,</strong></span> <span class='ocrx_word' id='word_1_537' title='bbox 683 4705 750 4765; x_wconf 90' lang='lat' dir='ltr'><strong>dass</strong></span> <span class='ocrx_word' id='word_1_538' title='bbox 774 4707 821 4766; x_wconf 93' lang='lat' dir='ltr'><strong>ich</strong></span> <span class='ocrx_word' id='word_1_539' title='bbox 845 4725 876 4767; x_wconf 92' lang='lat' dir='ltr'><strong>es</strong></span> <span class='ocrx_word' id='word_1_540' title='bbox 899 4725 936 4765; x_wconf 82' lang='lat' dir='ltr'><strong>aa</strong></span> <span class='ocrx_word' id='word_1_541' title='bbox 959 4706 1073 4766; x_wconf 80' lang='lat' dir='ltr'><strong>rechten</strong></span> <span class='ocrx_word' id='word_1_542' title='bbox 1088 4705 1154 4765; x_wconf 85' lang='lat' dir='ltr'><strong>Zeit</strong></span> <span class='ocrx_word' id='word_1_543' title='bbox 1176 4708 1206 4764; x_wconf 91' lang='lat' dir='ltr'><strong>in</strong></span> <span class='ocrx_word' id='word_1_544' title='bbox 1223 4706 1409 4766; x_wconf 89' lang='lat' dir='ltr'><strong>oiientiicben</strong></span> <span class='ocrx_word' id='word_1_545' title='bbox 1425 4703 1524 4765; x_wconf 83' lang='lat' dir='ltr'><strong>Trucir</strong></span> 
     </span>
     <span class='ocr_line' id='line_1_50' title="bbox 160 4792 1523 4872; baseline -0.001 -15"><span class='ocrx_word' id='word_1_546' title='bbox 160 4795 245 4857; x_wconf 75' lang='lat' dir='ltr'><strong>inette</strong></span> <span class='ocrx_word' id='word_1_547' title='bbox 268 4796 388 4871; x_wconf 89' lang='lat' dir='ltr'><strong>bringen</strong></span> <span class='ocrx_word' id='word_1_548' title='bbox 411 4794 535 4855; x_wconf 85' lang='lat' dir='ltr'><strong>ir&#39;dnden.</strong></span> <span class='ocrx_word' id='word_1_549' title='bbox 567 4793 691 4854; x_wconf 85' lang='lat' dir='ltr'><strong>Dicrreii</strong></span> <span class='ocrx_word' id='word_1_550' title='bbox 714 4794 785 4854; x_wconf 88' lang='lat' dir='ltr'><strong>aber</strong></span> <span class='ocrx_word' id='word_1_551' title='bbox 808 4794 915 4856; x_wconf 87' lang='lat' dir='ltr'><strong>etiiche</strong></span> <span class='ocrx_word' id='word_1_552' title='bbox 929 4792 1218 4872; x_wconf 84' lang='lat' dir='ltr'><strong>Kunstrerstendige</strong></span> <span class='ocrx_word' id='word_1_553' title='bbox 1239 4793 1318 4853; x_wconf 88' lang='lat' dir='ltr'><strong>mich</strong></span> <span class='ocrx_word' id='word_1_554' title='bbox 1340 4792 1523 4869; x_wconf 77' lang='lat' dir='ltr'><strong>eermahnet,</strong></span> 
     </span>
    </p>
   </div>
   <div class='ocr_carea' id='block_1_6' title="bbox 1259 4891 1315 4951">
    <p class='ocr_par' dir='ltr' id='par_1_8' title="bbox 1259 4891 1315 4951">
     <span class='ocr_line' id='line_1_51' title="bbox 1259 4891 1315 4951; baseline 0.036 -2"><span class='ocrx_word' id='word_1_555' title='bbox 1259 4891 1315 4951; x_wconf 77' lang='lat'><strong>57⁸</strong></span> 
     </span>
    </p>
   </div>
   <div class='ocr_carea' id='block_1_7' title="bbox 0 0 1679 5534">
    <p class='ocr_par' dir='ltr' id='par_1_9' title="bbox 0 0 1679 5534">
     <span class='ocr_line' id='line_1_52' title="bbox 0 0 1679 5534; baseline 0 0"><span class='ocrx_word' id='word_1_556' title='bbox 0 0 1679 5534; x_wconf 95' lang='lat' dir='ltr'><strong> </strong></span> 
     </span>
    </p>
   </div>
  </div>
 </body>
</html>
