3308 5534
762 397 890 455 Carmina

593 574 736 658 lessus.

248 710 289 770 iit
311 717 350 783 te,
372 711 528 786 progenies
549 709 709 771 sceleratae
731 708 843 786 perlida
864 709 955 770 Labie

335 797 462 856 Eritium
483 804 585 857 sancto
608 796 689 857 Mors
711 796 853 858 meditata
873 800 966 876 gregi,

250 885 290 946 At
312 891 341 944 te
364 901 417 960 pro
440 892 522 944 tanto
545 884 654 945 scelere
677 892 706 944 et
727 902 780 962 pro
803 884 913 945 talibm
936 889 1026 959 ausis,

336 970 491 1047 Quondam
514 974 603 1032 etiam
625 973 738 1043 victrix,
762 989 839 1031 nnnc
861 974 964 1032 iterum
988 973 1083 1035 Hasta
1105 983 1199 1053 necet.

248 1059 343 1137 Quam
366 1077 462 1135 neque
485 1066 546 1119 tam
568 1061 662 1119 sancti
684 1062 781 1137 potuit
802 1063 967 1119 reverentia
990 1060 1106 1139 Mystae

334 1146 475 1221 Flectere,
498 1164 553 1207 nec
574 1148 684 1206 fractae
707 1147 841 1223 conjugis
865 1147 913 1207 illc
936 1147 1029 1222 dolor,

248 1236 311 1296 Nec
329 1235 452 1310 jamjam
474 1237 620 1311 perimens
642 1246 745 1311 pectus
768 1234 943 1308 miserabile,
967 1237 1092 1311 primum

334 1321 418 1381 Tunc
441 1321 562 1381 thalami
585 1340 603 1380 a
625 1331 712 1398 pacto
735 1321 852 1382 loedere
874 1322 974 1381 laesus
997 1341 1091 1383 amor:

248 1409 309 1469 Nec
333 1408 455 1469 viduata
476 1426 531 1468 suo
555 1408 673 1468 soboles
697 1415 756 1468 tam
780 1425 874 1486 parva
896 1419 1016 1486 parente

335 1496 421 1570 Filia,
445 1513 499 1556 nec
521 1498 601 1556 ritae
623 1506 717 1572 nupta
738 1514 843 1573 perosa
865 1496 957 1569 diem;

249 1584 364 1644 invitus
386 1586 463 1660 patri
485 1600 540 1643 nec
561 1584 640 1642 iilius
662 1583 712 1644 iile
735 1593 892 1661 superstes,

338 1669 453 1732 Ulricus
472 1672 592 1747 juvenis
615 1679 755 1748 tempure,
779 1680 875 1732 mente
897 1689 1003 1749 senex,

248 1761 310 1821 Nec
328 1759 391 1834 jam
413 1761 528 1818 succisa
551 1759 666 1834 domus,
688 1758 831 1819 inclinata
852 1759 988 1819 columna

336 1846 392 1905 llio
414 1847 472 1905 Dei
495 1854 595 1923 postes
617 1849 760 1923 sanguine
783 1849 875 1906 tincta
897 1846 1019 1922 Domus,

248 1934 306 1994 Dic
329 1951 394 2011 age,
418 1933 553 1995 lethifere
574 1942 687 1995 tanturn
708 1942 865 2011 peccata
885 1938 996 2011 sagitta
1340 1949 1412 2000 Rom.
1432 1954 1458 2001 s.

338 2020 421 2095 Quae
444 2023 528 2097 petis,
552 2022 582 2079 in
604 2029 761 2081 sanctos
784 2038 834 2081 cur
856 2021 1014 2081 furibunda
1037 2022 1121 2083 ruisi

248 2108 305 2183 An,
330 2112 401 2184 qnia
421 2115 576 2185 peccatum
599 2114 752 2185 penetrata
773 2107 943 2169 medullitus
965 2126 1034 2169 ossa
1344 2121 1434 2173 hauh.
1456 2128 1502 2177 te.

336 2194 479 2272 Occupat,
503 2203 548 2255 cst
570 2196 654 2257 coelo
676 2198 719 2255 eic
740 2195 921 2273 reparandus
943 2195 1055 2257 homo?
1343 2209 1503 2265 necans.

249 2285 304 2365 Eia
326 2301 392 2359 age,
415 2284 471 2343 sub
494 2291 585 2344 terras
607 2301 771 2361 exsangues
793 2283 941 2343 mordicus
963 2295 1043 2344 auus

338 2372 451 2447 Arripe,
476 2370 574 2444 tunde,
598 2371 696 2443 abele,
718 2371 828 2448 perlue,
852 2370 932 2445 rade,
956 2389 1059 2449 coque.

249 2456 379 2534 ‚lamiam
402 2457 515 2518 fatidici
538 2459 619 2518 venit
640 2456 744 2519 ultima
766 2460 902 2519 conuiuis
925 2468 1017 2534 aetas,
1344 2472 1410 2522 nso.
1431 2475 1473 2524 12.

338 2546 412 2605 Cum
436 2544 542 2606 reddes
564 2545 694 2605 nondum
717 2546 816 2606 dehita
840 2546 969 2607 membra
991 2546 1070 2624 polo.
1345 2560 1413 2608 iiico
1434 2564 1476 2613 19.

249 2632 376 2710 Spiritus
399 2636 510 2693 interea
533 2633 648 2693 coelum
670 2634 758 2694 subit.
804 2632 884 2696 Uxor
907 2642 936 2694 et
958 2635 1030 2695 orbo
1346 2648 1404 2712 Sap.
1424 2652 1449 2699 a.

336 2721 439 2781 Proles
463 2730 492 2780 et
514 2720 620 2781 Christi
643 2724 786 2799 sangnine
809 2724 900 2781 tincta
923 2721 1036 2782 Domus

252 2806 326 2867 Sunt
351 2810 478 2869 Domino
502 2826 599 2868 curae.
645 2807 711 2866 Non
734 2809 788 2869 has
812 2812 857 2868 vis
881 2810 1015 2885 improba
1037 2806 1143 2881 laedet,

335 2897 401 2957 Nou
420 2897 516 2973 juncti
540 2896 667 2956 Satanae
690 2895 831 2975 Morsque
853 2896 1012 2975 Stygiaque
1036 2897 1127 2955 lacus.
1348 2900 1438 2953 uacet.
1460 2904 1502 2952 ts.

171 3201 206 3285 l.
233 3198 453 3298 iliricum,
491 3198 648 3281 octnucu
676 3087 1017 3297 iilum‚A:ecnndse
1044 3198 1195 3284 laureae
1223 3198 1478 3284 candidatum.

456 3358 563 3433 Uirice,
587 3366 706 3419 nostrae
728 3359 825 3436 gloria
846 3362 969 3437 patriae,

461 3447 487 3507 0
512 3450 573 3506 vita
595 3448 686 3523 patris
708 3446 867 3523 posthuma
889 3450 993 3507 mortni

546 3534 613 3594 llac
634 3535 710 3607 luce,
735 3553 821 3611 quem
844 3536 939 3595 iactus
963 3535 1105 3615 Magister

547 3622 691 3683 Restituis
715 3622 821 3683 viduae
844 3626 974 3700 parentia

459 3709 525 3781 Dic,
549 3727 625 3788 quae
650 3709 814 3788 Charybdis
837 3718 866 3770 tc
888 3729 941 3787 per
963 3711 1127 3790 inhospitae

459 3798 660 3858 Periculosam
682 3798 763 3857 Diva
785 3801 954 3875 voraginem

547 3885 695 3944 Latrautis
718 3893 747 3944 et
765 3904 818 3961 per
840 3903 912 3945 sara
935 3885 1052 3962 Scyllae

547 3972 728 4032 incolumem
750 3972 892 4051 applicuit
915 3972 1084 4050 triumpho?

459 4060 626 4121 Tantumne
649 4076 737 4120 voces
759 4060 980 4120 sollicitantium

461 4147 531 4208 Alta
553 4155 688 4226 repostae
710 4156 806 4207 mente
828 4149 1001 4224 parentium,

545 4235 710 4295 Tantumne
732 4236 848 4294 iervcns
870 4236 1019 4295 literarum

547 4323 693 4383 Evaluere
715 4324 779 4382 sitis
802 4323 966 4398 laborque?

460 4410 544 4470 llaec
567 4409 714 4487 languidis
737 4413 802 4486 quis
824 4414 948 4469 nuncius
970 4409 1088 4469 auribus

460 4499 714 4559 lmmnrmurasset
736 4498 854 4557 solliciti
877 4500 978 4576 patris,

546 4584 676 4661 Jamjam
698 4586 871 4661 migrantem
892 4583 1047 4664 palpitanti

545 4673 668 4733 Pectore
691 4674 741 4731 vix
761 4676 889 4732 animam
912 4673 1069 4732 trahentis:

460 4760 556 4820 Curae
577 4760 694 4821 levatus
715 4768 798 4839 parte
820 4759 998 4819 domesticae

459 4848 553 4909 Vultu
574 4862 678 4908 sereno
698 4846 864 4909 lethiferum
886 4846 956 4907 mali
