3308 5534
792 374 868 449 m
1435 364 1500 470 ui·

137 566 233 644 nlelrt,
256 568 327 631 oder
347 566 444 631 ictum
466 558 664 630 eonscientiae
682 576 741 647 ’gur
756 568 798 627 'ab
819 552 963 630 d'edlluiru
985 566 1129 647 pruriet
1160 568 1229 633 Vnd
1252 586 1314 635 was
1336 554 1393 635 llis
1414 576 1444 643 in
1460 576 1502 637 all

139 654 225 719 disse
247 652 327 735 weg
347 670 386 717 su
408 656 602 735 Veridmuug
630 656 682 717 des
705 670 839 733 process,
872 654 943 716 oder
965 650 1165 739 Ebtlediguug
1195 660 1246 722 der
1269 650 1383 741 ginden
1405 644 1503 731 Stichi

138 744 189 806 bel
220 743 273 805 dar
298 742 429 807 ludheren
452 742 628 821 Obrigkbeit
649 742 859 821 suaubriugen,
888 742 996 823 bicbey
1024 758 1083 805 von
1105 744 1186 807 Kilrs
1209 746 1311 825 weges
1341 738 1418 812 aleb
1434 740 1479 812 's''

138 834 220 893 melu
243 840 336 894 erstes
360 832 530 909 Aubrlngeu
552 833 583 889 in
606 830 685 892 slleu
708 830 842 891 Puueten
863 828 1067 896 rcierlersndb.
1112 832 1198 897 llucb
1213 834 1293 898 auur
1307 828 1419 900 V‘ebl‘e'u
1443 826 1482 899 iii

141 918 215 981 illst.
237 918 317 981 mleln
339 916 538 996 rulsrtbtutg
558 918 745 996 Ebrerbletlg
767 916 951 981 beieblbudo.

250 1008 357 1069 Actum
383 1014 432 1072 tt.
455 1006 525 1068 deu.
550 1014 598 1067 so.
624 1010 719 1068 tter.

456 1094 493 1154 E.
516 1094 553 1154 G.
577 1093 639 1154 trud
662 1092 696 1153 E.

704 1176 940 1257 Vndertbiuiger

726 1266 923 1328 Gchorsumer

1081 1357 1124 1419 Μ.
1147 1352 1279 1421 Jotuuu
1301 1346 1417 1439 xlpte'i

1136 1440 1375 1509 Mathemlllo'us.

248 1594 356 1661 Quibus
374 1595 464 1650 censis
483 1603 557 1650 mota
575 1610 677 1664 sponsa
690 1592 805 1664 Kspleri
822 1591 904 1649 fidem
918 1596 1039 1666 muteris,
1058 1614 1112 1653 nou
1129 1599 1214 1668 plsne
1232 1600 1335 1656 clarum
1354 1600 1386 1655 ilt
1398 1616 1414 1656 e
1425 1614 1504 1675 prae·

144 1680 237 1737 nnsis
255 1690 284 1735 et
301 1680 364 1736 sliis
382 1698 453 1749 quse
470 1690 620 1751 supersunt
643 1682 677 1737 de
695 1682 748 1736 bac
772 1681 879 1736 untione
902 1684 1073 1739 testimoniis.
1110 1682 1241 1742 lldl'tores
1260 1686 1357 1753 „Vitae
1375 1689 1503 1759 lieplerl‘

144 1766 319 1835 (Bentlluger
335 1775 364 1822 et
380 1767 537 1834 Neumann)
562 1768 633 1823 sicut
658 1775 687 1823 et
706 1769 861 1825 Hsnschius
885 1770 915 1825 in
938 1770 1010 1826 hune
1026 1771 1161 1828 inclinant
1179 1774 1349 1845 opinionem,
1373 1774 1505 1832 familiam

145 1868 264 1925 sponsae
282 1856 383 1925 (pater,
402 1854 483 1910 lobst
500 1855 649 1923 Melissus,
668 1856 881 1914 molendinarius
900 1865 928 1913 et
946 1874 1074 1927 agrorum
1092 1872 1237 1928 possessor
1260 1862 1295 1916 ed
1315 1861 1507 1928 (inessendori,

146 1956 231 2011 prope
248 1936 383 2011 (latium,
401 1942 527 1997 domiuus
546 1951 607 1999 erst
624 1959 640 1997 o
658 1944 792 1999 Mtbleclr
810 1950 839 1999 et
857 1946 965 2014 generis
982 1943 1091 2014 nobilis,
1108 1945 1228 2002 testibus
1245 1947 1318 2013 uiris¹
1336 1962 1406 2018 quos
1423 1949 1506 2003 modo

147 2027 277 2093 diximus)
299 2029 327 2083 in
349 2029 505 2097 coniugium
528 2030 597 2085 illud
621 2031 776 2086 consentire
799 2030 936 2097 noluisse,
964 2032 1017 2086 nisi
1043 2032 1120 2100 prius
1144 2032 1281 2102 liepierus
1304 2035 1415 2103 originis
1438 2048 1507 2091 susc

147 2114 317 2170 nobilitatem
335 2113 565 2186 demonstrasset,
593 2132 709 2186 eamque
731 2119 879 2187 praecipue
897 2118 932 2173 ob
950 2134 1060 2187 causam
1080 2119 1229 2190 Kepierum
1253 2122 1281 2175 in
1299 2120 1416 2191 patrium
1434 2138 1506 2178 suno

151 2202 214 2256 1596
232 2201 357 2267 rediisse,
376 2208 408 2257 ut
424 2201 494 2258 haec
520 2206 676 2261 testimonis
692 2206 861 2276 impetraret.
898 2205 1005 2275 Sponsa
1027 2206 1148 2261 Burbsrs
1164 2206 1293 2262 Mulieris
1315 2209 1402 2277 primo
1421 2216 1508 2279 nupta

149 2287 196 2343 luit
221 2290 281 2344 siro
304 2289 436 2358 locupleti
454 2290 601 2360 Intentio,
626 2295 674 2363 qui
693 2309 728 2349 ex
751 2309 784 2348 es
808 2308 880 2349 suno
898 2293 972 2349 1⁵90
988 2292 1073 2347 filiam
1091 2294 1252 2363 (Reginam)
1275 2297 1406 2365 suscepit.
1441 2296 1507 2367 Ipse

149 2374 281 2445 Ksplerns
309 2376 379 2432 haec
403 2379 507 2447 scripta
532 2380 656 2449 rebqnit:
681 2381 806 2453 primum
830 2376 1000 2451 conjuginm
1024 2394 1090 2436 cum
1114 2377 1207 2437 divite
1229 2389 1260 2439 et
1274 2379 1430 2456 splendido
1445 2383 1506 2441 iul·

151 2466 207 2517 tum
240 2458 375 2520 dursbile
405 2479 462 2519 non
491 2463 563 2539 iuit3
594 2465 718 2524 altorum
747 2481 813 2524 cum
841 2464 976 2522 morbido
1008 2473 1038 2523 ct
1066 2466 1273 2541 impeditorum
1300 2469 1448 2527 rationum
1476 2477 1507 2528 et

149 2544 287 2606 malorum
302 2547 461 2607 liberorum
478 2561 597 2627 parente
613 2548 713 2635 (llarlr
732 2551 849 2623 lililler,
867 2550 1030 2628 Styriorum
1046 2552 1180 2611 ordinum
1199 2553 1507 2635 „Bausahlrnulster‘J

150 2632 254 2693 Melia.
307 2633 438 2695 Tertium
462 2644 534 2709 (cum
553 2643 682 2710 Keplero)
711 2658 777 2700 cum
807 2640 943 2697 maximis
976 2640 1069 2699 turbis
1100 2641 1298 2716 conjunctum.
1351 2642 1430 2701 Nata
1461 2652 1507 2704 est

151 2736 245 2782 nauso
267 2720 361 2782 Junio
387 2729 480 2785 lost.
513 2728 642 2796 Pupius
661 2728 782 2797 Keplero
794 2725 921 2796 Tubings
938 2728 1130 2798 seneigantsm
1147 2731 1260 2786 nunciet
1271 2732 1329 2799 (ii.
1341 2731 1437 2800 Mem:
1457 2732 1508 2798 „ia

153 2800 376 2868 Oberndorfferus
399 2822 429 2869 et
447 2814 528 2869 Oslus
547 2814 670 2883 (Gratio)
694 2814 760 2869 mibi
779 2813 915 2880 scribunt,
942 2828 972 2867 sc
991 2823 1065 2869 tuam
1086 2832 1197 2871 csussm
1215 2817 1255 2872 sic
1273 2817 1377 2886 egisse,
1400 2824 1432 2874 ut
1455 2818 1507 2873 tlbi

152 2912 247 2967 sponse
267 2901 304 2955 sit
321 2908 410 2971 certe,
436 2912 538 2956 eertum
558 2901 767 2968 matrimonium,
786 2900 867 2955 modo
885 2906 1006 2955 matures
1031 2902 1157 2960 reditum.
1188 2902 1292 2957 idcirco
1311 2902 1384 2973 vide}
1399 2916 1436 2960 no
1448 2905 1508 2973 issu

150 2984 201 3041 tals
218 2988 279 3056 ipae
304 2988 396 3042 obstes
422 2988 570 3042 commodis
594 2988 765 3043 diuturniore
790 2988 1029 3043 commoratione‘·
1068 2989 1145 3056 Quae
1168 2998 1234 3059 post
1253 2989 1371 3045 sadum
1394 2990 1506 3060 liepleri

150 3088 232 3129 nosse
251 3082 329 3128 ortae
348 3075 402 3129 sint
421 3075 573 3130 simultates
590 3075 662 3130 inter
678 3074 808 3130 familiam
827 3088 945 3144 sponsae
963 3083 991 3129 et
1008 3075 1171 3145 KepIerum,
1194 3076 1345 3145 nescimus,
1361 3076 1415 3131 uiai
1433 3078 1507 3146 quod

148 3159 212 3217 baec
229 3162 344 3231 liepiori
361 3162 444 3218 rerba
460 3179 517 3218 rem
537 3165 681 3218 obscurem
699 3163 869 3231 aliquantum
885 3160 1037 3217 illustrent:

251 3255 419 3331 Speidelius
447 3260 634 3315 matrimonio
662 3264 763 3333 aperte
792 3258 900 3315 restitit
926 3253 1081 3332 ulsrrrsksp
1110 3254 1255 3330 quadsm3
1284 3270 1353 3314 nam
1385 3254 1505 3317 viduatis

150 3344 210 3419 lpse
232 3360 300 3401 eum
323 3343 551 3420 amplificatione
574 3361 646 3402 suec
669 3346 783 3420 gratiae
805 3343 927 3402 arbitrio
951 3342 1068 3418 proprio
1091 3342 1258 3400 elocuturus
1282 3352 1312 3401 et
1333 3344 1506 3407 benefacere

149 3429 238 3497 ebsro
260 3429 348 3490 alicui
373 3432 476 3491 voluit.
522 3431 655 3490 Zeilerus
679 3439 738 3503 est,
770 3433 798 3488 in
829 3448 916 3506 quem
945 3431 1072 3488 mersisne
1100 3432 1196 3489 exarsi
1218 3432 1360 3491 omnium.
1407 3433 1508 3493 Causs'

147 3516 310 3594 multiplex.
355 3519 454 3578 Prima
477 3522 574 3595 origo,
598 3518 676 3595 quod
699 3518 859 3577 insolenter
886 3534 1056 3593 usurparem
1080 3518 1179 3575 uxoris
1203 3520 1297 3594 ipsius
1320 3521 1409 3579 bons.
1456 3520 1502 3580 lbi

144 3604 205 3680 ism
229 3605 283 3665 ille
304 3605 376 3664 mibi
399 3606 540 3683 colaphos
560 3607 766 3666 meditabatur.
813 3605 888 3663 Mihi
912 3622 1001 3663 ceusu
1020 3603 1119 3678 justa,
1149 3608 1248 3663 uxoris
1272 3605 1370 3665 dotem
1392 3615 1502 3682 petere,

146 3692 251 3753 arodus
273 3681 348 3752 ior'te
370 3697 467 3753 miuus
491 3695 644 3764 bumsuus,
669 3696 781 3752 irritare
804 3691 941 3781 petepdo.
985 3690 1040 3749 llle
1064 3709 1132 3750 vero
1156 3693 1292 3766 injustus,
1316 3696 1367 3768 qul
1390 3703 1504 3752 utrum·

146 3796 202 3857 qus
225 3781 364 3855 negabat
408 3782 450 3839 Ex
475 3799 510 3840 eo
534 3799 683 3840 accessere
710 3781 836 3854 injuriae
858 3797 996 3849 uxorum,
1028 3796 1094 3837 meu
1125 3778 1239 3838 dicendi
1269 3782 1502 3856 intemperantis.

146 3866 258 3929 Postea
281 3871 324 3926 rel
346 3872 520 3945 compositio
543 3872 609 3945 ipsu
635 3868 792 3944 plurimum
819 3866 945 3942 adjuvit.
991 3862 1213 3924 Deiuonstreiit
1243 3865 1292 3925 ille
1323 3866 1511 3944 singulorum·

144 3954 332 4027 πλωνεξιαν,
364 3974 420 4033 ego
443 3956 621 4032 singularem
646 3958 717 4013 iram
740 3963 843 4014 contro
865 3972 939 4014 eom.
987 3954 1060 4011 llum
1085 3952 1210 4012 Miillcro
1239 3970 1348 4014 osusae
1371 3956 1501 4016 esedsm:

144 4040 229 4103 Illius
260 4042 369 4118 injuria
391 4047 419 4101 iu
442 4062 489 4103 me
513 4042 725 4103 contemnendo
754 4042 802 4101 rel
826 4040 991 4117 carpendo,
1022 4057 1099 4115 quiue
1129 4058 1224 4099 nucem
1254 4058 1305 4116 per
1334 4045 1503 4119 opinionem

145 4128 241 4206 major
263 4130 326 4200 tuit,
350 4148 438 4206 quam
461 4149 492 4191 re
516 4134 588 4207 ipsu.
634 4128 739 4188 Filium
769 4131 935 4205 privignem
965 4127 1105 4186 seducere
1128 4138 1158 4185 ct
1180 4127 1350 4188 abalienare
1373 4131 1501 4190 solebat.

145 4216 209 4278 Hoc
231 4218 398 4293 pertinebat
420 4218 456 4277 ad
481 4238 576 4278 mcum
601 4219 746 4292 injurium,
771 4225 873 4276 contre
887 4232 943 4291 ego
957 4216 1018 4274 irae
1034 4216 1197 4274 uocrbitotc
1212 4218 1374 4292 provocari
1396 4220 1501 4294 ipsum,

143 4314 177 4365 υ
197 4304 273 4365 mibi
296 4314 425 4365 extreme
454 4322 588 4381 quaeque
618 4307 808 4365 miniteretur.
854 4303 927 4362 Cum
950 4302 1038 4360 fratre
1069 4319 1159 4361 ceusu
1181 4305 1262 4362 rixae
1292 4305 1385 4379 primo
1409 4305 1502 4380 ipsius

144 4395 263 4453 sanitas
285 4408 412 4465 morum,
437 4392 542 4452 deinde
566 4412 631 4452 mes
654 4390 884 4469 reprehendendi
907 4387 1012 4461 libido,
1043 4390 1135 4464 ipsius
1164 4388 1320 4449 immodice
1341 4392 1501 4468 postulata,

143 4498 209 4541 Μ
231 4482 389 4540 tenacitas.
408 4514 446 4525 -
471 4486 517 4551 (Ex
537 4489 685 4548 „thomatis“
707 4487 885 4549 descriptione,
904 4484 1055 4541 crinciunats
1075 4485 1121 4532 boc
1139 4483 1227 4532 eodem
1245 4498 1313 4533 suno
1333 4487 1422 4550 lb‘l'l.)

248 4578 321 4634 Dum
338 4578 473 4648 epistolae
490 4580 602 4649 Kepieri
620 4594 751 4633 annorum
767 4579 833 4633 1595
852 4583 880 4632 et
895 4581 904 4632 i
910 4578 962 4634 596
981 4577 1084 4645 majore
1102 4592 1136 4631 ex
1154 4586 1233 4645 parte
1251 4575 1285 4631 de
1303 4578 1501 4635 conscribendo

141 4672 170 4724 et
186 4664 296 4723 edendo
314 4664 471 4722 Prodromo
489 4674 583 4737 agunt,
602 4666 655 4720 boe
673 4681 745 4720 auno
763 4665 899 4735 Keplerus
917 4664 952 4719 de
965 4665 1142 4720 distractione
1160 4662 1231 4730 libri,
1250 4662 1285 4718 de
1297 4660 1432 4721 sumtibus
1449 4654 1504 4736 pto=

142 4762 219 4829 typo,
240 4752 275 4808 de
297 4767 396 4823 „opere
414 4757 560 4823 argenteo“
580 4753 660 4809 etde
679 4754 712 4809 iis
731 4740 997 4809 cumblsestlino
1017 4751 1135 4816 disserit,
1152 4766 1223 4820 quae
1235 4750 1281 4807 ille
1291 4750 1363 4809 libro
1375 4752 1502 4809 addenda

141 4854 169 4898 et
185 4843 214 4899 in
233 4840 422 4909 manuscripto
440 4839 601 4909 corrigenda
618 4846 771 4897 censuerat
809 4839 864 4895 Cir.
881 4838 935 4893 rol.
953 4839 977 4896 1.
994 4857 1022 4909 p.
1041 4839 1156 4910 uti-37,
1174 4840 1207 4895 ii
1220 4855 1255 4895 ss

1235 4924 1293 4982 ib*
