3308 5534
501 392 591 451 biotae
609 392 638 449 in
655 390 797 451 &mnium
814 390 1043 451 ssuooomcum
1404 386 1449 461 Β

84 564 183 635 igitur,
208 580 282 636 quae
306 572 337 623 et
360 566 423 639 ipsa
439 569 490 625 sub
507 568 610 625 arctim
631 567 722 640 polari
745 568 810 638 sits,
832 568 947 626 esudcm
968 566 1078 641 trigoris
1097 564 1309 637 magnitudinem
1328 564 1451 623 tribuere

86 652 302 702 emuntaneum
321 654 374 701 est.

86 803 164 875 ‚m
190 725 237 782 21.
253 723 355 781 iiuiloa
366 724 450 781 habet
465 724 571 783 incolas
587 724 636 782 illa
653 725 753 796 luscis,
773 726 875 797 quippe
888 727 991 783 sterilia
1005 733 1034 784 st
1044 742 1146 785 succa
1159 741 1210 783 nec
1222 726 1322 798 ampla,
1338 730 1450 797 praeter

163 810 242 861 tores
259 806 296 862 ad
313 805 361 862 to.

190 884 238 941 22.
256 884 310 941 Hic
333 884 385 940 risi
409 898 472 939 rere
490 881 673 953 philosophici
697 900 756 941 mos
779 884 832 939 fuit
855 890 1004 955 perpetuus
1028 887 1194 955 percontari,
1218 883 1337 952 decere,
1359 882 1451 952 magni

85 960 176 1017 hema
193 964 368 1020 musmones
386 960 550 1033 huiusmodi,
568 964 664 1018 erebro
682 963 833 1032 ruminare,
851 964 888 1019 ad
904 964 1076 1021 theoremata
1092 965 1205 1036 physica
1223 961 1370 1033 applicare.

190 1040 239 1096 23.
255 1042 331 1098 idem
348 1042 459 1113 quidem
475 1042 668 1110 teutonismus,
696 1042 894 1098 diversissimae
916 1058 981 1099 rere
998 1045 1058 1113 ejus
1084 1044 1192 1100 dialecti
1208 1046 1238 1102 in
1255 1042 1346 1099 Dauia
1368 1042 1452 1112 inqua

85 1118 218 1189 laisndia,
236 1136 322 1193 puae,
340 1128 372 1175 ut
390 1128 514 1191 apparet,
531 1121 757 1189 Nordrregiorum
775 1130 819 1178 est
836 1122 956 1192 colonia,
975 1122 1010 1177 ad
1028 1138 1098 1193 quos
1115 1123 1177 1192 ejus
1195 1130 1224 1180 et
1240 1121 1345 1177 vicinae
1362 1122 1451 1179 (iron-

84 1196 194 1253 ltudiae
215 1200 358 1271 imparium
377 1208 442 1257 aute
457 1208 566 1257 cantum
584 1215 671 1255 anuos
688 1200 829 1268 pertinuit.
866 1200 1038 1268 Quinetiam
1057 1200 1179 1258 Orcadas
1201 1203 1277 1271 ipsas
1293 1200 1448 1255 Teutonum

85 1292 176 1333 mores
201 1284 233 1335 et
253 1279 374 1351 dumam
397 1280 548 1337 obtinuisse
569 1286 633 1335 ants
652 1279 705 1338 200
723 1295 823 1352 anuos,
848 1295 884 1335 ex
901 1280 1104 1336 narrationibus
1127 1280 1269 1351 cujusdam
1291 1277 1451 1335 moratoria

85 1358 184 1414 Veneti
202 1359 330 1428 nadad
348 1367 468 1418 coustat.

189 1440 238 1495 24.
255 1440 300 1497 27.
319 1440 394 1497 Raro
411 1440 484 1497 inira
501 1439 609 1505 decem,
634 1453 830 1510 nonnunquam
848 1440 884 1498 ad
908 1439 1033 1510 mginta,
1060 1455 1130 1509 quos
1148 1450 1277 1492 exercere
1294 1435 1391 1491 solitus
1409 1440 1453 1489 eat

85 1518 252 1573 tractatione
268 1519 511 1577 instrumentorum
528 1522 664 1575 rariorum
681 1519 719 1574 ad
737 1521 942 1577 observationes
959 1519 1091 1588 siderum,
1117 1514 1359 1587 descriptionibus,
1377 1530 1450 1570 com·

84 1597 285 1667 putam'onihus,
301 1599 484 1671 pyrouomicis
503 1598 645 1655 laboribus
663 1604 692 1654 et
709 1598 843 1655 similibus
860 1596 1053 1671 philosophiae
1070 1597 1177 1653 studiis.

189 1676 236 1732 25.
255 1678 346 1749 Opum
364 1694 491 1749 sumum,
508 1693 580 1747 quae
596 1692 713 1749 magnae
730 1678 756 1733 ei
775 1685 854 1733 eram
870 1694 906 1734 ex
923 1676 1106 1744 haereditate,
1124 1675 1250 1730 domiuus
1268 1678 1328 1729 erat
1344 1670 1451 1741 largus·

83 1770 136 1825 que
155 1756 184 1809 iu
205 1755 298 1811 studia
316 1758 500 1827 dispensator3
524 1756 611 1812 victor
628 1756 743 1826 insuper
765 1758 853 1813 omnis
874 1757 958 1813 taedii
974 1769 1121 1825 rerumque
1145 1753 1226 1821 vulgo
1244 1751 1451 1821 emmam·

83 1835 232 1890 affectator
246 1836 412 1902 indefessus.
432 1834 504 1903 quod
523 1835 686 1892 observandi
702 1836 772 1892 ratio
791 1836 995 1892 accuratissima
1008 1836 1185 1903 demonttrat,
1203 1834 1232 1887 iu
1244 1840 1300 1901 qua
1316 1832 1452 1903 cumipse
1531 1866 1535 1875 ·

83 1920 184 1970 natura
201 1913 280 1969 risus
297 1914 409 1970 humani
428 1915 559 1985 pugnavit
576 1916 705 1985 vicitque.

187 1992 239 2049 26.
256 1991 323 2047 Fuit
339 1994 410 2049 haec
427 1992 499 2046 iuter
517 1993 715 2049 delectationes
734 1993 794 2060 eins
813 1993 863 2047 riri
880 2010 943 2063 una,
961 2000 993 2048 ut
1010 2005 1207 2059 nonuunquam
1224 1990 1347 2047 abituros
1364 2007 1399 2047 ex
1410 1991 1452 2045 in·

82 2070 143 2127 suia
157 2072 277 2140 iamque
294 2071 422 2128 dimissos
444 2071 608 2140 percelleret
631 2071 774 2140 inopinata
798 2071 910 2141 repulsa
934 2073 1007 2143 apud
1025 2069 1178 2145 cymbarloa
1201 2077 1361 2141 teneretque
1379 2069 1453 2125 ultra

81 2165 165 2218 quam
183 2148 297 2220 velient,
315 2150 369 2205 nisi
387 2148 449 2219 quis
467 2148 560 2203 volare
579 2148 728 2206 didicisset.

186 2229 236 2287 28,
254 2229 393 2284 Vernahar
409 2236 476 2284 tunc
492 2228 520 2281 in
539 2225 656 2283 lectione
674 2227 765 2298 operis
782 2228 895 2285 Martini
912 2230 1007 2287 Dclrlo
1025 2229 1061 2286 de
1077 2228 1311 2301 disquisitionibus
1327 2226 1451 2300 magicis.

81 2306 119 2363 Et
136 2314 227 2364 notus
245 2324 280 2363 ex
299 2307 413 2376 Virgilio
430 2322 541 2362 semus:

298 2388 431 2444 &ratlac
445 2388 488 2442 ccl
504 2387 578 2443 cosio
593 2393 713 2457 poscam
730 2388 863 2445 &acero
880 2388 1002 2444 mana.

186 2466 264 2523 Ante
281 2465 524 2535 omniaquadrahat
540 2465 623 2537 plaga
639 2467 717 2522 cosli.
752 2468 824 2522 Nam
840 2466 869 2521 in
887 2466 1007 2523 lalandla
1025 2478 1110 2534 saepe
1126 2464 1213 2533 Luna,
1232 2463 1331 2519 ceteris
1341 2461 1453 2533 populis

80 2546 175 2617 plens,
188 2560 248 2600 uon
259 2552 386 2615 apparet.
409 2544 448 2599 Et
459 2544 717 2614 septentrionalibus
733 2545 846 2615 populis
860 2546 977 2615 magiam
994 2544 1155 2600 familiarem
1171 2542 1285 2597 tradam
1296 2542 1452 2611 scriptores,

81 2632 109 2679 et
131 2622 267 2678 credibile
289 2630 333 2679 est
355 2623 467 2693 spiritus
490 2620 554 2676 illoa
577 2623 750 2677 tenebrarum
773 2622 896 2678 insidiari
921 2621 1010 2690 longis
1031 2621 1087 2677 illis
1110 2620 1248 2676 noctibus:
1271 2626 1315 2677 ast
1336 2634 1401 2674 vero
1424 2624 1455 2674 et

80 2701 207 2758 islandia
218 2701 248 2755 in
260 2704 461 2772 septentriones
472 2698 606 2771 profunde
624 2701 772 2757 recondita.
800 2701 933 2757 Nimirum
952 2708 981 2755 et
994 2698 1185 2770 philosophias
1202 2705 1268 2756 sunt
1284 2697 1372 2754 amica
1389 2697 1454 2753 snb·

81 2780 180 2836 lustris
197 2779 271 2835 lun
289 2780 347 2837 otia
363 2790 515 2849 noctesque
538 2779 723 2835 continuatae.
760 2780 909 2836 coufirmat
927 2777 1134 2835 illustrissimus
1152 2780 1370 2846 wirtenbergise
1388 2772 1460 2831 Dux*

82 2860 175 2917 Julius
194 2858 369 2928 Fridcricus,
398 2859 445 2930 qui
468 2860 689 2929 peregrinatione
710 2861 879 2917 memorabili
905 2860 1120 2930 septentrionem
1145 2873 1255 2930 quoque
1279 2863 1452 2930 peruagatus,

82 2940 154 2995 siros
172 2940 217 2994 ait
233 2938 383 3010 pascimin
402 2954 435 2995 eo
456 2942 571 3010 reperiri
588 2942 625 2997 ad
647 2941 808 2997 miraculum
834 2941 931 2997 doctos
953 2946 983 2995 et
999 2936 1201 3011 philosophiam
1223 2938 1355 2995 musitata
1373 2936 1454 2993 uobis

83 3018 258 3075 humanitate
276 3032 343 3088 erza
360 3017 479 3075 advenas
499 3019 654 3075 reddentes.

188 3096 238 3154 29.
255 3097 317 3151 Hoc
332 3104 441 3167 tempus
459 3099 526 3153 anni
542 3096 790 3154 commodissimum
807 3096 975 3167 navigationi
993 3110 1028 3151 ex
1046 3103 1130 3168 portu
1147 3096 1196 3153 illo
1213 3097 1290 3165 mgni
1302 3094 1408 3152 Daniaa
1425 3094 1453 3149 in

84 3175 236 3233 islandiam
253 3191 314 3231 sum
331 3185 418 3232 ratus.
617 3230 622 3245 ,

189 3257 237 3311 30.
255 3254 288 3310 Id
306 3256 431 3323 sequitur
448 3268 483 3309 ex
500 3271 574 3310 uum.
594 3250 635 3311 13.
654 3269 707 3326 per
724 3253 875 3313 doctrinam
893 3254 1074 3326 sphaericam.

189 3334 236 3389 31.
255 3332 327 3388 Redi
344 3334 381 3388 ad
398 3341 490 3389 notam
509 3334 553 3390 28.

351 3413 397 3469 32.
414 3412 563 3469 Jadictbas
580 3414 649 3483 lites,
668 3414 784 3485 euripos
800 3414 910 3470 somnio
927 3430 1033 3485 cansa

455 3492 584 3563 Quosque
601 3492 647 3548 dis
664 3494 783 3563 pacem,
800 3498 880 3548 nocte
894 3493 999 3562 potiris
1017 3509 1108 3564 opum.

189 3570 234 3626 33.
252 3569 389 3638 Perqnam
401 3570 559 3640 ingeniosos
571 3570 698 3627 Isiaudos
711 3570 857 3626 affirmavit
869 3571 993 3641 Tychoni
1005 3571 1096 3627 Brahc
1107 3569 1281 3639 supradictus
1294 3569 1451 3639 episcopus.

189 3651 238 3707 34.
256 3648 375 3719 Spiritus
392 3649 421 3703 hi
439 3656 504 3704 suut
523 3649 668 3718 sciendae,
694 3650 722 3703 in
742 3651 840 3719 quibus
865 3651 1027 3719 aperiuntur
1048 3664 1140 3704 rerum
1158 3662 1267 3704 musae.
1303 3647 1451 3703 Admonuit

82 3745 125 3785 me
143 3729 233 3799 hujus
251 3727 398 3797 allegoriae
416 3746 470 3784 vox
487 3745 586 3798 graeca
597 3731 734 3800 Daemon,
753 3744 825 3798 quae
838 3745 855 3784 a
866 3735 947 3783 eece
965 3729 1118 3798 deducitur,
1137 3725 1210 3798 quod
1223 3727 1354 3798 estscire,
1373 3725 1452 3795 quasi

83 3815 197 3879 δῆμον.
238 3808 301 3863 Hoc
319 3808 462 3876 supposito
480 3807 542 3879 lege
556 3809 615 3877 jam
633 3815 726 3863 nomin
744 3810 789 3864 28.
808 3825 825 3864 a
842 3809 859 3878 ὅ
876 3809 1019 3866 Nimirum.

188 3889 235 3945 35.
254 3887 345 3943 Causa
361 3887 478 3956 genuina
494 3887 601 3942 numeri
618 3886 685 3942 mihi
703 3886 811 3941 excidit.
848 3889 890 3942 An
908 3887 944 3941 ad
962 3901 1060 3942 norem
1078 3888 1173 3942 Musas
1190 3886 1313 3956 respexi,
1340 3883 1405 3953 quia
1423 3889 1452 3940 et

82 3973 159 4041 ipsae
176 3969 257 4023 Deae
280 3971 346 4020 sunt
372 3965 530 4035 gentilibus,
558 3966 631 4035 quod
658 3973 702 4021 est
725 3966 791 4019 mihi
815 3965 946 4034 spiritus?
974 3966 1018 4019 Au
1041 3965 1092 4020 has
1116 3966 1144 4019 in
1169 3980 1311 4020 numerum
1333 3961 1448 4018 adsciri:

83 4054 107 4106 1.
124 4046 327 4117 metaphysica,
346 4045 372 4100 2.
391 4044 512 4115 physica,
532 4045 558 4099 3.
572 4044 672 4113 ethica,
691 4044 718 4101 4.
731 4046 906 4114 astronomia,
925 4047 950 4099 b.
963 4043 1122 4114 astrologis,
1141 4046 1167 4100 6.
1180 4044 1279 4115 optica,
1298 4045 1325 4099 7.
1337 4043 1451 4110 musica,

81 4130 107 4186 8.
125 4126 290 4199 mmetria.
310 4125 338 4182 9.
355 4124 546 4181 arithmetica?

186 4207 234 4263 36.
254 4204 352 4259 certus
370 4218 439 4271 sum,
456 4203 501 4259 hic
518 4203 562 4259 rsl
581 4203 745 4260 Uraniamte
762 4217 875 4258 numero
893 4203 1036 4257 Musarum
1054 4200 1096 4257 vei
1114 4201 1317 4257 Asuonomiam
1334 4199 1449 4255 escien-

80 4289 125 4344 u'is
142 4287 172 4343 in
191 4288 286 4339 auimo
302 4281 369 4336 mihi
387 4280 480 4337 fuisse.
517 4280 669 4351 Quodnisi
691 4280 784 4336 multis
809 4281 881 4336 ritae
903 4280 1048 4351 praesidiis
1071 4287 1197 4337 carerent
1220 4279 1448 4351 septentrionales

80 4369 116 4423 ob
133 4364 255 4431 frigora,
280 4359 399 4416 dicerem
416 4361 478 4431 plus
496 4360 559 4418 illos
577 4359 613 4416 ad
631 4361 826 4417 astronomiam
843 4369 922 4430 aptos
941 4376 1102 4430 essequam
1120 4368 1239 4432 ceteros,
1262 4362 1328 4430 quia
1343 4361 1449 4416 dicrum

80 4453 108 4499 et
125 4442 252 4499 noctium
272 4439 437 4507 discrimina,
454 4456 500 4495 res
518 4440 553 4495 nd
571 4440 764 4495 astronomiam
782 4440 909 4508 inritam,
928 4440 1002 4510 apud
1019 4441 1095 4510 ipsos
1114 4447 1179 4495 sunt
1195 4440 1308 4508 majora

188 4521 234 4575 37.
254 4518 285 4572 Si
308 4519 342 4575 de
364 4519 454 4574 Musis
476 4519 543 4588 ista,
569 4517 694 4573 sanitatis
717 4518 820 4588 aliquid
845 4519 873 4574 in
896 4518 993 4573 ceteris
1015 4518 1148 4586 arguitur.
1190 4517 1239 4573 Sin
1260 4518 1295 4572 de
1317 4515 1449 4583 amentiis,

79 4603 197 4676 physica
216 4598 299 4655 docet
316 4599 400 4655 etiam
417 4611 535 4664 venena,
552 4603 679 4666 procreat
697 4597 779 4651 etiam
797 4596 942 4668 chymistas
960 4597 1188 4667 incircumspecte
1205 4602 1335 4661 tractata,
1359 4602 1447 4649 meta·

80 4681 195 4752 physica
216 4684 396 4747 praepostere
415 4675 542 4732 affectata
559 4674 650 4741 inflat,
675 4672 803 4745 dogmata
825 4676 960 4730 catholica
977 4675 1070 4731 turbat
1093 4674 1291 4731 subtilitatibus
1309 4673 1399 4728 nimiis
1416 4679 1449 4729 et

80 4757 257 4831 importunis,
278 4756 368 4813 ethica
385 4754 612 4823 magnificentiam
629 4754 814 4822 commendat,
833 4770 888 4810 non
907 4755 1032 4812 omnibns
1050 4755 1212 4826 proficuam,
1231 4753 1380 4822 astrologis
1398 4768 1446 4807 su-

80 4835 290 4912 lfflffifflffl
305 4834 504 4907 theocustus,
521 4834 614 4909 optior
630 4833 740 4909 decipit,
758 4836 863 4895 musica
880 4835 1028 4897 famulatur
1038 4835 1186 4905 amoribus,
1201 4832 1350 4904 roncata
1361 4830 1446 4892 domi·
