3308 5534
802 112 885 174 1604.
1455 112 1520 186 tte

148 310 242 370 esse,
273 294 383 379 quibus
404 310 442 357 er
471 294 542 357 bilis
569 292 703 357 folliculo
729 300 846 357 mestus
874 294 906 357 ia
928 294 1126 359 reuincuium
1156 294 1234 374 abit,
1264 296 1317 375 qui
1337 296 1437 360 solent
1457 270 1524 359 csse

147 384 324 463 coquam

261 482 332 539 Post
348 482 502 540 absolutam
514 484 640 554 Optieam
652 482 734 539 rediit
745 482 884 554 chierns
902 485 937 541 ed
951 483 1152 541 Commentario
1170 482 1277 550 Martis,
1295 500 1367 554 quae
1383 484 1438 541 hoc
1450 499 1522 541 anno

146 571 290 639 majorem
306 571 458 641 usercen
477 571 596 628 obsolvit
613 573 666 640 (err.
685 573 735 625 vol.
755 576 799 625 ιιι
817 591 843 641 p.
862 575 897 641 ι).
933 572 1052 628 Mortem
1075 570 1229 626 observavit
1246 575 1263 625 a
1281 570 1306 625 d.
1324 571 1369 627 27.
1387 570 1469 630 Febr.
1488 572 1524 628 ud

149 662 198 716 lo.
218 656 327 722 Martii,
350 658 466 728 ejusque
488 658 644 728 parolluxes
670 658 819 728 inquisivit.
859 656 973 717 Praeter
994 660 1067 716 hunc
1088 660 1117 713 in
1139 657 1237 713 Martis
1263 659 1383 714 motibus
1405 659 1524 715 locatam

146 761 272 816 operam
296 745 443 815 plurimum
462 745 567 801 loboris
586 754 614 803 ct
631 746 762 815 temporis
781 754 955 804 consumtum
980 754 1022 803 eet
1044 748 1073 802 in
1097 744 1269 802 observanda
1287 744 1523 816 describendaque

147 848 230 887 nora
248 832 339 897 stella,
358 833 574 902 quamprimum
593 832 738 902 conspexit
755 833 891 902 Keplerus
910 833 954 890 die
975 837 1016 892 17.
1036 835 1174 892 Octobris.

265 922 411 989 Descriptio
435 925 523 975 stenes
546 921 872 989 germanica(1.4ibss.)
896 927 1012 975 absoluta
1035 932 1073 976 ost
1091 943 1175 977 mense
1194 927 1336 988 Decembri,
1357 927 1436 991 paulo
1464 931 1523 991 pest
1625 974 1628 978 .

147 996 239 1045 misse
255 994 291 1043 cd
309 995 455 1046 Fabricium
474 1008 530 1043 cum
548 996 640 1059 Opticu
659 1000 684 1043 et
701 995 864 1055 Prognostico
883 997 910 1044 in
929 1010 1021 1046 annum
1042 1000 1120 1053 1605.
1150 999 1309 1057 Prognostici
1322 998 1449 1046 dedicatio
1463 997 1524 1045 dats

145 1072 189 1115 est
202 1065 230 1113 d.
244 1066 288 1116 23.
301 1065 427 1118 Octobris.
453 1065 556 1115 Senatui
569 1065 723 1125 Tubingensi
736 1064 854 1129 Opticam
868 1066 974 1114 tradidit
985 1069 1108 1133 chlerus
1121 1070 1161 1117 iris
1173 1069 1299 1130 adjunctis
1316 1069 1406 1127 literis,
1418 1067 1520 1116 desum-

146 1137 184 1185 tls
197 1148 234 1184 ex
254 1135 380 1183 tabulario
392 1136 562 1200 Tubingensl,
580 1135 718 1184 liberaliter
736 1148 779 1185 eas
796 1137 872 1184 nobis
891 1136 1042 1186 concedente
1059 1139 1199 1203 professore
1218 1137 1376 1200 Tubingensl
1394 1138 1428 1189 D.
1447 1138 1522 1191 liotlr.
1540 1198 1543 1205 Ι

262 1222 442 1294 Reverendi,
473 1222 596 1284 Nobiles
619 1231 649 1284 et
672 1222 835 1283 Clarissimi
857 1224 935 1301 Viri,
967 1224 1126 1304 Magnifice
1149 1226 1186 1287 D.
1211 1224 1333 1303 Rector,
1366 1225 1516 1303 ceterique

145 1312 345 1372 Professores
369 1318 398 1371 et
420 1311 628 1387 Praeceptures
652 1311 860 1371 colendissimi.

264 1398 339 1458 Cum
361 1399 562 1475 superioribus
583 1399 723 1459 nundinis
746 1400 1040 1462 Freueolortensibue
1062 1402 1211 1479 specimen
1241 1398 1329 1460 cilicii
1356 1399 1429 1473 mei,
1462 1416 1521 1477 quo

146 1490 181 1547 in
207 1503 354 1567 praesens
377 1487 457 1565 apud
479 1486 534 1547 8⁸³¹
558 1486 614 1546 0¹¹⁰
636 1484 712 1546 M²⁰¹¹²
735 1486 855 1565 longor,
881 1488 1110 1567 Paralipomeua
1131 1488 1244 1548 scilieet
1267 1486 1307 1553 ad
1329 1486 1522 1548 Vitellionem

146 1592 207 1637 scu
226 1575 436 1636 astronomiae
450 1584 564 1652 partem
581 1572 717 1653 Opticam
732 1581 762 1635 et
776 1578 806 1635 in
822 1592 858 1637 ee
874 1582 1031 1637 tractatum
1046 1577 1083 1639 dc
1098 1577 1252 1643 verissima
1267 1575 1381 1636 ratione
1397 1575 1522 1635 visionis

148 1666 180 1723 iu
196 1662 355 1741 publicum
374 1662 517 1723 dederim:
534 1662 672 1724 admouet
686 1679 733 1723 mc
745 1661 962 1740 jucundissima
977 1673 1006 1725 et
1020 1665 1190 1743 gratissima
1207 1663 1387 1724 Academiae
1403 1669 1522 1723 vestrae

146 1768 349 1827 meorumque
372 1752 402 1808 in
425 1769 460 1811 ea
482 1753 645 1829 positorum
667 1752 876 1826 tirociniorum,
900 1752 1111 1829 titulorumquc
1135 1751 1332 1811 athenarum
1355 1751 1521 1827 acquisito·

145 1856 217 1900 rum
240 1836 417 1914 recordatio,
441 1844 474 1898 ut
497 1838 539 1899 M.
556 1838 591 1898 R.
607 1837 675 1898 VV.
693 1837 842 1915 exemplar
865 1856 965 1914 uuum,
987 1842 1013 1900 si
1038 1839 1159 1916 dignum
1181 1836 1340 1913 videbitur,
1363 1839 1393 1897 in
1408 1837 1521 1899 biblio-

148 1928 273 1989 thecam
289 1924 427 1987 Vestram
449 1925 630 1987 inferendum
647 1925 852 2004 (Francoiurto
875 1944 927 2004 per
943 1927 1069 1989 Gellium
1082 1927 1251 2004 'subiugum
1265 1924 1521 2003 nonsummum),

149 2013 334 2093 obsequiosa
364 2013 485 2074 offeram
516 2022 605 2092 atque
638 2014 744 2074 docem
776 2021 806 2075 et
830 2013 889 2075 hcc
918 2022 1006 2092 pacto
1034 2025 1177 2093 tauquam
1207 2022 1244 2075 ex
1273 2012 1430 2075 intervallo
1459 2014 1520 2075 mei

152 2102 328 2165 memoriam
351 2101 431 2178 apud
454 2100 496 2161 M.
520 2102 556 2163 R.
580 2101 618 2161 V.
642 2118 782 2163 renovem
805 2108 895 2177 atquc
917 2121 1090 2181 propagem.

260 2186 349 2264 Quod
372 2205 469 2249 mcum
493 2196 581 2250 teuuc
603 2189 809 2250 munusculum
831 2189 912 2249 sim
930 2190 965 2250 R.
981 2191 1018 2253 V.
1034 2196 1151 2268 gratum
1173 2187 1317 2251 accidisse
1340 2186 1523 2264 intellexere,

155 2274 238 2339 labit
259 2274 291 2335 id
312 2275 385 2337 milri
408 2275 542 2337 stimulos
564 2276 604 2337 ad
626 2279 823 2339 astronomiae
850 2285 1021 2355 exoptatam
1050 2278 1186 2340 omnibus
1208 2276 1379 2339 Academiis
1406 2282 1524 2337 restau-

156 2366 300 2426 rationem
324 2382 361 2425 cn
382 2367 490 2424 summi
513 2364 577 2424 Viri
592 2362 743 2443 Tychonis
765 2361 863 2426 Bralrc
886 2364 1121 2443 diligentissimis
1144 2364 1403 2427 observationibus
1425 2365 1524 2425 conti·
1623 2364 1626 2369 '

158 2450 309 2513 ruendam
333 2459 363 2512 et
384 2469 437 2529 pro
467 2454 576 2529 ingenii
600 2453 766 2529 viriumque
790 2469 923 2513 mearum
944 2473 963 2513 a
986 2455 1051 2515 Dec
1075 2455 1196 2514 obtento
1225 2450 1346 2513 modulo
1369 2458 1524 2513 maturau-

158 2540 234 2602 dam.
280 2538 372 2617 Spem
394 2541 472 2599 enim
495 2539 564 2601 inde
587 2548 782 2617 concepturae
805 2558 879 2615 sum,
904 2543 961 2601 etsi
982 2544 1024 2603 rei
1046 2541 1201 2603 familiaris
1224 2539 1355 2616 aliquam
1374 2539 1524 2617 jacturam

157 2629 210 2688 sim
232 2627 375 2702 facturus,
399 2627 461 2687 sore
484 2634 583 2689 tamen
605 2628 678 2687 milri
701 2629 850 2704 lupatria
871 2645 938 2690 mea
962 2629 1093 2690 lautores
1117 2635 1206 2704 atque
1230 2635 1371 2705 patronos
1393 2643 1453 2688 nou
1469 2626 1523 2689 dc-
1610 2636 1618 2653 ·

156 2715 241 2788 biles,
265 2716 316 2791 qui
338 2716 397 2774 mei
420 2733 591 2776 meorumve
615 2716 686 2776 clim
708 2717 853 2776 rationem
877 2717 996 2778 omnino
1019 2718 1079 2777 sint
1100 2715 1245 2790 habituri,
1275 2732 1401 2793 meaque
1423 2714 1523 2775 studia

156 2802 341 2887 principibus
365 2803 436 2864 viris
459 2810 489 2863 et
510 2804 568 2864 sibi
591 2803 664 2882 ipsis
688 2800 919 2865 commendaturi
943 2811 973 2864 et
994 2821 1047 2882 pro
1064 2811 1229 2881 temporum
1245 2802 1435 2881 locorumque
1450 2819 1524 2864 con·

157 2890 269 2953 diiione
293 2893 520 2968 compensaturi.
983 2958 987 2965 ,
1118 2900 1121 2905 ·

262 2976 375 3039 Vereor
393 2979 459 3055 jem
481 2981 512 3037 in
536 2977 760 3039 Commentariis
790 2976 827 3041 dc
856 2979 987 3041 motibus
1009 2977 1114 3039 stellae
1136 2976 1256 3053 Martis,
1285 2979 1317 3037 iu
1345 2976 1426 3055 quod
1449 2994 1525 3056 opus

159 3064 269 3140 reiero,
302 3084 379 3142 quae
403 3069 481 3129 eirca
503 3068 560 3126 lroc
581 3065 663 3127 sidus
695 3067 773 3127 intra
796 3067 1028 3144 quinquennium
1052 3066 1212 3128 continenti
1236 3065 1338 3128 labore
1361 3064 1525 3143 exploravi,

159 3152 431 3215 manuducentibus
454 3153 617 3214 Brahenuis
641 3155 908 3229 observationibus,
933 3161 963 3216 et
986 3152 1064 3231 quud
1084 3153 1149 3230 jam
1172 3152 1289 3214 demum
1312 3152 1526 3231 vidc0,·plura

158 3248 229 3301 sunt
253 3241 445 3318 exploranda.
494 3240 577 3318 Quae
608 3244 672 3303 sive
696 3244 845 3303 inveniam
868 3244 933 3303 sive
965 3259 1042 3317 non,
1071 3249 1151 3301 certe
1174 3248 1219 3302 tut
1244 3242 1308 3318 jem
1330 3247 1360 3301 ct
1381 3240 1455 3301 talia
1476 3243 1524 3299 in-

159 3334 251 3391 venta
272 3336 351 3404 sunt,
375 3337 408 3389 ut
431 3331 610 3389 astronomia
638 3330 726 3406 plane
754 3346 834 3391 nova
855 3329 949 3391 videri
973 3330 1082 3407 possit,
1112 3329 1217 3406 quodsi
1246 3347 1293 3390 me
1322 3328 1358 3390 de
1381 3328 1438 3391 hae
1460 3331 1525 3391 vita

159 3414 304 3478 decedere
327 3419 488 3494 contingat,
512 3435 571 3477 non
594 3418 754 3494 publicatis
778 3425 807 3478 et
829 3419 859 3476 in
883 3417 1038 3479 discrimen
1054 3415 1190 3477 adductis
1213 3417 1293 3477 bisce
1316 3416 1389 3478 meis
1411 3415 1525 3476 labori-

157 3506 225 3577 bus,
250 3504 289 3564 ud
311 3502 535 3565 illustrationem
551 3503 742 3567 admirandae
756 3505 921 3583 supientiae
945 3505 1063 3566 divinae
1085 3505 1309 3581 pertinentibus,
1333 3503 1363 3563 id
1387 3503 1526 3581 equidem

157 3592 232 3652 mibi
261 3592 378 3653 accidet
407 3593 639 3655 acerbissimum.
685 3594 726 3652 At
749 3595 935 3654 occasionem
966 3590 1072 3653 edendi
1102 3590 1232 3652 nondum
1258 3592 1362 3653 video:
1394 3592 1525 3669 transegi

157 3682 329 3742 enimcum
352 3679 452 3740 Nobili
477 3680 515 3738 D.
539 3681 697 3741 Francisco
721 3679 923 3759 Tcnguaglio,
947 3680 978 3742 S.
1004 3680 1037 3739 C.
1060 3675 1122 3739 M¹¹⁸
1145 3678 1321 3740 consiliario
1344 3678 1524 3740 Bobemica·

157 3786 223 3828 rum
248 3764 501 3845 Appellationum,
525 3776 628 3845 utpote
643 3767 794 3846 Tyehonis
810 3767 908 3830 Brahc
930 3786 959 3845 p.
975 3786 1013 3828 m.
1031 3783 1151 3844 genere,
1174 3776 1208 3827 ut
1229 3766 1281 3828 illc
1304 3767 1375 3827 mihi
1390 3766 1524 3829 Brahcu-

157 3873 212 3917 nas
238 3856 464 3917 observationes
488 3873 575 3933 porro
599 3873 718 3933 quoquc
741 3858 902 3934 impertiret
925 3857 1045 3931 (retinet
1068 3857 1145 3915 enim
1167 3853 1243 3931 illas,
1268 3852 1367 3931 quoad
1381 3854 1525 3917 haeredes

157 3943 258 4005 adbuc
280 3941 409 4004 sedecim
432 3941 526 4005 millia
547 3962 566 4005 a
591 3944 717 4005 Caesare
739 3945 908 4022 recipiant),
933 3961 988 4021 ego
1012 3959 1081 4003 vcro
1105 3942 1255 4020 obligatus
1277 3945 1343 4017 sim,
1365 3942 1439 4002 nilril
1460 3945 1526 4004 sinc

157 4032 254 4111 ipsine
278 4047 425 4091 consensu
449 4029 544 4106 edere,
568 4034 740 4108 priusquam
761 4033 825 4110 ipsc
848 4031 981 4092 Tabulas
1002 4029 1195 4108 Redolpheae
1217 4030 1365 4106 absolvat,
1387 4029 1427 4091 ad
1450 4048 1525 4107 quas

159 4118 245 4181 tarde
269 4136 337 4179 sccc
360 4127 522 4196 comparat.
560 4118 598 4178 Et
619 4120 781 4197 periculum
804 4128 859 4192 cst,
882 4126 916 4179 ut
937 4121 1014 4179 sicut
1034 4117 1178 4178 hacteuus
1193 4117 1363 4195 identidem,
1380 4120 1423 4180 sic
1437 4136 1525 4197 porro

159 4222 281 4285 quoquc
305 4210 459 4283 cumipse
482 4206 716 4268 contendendum
739 4207 810 4267 mihi
833 4207 887 4283 sit,
916 4205 986 4266 dum
1009 4205 1059 4267 illc
1082 4207 1129 4267 sui
1157 4208 1251 4267 soceri
1273 4204 1437 4283 benenom,
1468 4223 1524 4283 ege

160 4297 329 4357 libertatem
351 4295 587 4373 philosophicam
609 4296 694 4356 arnico
716 4302 896 4373 spectamus.
933 4294 968 4353 In
991 4293 1048 4354 hcc
1072 4312 1144 4354 casu
1166 4295 1334 4355 cautionem
1356 4294 1432 4355 lranc
1452 4292 1526 4354 mibi

159 4382 266 4444 suadet
289 4381 398 4443 fiducia
421 4384 607 4467 inventorum
630 4399 771 4457 meorum,
794 4390 827 4443 ut
849 4382 1017 4460 exemplum
1042 4381 1325 4443 Commentariorum
1347 4379 1428 4459 apud
1443 4380 1526 4443 Aea·

162 4470 288 4532 demism
311 4472 438 4548 patriam
462 4470 618 4548 deponam,
643 4489 729 4548 quac,
753 4472 779 4531 si
801 4489 848 4532 me
872 4472 1025 4547 contingat
1047 4471 1130 4544 mori,
1154 4468 1314 4532 editionem
1330 4488 1430 4531 corum
1454 4486 1525 4547 pro-

162 4564 252 4621 curet
296 4558 362 4621 Etsi
385 4560 473 4639 igitur
496 4559 643 4623 decuisset
671 4576 719 4622 mc
741 4560 799 4623 ista
820 4575 873 4641 per
896 4558 936 4625 D.
959 4556 1152 4623 Maestlinum
1179 4564 1322 4639 uacare,
1353 4564 1385 4622 at
1406 4556 1524 4641 quiuis
