3308 5534
147 388 214 465 984
260 450 262 455 ,
649 335 654 357 ⁸
679 388 742 445 Vita
759 384 875 445 loannis
891 385 1012 459 llepleri

147 570 223 631 nihil
244 569 293 630 bic
315 575 361 630 est
384 568 566 643 addendum,
600 586 689 645 quum
712 586 787 646 pene
811 583 913 628 omnes
936 565 1079 643 epistolae
1101 567 1141 627 ad
1170 570 1243 644 ipsa
1264 566 1369 629 studia
1390 568 1500 647 Keplsri

147 658 357 734 chronologica
383 660 559 733 pertineant.
606 656 799 732 Criigerus
829 652 934 715 deiude
965 671 1042 714 anno
1077 661 1171 716 1609.
1201 655 1372 732 Keplcrum
1399 656 1502 717 adierat

150 747 306 823 ,quamvls
331 744 366 803 de
388 745 463 803 lacie
486 745 652 819 ignotum“,
676 742 767 803 allato
791 740 951 803 excusandi
974 746 1065 801 carisa
1087 741 1182 819 Papio
1207 742 1292 803 illius
1316 747 1433 815 amitc3
1457 744 1502 805 aad

147 850 225 893 anno
250 832 366 891 demum
392 836 485 890 1615.
509 849 527 889 a
550 831 681 908 Keplero
705 833 732 889 ei
753 846 927 907 responsum
951 836 1010 903 est,
1041 829 1192 889 Straussio
1225 844 1371 891 monente
1393 830 1501 907 osagen

147 919 302 995 discipulo.
348 918 424 977 Tum
447 917 603 994 Keplerus,
627 927 785 994 postquam
807 935 840 977 sa
864 916 901 976 de
922 916 1106 993 negligentia
1129 921 1291 979 excusarit
1315 928 1349 979 et
1371 921 1501 997 maiore·

146 1010 189 1067 rei
213 1005 330 1082 culpam
355 1008 384 1062 iu
408 1005 586 1064 domesticas
607 1022 678 1063 suas
701 1023 747 1065 res
770 1003 895 1064 contulit
917 1012 947 1064 et
969 1005 998 1060 iu
1021 1003 1271 1080 demigrationem
1304 1006 1361 1065 illo
1383 1020 1502 1085 tempore

147 1112 184 1154 ex
198 1093 296 1169 Praga
311 1092 445 1152 Lincium
470 1093 587 1163 saetam,
611 1092 732 1168 Criigeri
755 1092 979 1168 quaestionibus
999 1088 1126 1152 libenter
1150 1097 1285 1170 acceptis
1310 1093 1437 1153 eundem
1455 1093 1501 1152 ad-

148 1182 292 1254 hortatur,
316 1188 349 1238 ut
372 1179 540 1238 inchoatum
564 1179 714 1238 literarum
730 1181 935 1240 commercium
952 1196 1040 1255 quam
1063 1178 1295 1254 diligentissime
1316 1183 1501 1253 continuaret,

148 1286 237 1345 quam
261 1266 493 1327 admonitionem
517 1266 565 1326 ille
589 1269 717 1325 maximo
740 1266 850 1344 gaudio
872 1273 992 1326 secutus
1015 1272 1068 1326 est.
1106 1266 1198 1327 Brevi
1224 1269 1363 1327 amicitia
1384 1276 1443 1327 tam
1462 1269 1501 1325 iu-

148 1359 221 1415 tima
243 1354 322 1414 lacta
345 1362 398 1426 est,
422 1360 455 1412 ut
479 1370 537 1412 uon
561 1352 649 1411 modo
672 1354 773 1414 studia
794 1352 1008 1431 pertractanda,
1030 1351 1122 1411 libros
1137 1354 1274 1413 edendos
1289 1356 1370 1413 iuter
1383 1372 1417 1415 ae
1430 1372 1502 1415 rom·

148 1443 344 1514 manicarent,
375 1440 427 1499 sed
452 1443 540 1499 etlam
564 1457 665 1500 omnen
688 1459 734 1501 res
758 1441 951 1513 domesticas,
982 1440 1046 1498 sive
1069 1444 1216 1516 pecuniae
1240 1444 1418 1518 augustias,
1445 1444 1501 1501 sire

147 1531 306 1589 liberorum
329 1536 431 1587 natum
455 1536 484 1586 et
507 1538 645 1601 mortem,
675 1531 740 1587 sive
763 1528 838 1589 alias
868 1546 914 1601 res
944 1545 996 1603 per
1019 1525 1120 1586 literas
1150 1535 1333 1601 uastarent,
1365 1531 1408 1588 ita
1429 1530 1500 1589 ntia

148 1614 298 1676 Maestlini
321 1614 418 1674 locum
442 1615 588 1690 Criigerus
610 1618 787 1676 successisse
809 1614 965 1676 rideretur.
1004 1612 1061 1688 Qui
1085 1632 1176 1689 quum
1201 1633 1257 1692 per
1279 1614 1400 1692 aliquot
1421 1634 1501 1677 uuus

149 1702 298 1762 silentium
322 1709 471 1774 servaret,
496 1711 682 1762 astronomus
704 1702 851 1762 Remum
873 1704 987 1761 interim
1011 1700 1142 1776 adierat,
1172 1719 1308 1781 quocum
1331 1719 1396 1762 non
1415 1708 1501 1763 mnas

152 1797 255 1866 aperte
280 1789 316 1847 de
339 1788 445 1848 studiis
468 1791 529 1847 suis
552 1791 685 1866 scripsit,
717 1789 818 1850 addito
843 1789 990 1866 quondam
1019 1787 1055 1848 dc
1079 1787 1220 1849 diuturne
1246 1789 1375 1867 Crllgeri
1397 1791 1502 1853 silentiu

150 1878 209 1938 hoc
228 1876 314 1952 joco:
349 1879 457 1957 „etiam
481 1875 627 1952 Criigerus
650 1893 732 1936 meus
759 1885 791 1937 ut
817 1876 934 1939 vetulus
963 1893 1056 1952 equus
1085 1878 1113 1935 in
1146 1877 1288 1937 lacunam
1320 1880 1500 1955 proeuhait‘

149 1954 211 2025 Sed
226 1963 616 2039 aun01623.epistolarum
632 1966 834 2025 commercium
850 1966 954 2025 iterum
971 1963 1197 2040 diligentissime
1213 1974 1372 2043 receptum
1387 1968 1502 2027 mian

149 2068 187 2113 ax
217 2059 300 2127 parta
332 2051 369 2109 ad
400 2051 557 2127 Epitumeu
588 2057 618 2111 et
649 2059 779 2111 cometas
809 2055 956 2128 pertinuit.
980 2053 1503 2127 (ctr.v01.vi.p.2sss.vot.tn.

150 2143 305 2212 pisseq.)
336 2137 483 2214 Crligerus
505 2140 621 2214 scripsit
645 2138 738 2216 Aprili
758 2144 856 2212 1623,
878 2146 998 2216 petens:
1023 2148 1074 2215 ,tn
1096 2142 1143 2200 uir
1165 2141 1388 2203 humanissime
1401 2158 1502 2201 111111-

151 2235 213 2284 tum
235 2225 293 2284 hoc
315 2227 440 2301 primum
463 2223 614 2286 literarum
637 2226 763 2286 officium
787 2243 825 2288 na
847 2226 995 2299 lastidies,
1027 2225 1079 2286 sed
1106 2230 1213 2304 paucis
1242 2229 1425 2306 respondere
1445 2228 1503 2305 uig-

152 2314 230 2372 ueris
255 2313 293 2371 ob
317 2330 501 2371 communem
524 2310 695 2373 Urunlam.“
729 2312 785 2372 Cui
807 2314 950 2390 epistolae
966 2312 1048 2373 Jullo
1072 2332 1171 2375 mense
1195 2333 1216 2374 a
1232 2316 1370 2393 Keplero
1392 2332 1502 2394 respua-

151 2416 217 2458 sum
240 2407 300 2458 est:
326 2398 413 2475 ,Quo
435 2402 531 2476 magis
554 2417 608 2458 nos
632 2400 766 2460 omuibus
783 2400 895 2461 deliciis
917 2400 1054 2461 litorariis
1077 2401 1187 2478 spoliat
1203 2402 1321 2463 bellum
1337 2404 1502 2465 Germaniae

150 2487 394 2561 funestissimum,
425 2486 482 2547 hoc
504 2487 576 2545 mihi
605 2489 747 2563 gratiores
776 2488 856 2549 luera
889 2495 957 2548 tuae
978 2487 1096 2562 literae,
1126 2494 1304 2552 memoriam
1334 2492 1501 2554 delicium

150 2573 243 2635 ueluti
266 2574 413 2651 quondam
430 2575 554 2651 Epicuro
577 2576 759 2650 grauissimis
782 2575 886 2637 calculi
910 2575 1058 2637 doloribus
1078 2576 1233 2649 alllietato,
1256 2579 1334 2639 mihi
1357 2582 1402 2639 sic
1421 2580 1500 2638 latua

152 2664 264 2739 patriae
286 2665 414 2738 gementi
439 2661 613 2737 doloresque
638 2668 667 2720 et
681 2669 777 2722 metus
798 2663 999 2740 impendentes
1020 2662 1265 2739 perhorrescenti,
1290 2685 1328 2727 ex
1353 2666 1501 2743 longinquo

151 2749 332 2809 refricantes.
378 2748 493 2808 Blande
516 2767 561 2807 me
584 2748 732 2809 demulcet
753 2757 868 2810 tuarum
892 2749 1039 2810 literarum
1062 2749 1165 2823 lectio,
1189 2751 1303 2829 dignus
1328 2757 1445 2814 omnino
1465 2772 1500 2811 aa

154 2838 202 2897 cui
227 2838 356 2895 vicissim
379 2837 506 2912 benigne
530 2842 559 2895 et
581 2835 705 2895 delicate
728 2837 862 2897 laciam.“
896 2837 930 2895 In
952 2854 1092 2914 responso
1115 2838 1213 2915 (Sept.
1242 2844 1345 2915 tous)
1369 2842 1500 2915 Criigeru

152 2931 241 3000 rogat
262 2924 438 3001 Keplerum,
469 2943 505 2982 ne
530 2931 659 2998 apertum
683 2942 800 2983 suarum
833 2927 1002 3003 opinionum
1025 2942 1043 2983 a
1066 2925 1258 3002 Kepleriania
1282 2928 1499 3007 discrepantium

153 3011 381 3089 explicationem
405 3028 492 3086 aegre
516 3011 618 3082 ferret,
644 3011 801 3085 ,incolumi
830 3012 887 3071 hoc
909 3030 1023 3088 semper
1050 3011 1135 3072 licuit
1158 3017 1337 3089 amicitia“,
1369 3016 1499 3091 simulque

152 3100 191 3159 ab
214 3117 251 3158 eo
274 3099 476 3158 renouandum
499 3106 529 3156 et
552 3098 782 3159 continuandum
806 3101 908 3177 prioris
931 3101 1080 3159 amicitiae
1102 3108 1215 3161 statum
1243 3107 1342 3181 petit,
1374 3104 1450 3182 quod
1470 3120 1500 3163 ru

151 3190 246 3261 magis
277 3204 309 3244 sc
338 3195 522 3263 speratorum
546 3185 661 3258 scribit,
693 3186 773 3263 quod
802 3188 946 3265 Keplerus
976 3187 1094 3257 dixerit,
1130 3187 1229 3265 Papio
1261 3200 1383 3252 mortuo
1415 3195 1499 3269 ipsun

152 3271 336 3352 (Criigernm)
359 3277 389 3332 in
414 3273 574 3332 Germania
597 3274 817 3348 septentrionali
841 3293 907 3335 esse
929 3292 1028 3349 uurrm,
1053 3291 1180 3350 quocum
1206 3277 1244 3337 de
1268 3279 1381 3339 studiis
1402 3281 1501 3357 epistu-

149 3360 244 3421 larum
268 3364 473 3421 commercium
496 3360 605 3420 habere
628 3362 731 3435 possit.

257 3447 359 3508 Refert
381 3449 527 3527 Keplerus
550 3456 720 3522 recuperato
744 3450 837 3508 amico
859 3448 921 3509 lata
942 3468 996 3509 sua
1019 3467 1072 3526 per
1093 3467 1189 3510 annos
1212 3452 1391 3528 proximos,
1412 3454 1500 3513 mah's

153 3552 273 3597 eausam
296 3536 442 3597 sorensem
473 3545 503 3594 et
526 3552 602 3610 quae
626 3537 736 3595 interea
763 3537 917 3612 proiecerit
946 3539 974 3595 in
997 3536 1098 3596 literis.
1145 3538 1304 3614 Epistulae
1336 3540 1405 3602 inde
1425 3540 1500 3601 datae

152 3632 182 3683 at
209 3631 349 3700 acceptae
378 3632 447 3683 sunt
476 3640 569 3698 usqua
599 3622 636 3680 ad
668 3640 775 3683 anuum
805 3630 898 3684 1626.
937 3624 1083 3701 Keplerns
1113 3636 1256 3686 accurate
1285 3628 1445 3706 respondet
1468 3624 1500 3685 al

152 3711 274 3786 Criigeri
299 3715 488 3786 quaestiones
512 3710 548 3768 de
572 3712 663 3769 variis
685 3711 774 3770 rebus
797 3713 1009 3784 astronomicis,
1033 3712 1162 3772 reterens
1186 3714 1297 3783 simul,
1323 3734 1402 3791 quae
1423 3732 1500 3793 opera

152 3797 277 3858 ediderit
300 3816 435 3874 quaeque
458 3796 572 3857 edenda
595 3800 623 3855 iu
646 3801 797 3874 proposito
820 3798 937 3871 habeat,
960 3802 1035 3875 petit
1058 3801 1202 3871 uicissim,
1229 3805 1397 3863 utamicus
1418 3807 1499 3881 ipsu

153 3887 182 3942 in
206 3884 321 3945 calculo
345 3896 477 3945 mutuum
499 3884 684 3961 planetarum
708 3884 845 3962 adiuvet:
871 3903 957 3965 „cum
982 3885 1112 3946 desertus
1135 3889 1193 3945 sim
1211 3906 1231 3947 a
1246 3893 1343 3949 sociis
1367 3890 1498 3951 onnon

153 3988 219 4032 cum
235 3971 411 4032 Maestliuus
435 3974 619 4032 consenuerit
641 3989 696 4031 nec
719 3972 788 4033 ullis
811 3973 954 4033 machinis
977 3972 1024 4033 vel
1048 3971 1085 4032 ad
1108 3975 1231 4034 unicam
1256 3978 1421 4054 epistolam
1439 3978 1500 4037 sui-

150 4058 276 4117 bendam
292 4059 372 4135 adigi
388 4063 489 4137 possit,
506 4060 695 4120 vehementer
709 4061 763 4120 abs
778 4068 807 4121 te
822 4068 901 4137 peto,
918 4063 960 4119 uti
976 4078 1022 4119 me
1037 4059 1138 4135 aliqua
1153 4066 1256 4123 oneris
1272 4076 1362 4141 parte
1377 4066 1499 4127 sublesta

151 4145 432 4223 observationesque
448 4147 631 4224 planetarum
646 4147 843 4208 Ptolemalcas
859 4155 919 4206 tam
936 4166 971 4208 ex
988 4150 1080 4224 ipsius
1096 4148 1219 4221 tabulis,
1245 4169 1342 4226 quam
1358 4171 1394 4213 ex
1410 4153 1500 4213 Prata·

150 4233 224 4291 uicis
248 4244 431 4310 computatas
456 4235 493 4293 ad
517 4251 563 4294 me
586 4232 705 4293 mittas“
731 4246 787 4295 etc.
826 4234 943 4294 Petenti
960 4234 1099 4310 crugero,
1125 4236 1357 4315 „tabellarium
1380 4244 1405 4301 si
1420 4252 1499 4319 putas

153 4335 303 4393 nunquam
325 4322 383 4383 huc
405 4321 497 4381 literis
519 4339 646 4381 vacuum
662 4319 806 4396 dimitte“,
830 4321 983 4399 respoudit
997 4321 1161 4398 Keplerus:
1187 4322 1380 4401 τ,0111111111
1394 4330 1498 4405 grauius

151 4407 381 4484 probrosiusque
404 4409 475 4468 mihi
500 4426 630 4485 unquam
654 4409 821 4486 impendeat
841 4412 1009 4470 seruitiuml
1039 4410 1133 4468 Pareo
1156 4428 1230 4470 ecce
1246 4431 1397 4490 perquam
1411 4416 1498 4475 labe!

151 4493 366 4569 epistolamque
389 4505 469 4556 tuam
492 4515 510 4555 a
533 4496 614 4555 calce
636 4504 737 4557 retexo
760 4504 790 4557 et
811 4515 830 4555 a
852 4500 959 4575 capite,
982 4499 1093 4573 gratiae
1116 4513 1250 4574 namque
1275 4512 1436 4579 utrumque
1454 4500 1498 4561 ab·

150 4578 247 4639 sidant
270 4580 382 4640 aditum
386 4628 495 4644 .....
536 4584 702 4659 Epistulam
725 4592 806 4644 tuam
829 4585 866 4644 ad
890 4585 1046 4660 Nagellunr
1061 4583 1291 4661 (sabbatissans)
1318 4589 1423 4666 aliqua
1442 4604 1496 4647 m

150 4667 194 4724 ira
215 4665 289 4740 legi,
323 4669 399 4730 adeo
429 4678 457 4729 te
481 4670 676 4746 negligentem
705 4688 770 4732 esse
792 4674 889 4733 lamae
912 4673 1084 4747 decorisque
1114 4673 1175 4743 tui,
1211 4676 1267 4749 qui
1291 4694 1363 4736 eum
1384 4676 1494 4754 palsas·

150 4751 207 4811 boc
229 4761 366 4831 temporis
389 4758 522 4817 obtineas
545 4761 688 4818 acuminis
703 4758 913 4832 mathematici,
937 4777 995 4818 non
1011 4775 1143 4819 reserves
1158 4761 1413 4827 existimationem
1427 4778 1493 4823 ura·

149 4855 292 4903 camurae
314 4846 414 4923 potius
435 4862 567 4907 mmmm
588 4845 838 4925 lucubrationum,
859 4845 915 4911 sed
936 4850 968 4911 ia
990 4856 1138 4911 1111111111
1159 4845 1223 4913 hoc
1245 4850 1490 4915 1111111111·-
