3308 5534
483 426 527 487 Da
543 428 638 487 amicis
654 434 685 487 et
699 426 853 488 fautoribus
870 428 992 503 Kepleri.
1355 434 1420 503 963

56 615 133 677 toris
148 611 295 673 voluntati
310 610 505 684 satisfaceret,
520 611 571 687 qui
584 608 697 687 judicia
711 608 800 671 vellet
813 627 892 671 mero
906 609 1101 687 astrologica,
1122 609 1269 689 Keplerus
1284 609 1320 671 de
1335 612 1422 672 certis

54 703 149 763 rebus
163 700 340 761 coelestibus
355 696 506 759 consultus
526 701 654 776 priorum
675 697 889 775 astrologorum
903 700 1064 758 sententias
1078 698 1178 768 affert,
1201 709 1233 757 ut
1247 696 1421 775 Ptolemaei,

55 788 280 861 Albumasaris,
305 786 447 856 Cardani,
471 785 569 845 Lucae
591 784 712 845 Gaurici
725 785 918 860 aliorumque,
940 788 1035 861 iisque
1058 786 1130 863 ipsis
1152 788 1314 846 orationem
1335 789 1422 847 attri-

57 878 140 949 buit,
164 878 206 934 ita
222 875 339 951 quidem
364 880 395 933 ut
418 873 498 932 illam
523 870 730 950 interpretandi
752 874 894 932 rationem
917 890 949 932 sc
972 875 1067 951 ipsum
1093 890 1211 949 quoque
1234 882 1422 949 accepturum

57 962 155 1024 inisse
171 962 266 1034 dicat,
290 965 314 1021 si
330 979 457 1038 aequum
473 967 502 1021 ct
517 961 627 1021 bonum
643 958 770 1034 duceret,
793 959 845 1019 sed
861 960 917 1019 boe
936 977 968 1020 ae
986 962 1134 1040 „lusum“,
1158 962 1325 1039 opinionem
1340 978 1423 1021 com·

57 1052 231 1111 mesticiam
253 1050 371 1110 babere.
417 1048 560 1123 Quamvis
583 1053 682 1107 autem
699 1044 845 1126 Keplerus
869 1046 926 1107 iroc
948 1047 1035 1107 modo
1058 1049 1242 1125 imperatoris
1265 1058 1423 1126 praccepta

59 1138 208 1213 effugeret
231 1139 394 1214 partimque
418 1134 549 1195 eluderet
571 1133 697 1210 ideoque
721 1134 785 1209 ejus
807 1133 914 1193 studiis
936 1152 1085 1211 utinquam
1103 1152 1221 1213 prorsus
1245 1134 1420 1212 indulgeret,

60 1234 164 1285 tamen
189 1237 331 1302 perpetua
353 1224 432 1300 upud
457 1226 659 1299 imperatorem
683 1238 775 1296 usque
798 1220 835 1279 ud
860 1221 925 1296 ejus
949 1234 1072 1281 mortem
1094 1226 1190 1298 gratia
1214 1240 1285 1281 usus
1308 1232 1362 1283 est.

168 1312 260 1371 Aliud
283 1329 402 1387 quoquo
425 1312 576 1385 negotium
598 1310 657 1369 sibi
679 1306 850 1367 mandatum
873 1312 982 1386 incepit
997 1308 1143 1387 Keplerus
1166 1309 1281 1369 edendo
1298 1311 1420 1388 partim·

57 1416 121 1475 que
156 1399 328 1473 corrigendo
361 1396 509 1473 'l'yebunis
549 1413 635 1473 opere
669 1394 953 1473 ,l'rogymnasmata
989 1398 1195 1456 Astrouomiae
1228 1400 1418 1461 instauratae.

58 1486 140 1547 Pars
163 1488 287 1561 primae,
312 1488 340 1541 iu
364 1501 423 1560 qrro
447 1483 648 1541 additamenta
663 1491 692 1541 et
708 1482 818 1541 indices
841 1485 905 1560 ipss
927 1482 1009 1542 solus
1024 1484 1198 1556 elaborarit,
1222 1484 1318 1543 sedin
1335 1502 1423 1562 prae·

58 1572 203 1651 parandis
226 1572 263 1631 ad
288 1572 443 1630 editionem
468 1572 599 1647 proiimio
623 1578 652 1627 et
673 1568 821 1627 nonnullis
845 1567 972 1647 plagulis
1000 1572 1150 1645 adjutores
1174 1571 1278 1631 lrubuit
1300 1571 1422 1647 Lougo-

57 1666 246 1731 montanum,
263 1661 386 1736 priorem
403 1658 552 1735 Tyebouis
568 1659 730 1715 ministrum
747 1660 866 1734 (postea
881 1656 1020 1719 llarnias
1041 1656 1254 1737 professorem),
1278 1668 1307 1717 et
1321 1658 1423 1736 Teag-

56 1744 214 1823 nogotium
236 1746 387 1823 Tyclronis
413 1763 567 1821 generum,
599 1753 703 1822 postea
733 1741 909 1803 Archiducis
934 1743 1079 1805 Matthiae
1111 1744 1320 1807 consiliarium.
1364 1746 1423 1807 Hic

60 1835 198 1913 inprimis
220 1834 381 1912 Keplerum
411 1834 507 1909 operis
530 1834 642 1891 socium
666 1848 731 1891 esso
753 1833 914 1905 aegerrime
938 1832 1019 1905 tulit,
1050 1836 1079 1891 in
1106 1833 1194 1893 rebus
1217 1836 1422 1893 astronomicis

57 1940 94 1983 ss
117 1920 249 1998 Keplcro
272 1938 329 1978 uon
354 1922 518 1979 interiorem
549 1937 612 1977 esso
643 1929 733 1978 ratus.
779 1916 847 1994 lpse
877 1919 955 1977 enim
986 1929 1015 1978 ct
1045 1928 1107 1979 tota
1130 1920 1281 1997 Tycbouis
1310 1920 1424 1981 familia

57 2008 234 2087 (praecipue
250 2009 313 2083 ejus
331 2008 434 2075 vidua)
457 2006 616 2083 Keplerum
640 2006 784 2082 putabunt
798 2005 945 2063 homiuem
961 2008 1016 2065 sibi
1034 2007 1253 2080 alienissimum,
1277 2010 1326 2084 qni
1343 2024 1424 2067 mor·

59 2098 107 2155 tul
130 2097 247 2173 scriptis
271 2096 480 2173 perinjurium
509 2095 619 2171 protitus
643 2092 798 2151 utilitatem
822 2109 858 2151 ex
881 2091 1002 2152 edendis
1035 2092 1092 2153 illis
1120 2095 1336 2172 percipiendam
1366 2096 1424 2155 sibi

57 2182 242 2243 haeredibus
267 2185 458 2242 inrnrinueret.
505 2179 600 2255 Quam
625 2180 663 2238 ob
685 2196 746 2239 rem
768 2178 988 2255 Teugrragelius
1013 2199 1046 2240 sc
1069 2184 1133 2241 siue
1156 2182 1284 2259 Keplero
1307 2182 1425 2242 rabulus

58 2268 207 2331 conticere
231 2287 318 2346 posse
342 2279 431 2340 ratus,
454 2266 574 2345 Kepleri
597 2268 723 2342 negotiis
746 2284 805 2325 nou
828 2266 915 2325 modo
939 2268 1062 2343 obstitit,
1092 2269 1144 2329 ssd
1168 2272 1258 2329 ctiam
1287 2270 1316 2328 ld
1339 2286 1424 2329 asss-

58 2366 151 2419 eutus
174 2365 227 2429 est,
252 2368 284 2415 ιιι
306 2356 452 2433 Keplerus
476 2356 569 2413 invite
591 2352 793 2429 Tenguagelio
810 2352 1045 2430 'l‘yebonieorum
1066 2359 1240 2435 scriptorum
1263 2355 1425 2432 quidquam

58 2444 152 2507 edera
176 2452 332 2505 vetaretur.
373 2442 468 2517 Quium
497 2460 556 2501 rem
581 2440 736 2500 multarum
764 2442 982 2501 inimicitiarum
1006 2461 1125 2503 causam
1153 2445 1244 2503 tuisse
1267 2444 1355 2503 facila
1378 2446 1425 2501 iu·

59 2530 223 2608 telligetur.
253 2531 399 2607 Keplerus
415 2532 501 2601 enirn,
526 2531 575 2604 qui
591 2529 647 2587 boc
662 2528 719 2587 sibi
735 2528 772 2587 ab
788 2530 962 2604 imperatore
979 2532 1149 2591 mandatum
1174 2531 1292 2605 diceret,
1316 2532 1426 2607 scripta

58 2637 95 2680 se
121 2616 297 2679 traditurum
321 2636 384 2677 esse
408 2629 576 2676 coristernter
590 2618 720 2691 negavit,
743 2614 796 2675 sed
820 2626 916 2675 tamen
933 2616 1135 2694 'l'cugnagelio
1158 2620 1289 2693 contigit,
1312 2627 1346 2677 ut
1368 2619 1426 2677 sibi

58 2704 218 2785 Tycbouis
241 2708 435 2764 iustrumenta
458 2702 651 2763 crrstodieuda
673 2701 821 2775 darentur,
844 2720 904 2779 qua
926 2720 957 2763 re
972 2704 1118 2782 Keplerus
1140 2706 1324 2783 aliquantum
1348 2713 1425 2764 tem·

57 2794 147 2873 poris
169 2794 208 2851 ab
233 2792 489 2852 observationibus
512 2792 717 2850 astronomicis
746 2790 912 2866 prohibitus
935 2800 990 2850 est.

171 2878 231 2939 Sed
253 2897 288 2939 eo
313 2880 482 2938 inimicitiae
498 2878 647 2956 Tyclrouis
670 2876 811 2937 haeredes
833 2880 979 2953 progressi
1001 2885 1079 2949 suut,
1104 2886 1136 2939 ut
1157 2879 1196 2939 ud
1219 2881 1424 2956 imperatorem

59 2966 212 3029 deterrent
235 2966 400 3043 querelam,
431 2966 590 3041 Keplerum
616 2968 643 3021 in
667 2963 772 3024 studiis
796 2965 931 3023 inanibus
954 2974 1069 3041 tempus
1093 2975 1185 3027 terere
1207 2976 1237 3027 et
1265 2967 1322 3025 lrsc
1344 2983 1427 3027 mora

58 3054 226 3117 editionem
257 3058 347 3129 patris
377 3056 422 3112 sni
452 3071 572 3130 opernm
602 3051 752 3111 retardari.
798 3050 908 3111 Contra
930 3051 1077 3129 Keplerus
1102 3053 1170 3129 jure
1197 3054 1285 3127 dixit,
1315 3072 1427 3113 mersus

58 3140 188 3219 quidem
217 3142 457 3200 observationum
481 3140 715 3216 'l'yclrouicururn
746 3136 904 3197 editionem
934 3139 1047 3200 fertilem
1072 3159 1153 3214 esse,
1184 3144 1425 3201 ratiocinationes

58 3236 183 3301 autem,
207 3230 315 3303 quibus
337 3228 409 3287 solis
432 3231 562 3286 orunium
586 3236 819 3285 astronomorum
842 3227 906 3284 usui
930 3236 1017 3303 aptus
1040 3228 1160 3300 fierent,
1189 3229 1274 3287 multi
1304 3227 1424 3301 laboris,

60 3332 189 3397 operae,
214 3318 353 3393 temporis
377 3333 440 3374 esse
464 3333 533 3375 rem.
578 3312 645 3373 Hoc
668 3312 786 3389 quidem
810 3315 893 3371 initio
917 3313 1035 3387 celavit,
1059 3334 1091 3375 so
1115 3318 1234 3392 insuper
1255 3334 1310 3375 sua
1326 3315 1426 3377 studia

57 3410 242 3465 unctantem
265 3414 295 3462 et
311 3402 435 3479 Opticcu
458 3410 487 3460 et
509 3419 595 3460 snum
619 3399 654 3459 de
676 3399 771 3459 Marte
794 3400 899 3457 librum
923 3419 1107 3478 praeparare.
1145 3403 1297 3463 l'ostremn
1313 3404 1352 3463 ab
1368 3406 1426 3462 im·

58 3499 203 3571 peratore
228 3493 413 3567 impetratum
436 3498 489 3560 est,
514 3497 546 3547 ut
568 3487 715 3565 Keplerus
733 3488 819 3563 jussu
843 3490 1029 3564 imperatorio
1052 3508 1142 3566 opera
1163 3508 1218 3549 sna
1240 3498 1424 3569 proponeret.

59 3578 123 3643 cui
149 3577 289 3636 maridato
313 3595 377 3637 euru
401 3578 539 3635 cessisset
561 3586 590 3635 et
613 3574 757 3652 quidquid
780 3574 946 3634 tribularum
970 3575 1175 3637 elaboraverat
1197 3581 1225 3635 iu
1249 3579 1346 3639 medio
1369 3594 1426 3655 po·

61 3668 196 3737 suisset,
226 3664 387 3725 adversarii
412 3667 453 3721 rei
477 3664 568 3739 ipsios
591 3664 800 3739 imperitissimi
822 3660 1097 3741 (laongomontanus
1120 3668 1197 3723 euim
1221 3664 1284 3740 jam
1313 3664 1425 3724 diutius

60 3750 173 3833 procul
196 3770 215 3809 ιι
235 3750 333 3827 Praga
357 3748 443 3827 erat),
475 3749 595 3826 lieplcri
622 3750 749 3825 negotiis
771 3751 889 3807 minime
913 3754 1041 3809 contenti
1064 3753 1102 3810 ab
1127 3755 1300 3829 imperatore
1330 3754 1425 3829 impe·

60 3846 231 3911 traveruut,
255 3849 287 3897 ιιι
308 3838 350 3895 illi
376 3842 521 3915 inspector
544 3839 629 3912 quasi
651 3837 813 3895 studiorum
842 3838 1049 3897 rronrinaretur.
1096 3839 1150 3897 (lui
1174 3841 1287 3899 muneri
1310 3838 1427 3899 Joan·

59 3946 134 3989 nes
160 3924 359 3984 Pistorius
383 3924 493 3983 electus
509 3935 561 3995 est,
586 3926 704 3983 natione
721 3922 835 4001 Catius,
858 3922 895 3983 ud
918 3923 1005 3983 fidem
1029 3924 1203 3986 catholicam
1227 3939 1427 4001 transgressus

58 4022 94 4077 et
118 4011 272 4090 Rudolpbi
296 4015 478 4089 imperatoris
502 4012 531 4067 in
554 4012 641 4070 rebus
662 4012 753 4070 sacris
776 4011 906 4086 adjutor,
937 4014 988 4086 qui
1012 4013 1139 4071 osticium
1171 4015 1227 4072 sibi
1257 4015 1427 4091 impositum

57 4100 296 4182 prudentissime
321 4102 466 4159 tractarit.
512 4098 600 4157 Brevi
626 4100 702 4156 enim
725 4100 873 4175 perspexit
897 4099 949 4155 riri
973 4116 1111 4175 maguum
1142 4102 1309 4175 ingenium,
1341 4100 1427 4176 cnjus

55 4186 168 4250 studia
190 4189 253 4263 ipse
276 4189 440 4262 inspiceret,
465 4198 493 4247 et
518 4186 598 4244 lraud
622 4184 710 4244 dubie
733 4186 772 4243 ob
795 4204 860 4244 eam
884 4187 976 4262 ipsam
1001 4205 1060 4246 retu
1083 4188 1121 4247 ab
1145 4190 1319 4264 imperatore
1343 4187 1427 4246 dele·

59 4290 161 4353 gatus
184 4282 239 4345 est,
263 4276 329 4349 qrri,
353 4292 531 4349 qrramqnum
556 4274 664 4331 inimici
688 4274 787 4331 ouuria
810 4272 905 4331 moliti
928 4282 1009 4347 eruut,
1034 4283 1131 4335 tamen
1155 4274 1315 4353 Keplerum
1337 4292 1426 4333 suom

57 4363 188 4443 plurimi
212 4363 382 4420 aestiruaret
405 4380 500 4436 neque
524 4378 589 4419 euru
612 4368 727 4437 praeter
750 4377 810 4418 reru
840 4361 940 4419 rexari
964 4369 993 4419 et
1016 4362 1126 4421 turbari
1155 4362 1254 4422 vellet.
1298 4362 1427 4420 Pistorio

58 4457 169 4511 nutem
195 4447 340 4524 Keplerus
364 4448 465 4508 libenti
495 4451 593 4507 uuisno
625 4450 723 4505 ouruia
752 4446 874 4507 corrsilia
896 4464 951 4504 sua
981 4446 1105 4522 detexit,
1137 4452 1188 4525 qui
1211 4449 1371 4527 Keplerum
1395 4456 1428 4508 ut

58 4538 196 4599 amicum
227 4542 355 4593 tractans
386 4545 488 4612 aperta
516 4536 709 4595 admiratione
736 4537 864 4594 maxima
896 4535 948 4591 siri
980 4552 1071 4612 opere
1100 4540 1225 4596 ornarit.
1270 4536 1330 4596 Sed
1360 4552 1427 4595 cum

62 4622 229 4703 Keplerus,
254 4630 286 4679 ut
307 4623 431 4693 solebat,
456 4622 604 4698 qrroudam
627 4632 728 4699 aperte
751 4622 789 4680 de
810 4624 1018 4681 controversiis
1040 4621 1079 4681 ad
1101 4640 1147 4683 res
1161 4640 1260 4683 sacres
1282 4626 1429 4701 pertinen-

62 4712 149 4773 tibus
173 4711 203 4767 in
227 4709 354 4785 epistola
377 4712 554 4786 scripsisset,
584 4727 660 4784 quae
691 4711 795 4787 prioris
826 4710 969 4769 sermonis
1000 4712 1182 4769 continuatio
1213 4728 1279 4771 esse
1303 4711 1427 4784 ridetur,

66 4798 295 4877 potentissimus
319 4796 368 4854 ille
391 4795 528 4856 sacerdos
552 4796 714 4857 catholicus
736 4797 793 4857 iroe
815 4796 973 4874 Keplerum
997 4799 1146 4875 rescripsit
1173 4815 1231 4857 uon
1255 4797 1429 4875 intelligere,

72 4884 151 4947 velle
174 4900 209 4945 ss
234 4891 266 4943 ot
288 4882 436 4961 Keplerus
458 4884 638 4961 theologiam
661 4886 780 4945 missam
803 4885 921 4945 iaceret.
957 4886 1023 4957 (etr.
1043 4885 1208 4959 voi.1V.p.
1228 4888 1344 4953 istm)

1169 4982 1220 5016 teti*
