3308 5534
408 400 590 459 sumundum
608 400 745 458 Historiae
762 398 952 457 Asuouomlae
970 396 1063 457 secolo
1081 397 1156 457 XVI.
1397 394 1460 467 625

136 578 200 648 dales
214 592 264 648 eqo
282 578 472 649 supputationi
488 579 612 635 diffidere
631 579 753 646 debeam,
771 590 885 648 prorsus
904 572 1003 630 dubius
1025 573 1141 645 haereo,
1165 572 1219 629 nisi
1242 586 1286 629 me
1304 571 1365 629 Tua
1381 570 1463 628 Prae

137 664 217 721 surda
230 681 265 720 ex
284 665 337 721 bac
355 664 517 723 difficultate
534 666 641 723 liberali
659 683 709 722 sua
727 663 899 720 institutione
920 663 1038 719 liberare
1064 662 1139 717 uelit.
1177 662 1264 731 Saepe
1283 674 1400 730 namque
1417 676 1464 716 ex·

136 758 208 821 patae
223 768 283 809 aum
301 752 470 824 ᾶίιίςοιιιὶιιιιι
487 754 614 826 Oricum,
636 755 715 824 cnjus
732 751 931 822 Ephemerides
949 750 1052 822 habeo,
1072 758 1100 807 et
1116 751 1187 807 haec
1205 766 1303 822 cauea,
1327 765 1411 820 quare
1428 764 1464 804 ue

138 839 312 907 inaquosus
332 840 457 896 diffidere
474 842 589 897 debeam
608 843 668 911 ejus
686 839 737 896 riri
754 837 954 908 supputationi.
1396 840 1402 847 '

213 927 305 983 Debeo
323 928 369 985 hic
387 929 534 986 nonnullas
552 930 737 986 dubitationes
757 927 790 982 de
807 925 956 996 hypothesi
972 923 1062 980 lunari
1080 922 1237 994 Tpcbouica
1254 922 1368 994 addere,
1394 938 1464 994 quae
1539 975 1542 979 ,

139 1011 467 1073 commercatorem
492 1033 569 1073 meae
593 1017 657 1073 fidei
675 1032 731 1071 uon
750 1012 859 1083 quidem
876 1011 1107 1082 reprehendendi,
1133 1011 1182 1067 sed
1199 1012 1292 1081 potius
1309 1011 1363 1067 mei
1381 1011 1465 1066 iuior-

138 1099 206 1159 maii
221 1118 303 1159 causa
320 1104 464 1171 commisit,
484 1113 514 1160 ut
531 1105 566 1160 sd
586 1120 634 1161 eas
651 1103 717 1174 quid
729 1103 858 1158 sentirem
875 1099 1080 1170 responderem.
1111 1100 1212 1156 Verum
1225 1115 1286 1156 cum
1299 1100 1349 1155 sim
1361 1099 1464 1170 hospes

138 1187 206 1247 adbuc
220 1192 247 1246 iu
264 1191 399 1260 ejusmodi
416 1193 617 1247 mathematicis
636 1189 840 1259 quaestionibus
859 1188 1011 1256 solvendis,
1038 1203 1088 1257 ego
1107 1189 1199 1258 potius
1222 1194 1270 1243 tuo
1289 1188 1465 1255 sagacissimo

138 1292 178 1345 quo
191 1278 327 1347 praeditus
346 1296 376 1336 cs
391 1279 496 1349 judicio
515 1280 577 1335 illas
596 1277 739 1334 diluendas
757 1277 912 1346 relinquere
924 1275 1007 1344 volui,
1025 1291 1080 1332 nou
1098 1275 1205 1330 iuterim
1218 1274 1252 1329 de
1271 1281 1320 1330 tua
1335 1274 1466 1344 singulari

137 1377 185 1433 taes
199 1380 239 1422 ma
255 1367 447 1424 benevolentia
465 1373 493 1423 et
507 1368 600 1422 lavore
618 1364 756 1433 dubitans,
774 1364 841 1435 quin
853 1377 924 1433 quae
935 1362 1096 1432 responderi
1109 1362 1143 1417 ad
1156 1376 1203 1416 eas
1217 1360 1342 1423 debeant,
1359 1377 1465 1441 mecum

136 1452 201 1520 pino
217 1468 326 1525 quoque
343 1462 465 1524 tempore
483 1453 633 1509 liberaliter
650 1452 689 1508 sis
707 1451 964 1519 communicaturus,
983 1466 1038 1520 quo
1056 1459 1084 1505 et
1100 1450 1217 1507 Domino
1235 1450 1386 1520 Praetorio,
1404 1464 1465 1505 meo

138 1538 305 1597 mimimo
322 1540 503 1611 praeceptori,
522 1555 556 1596 ea
573 1540 607 1595 de
624 1556 654 1595 re
673 1539 841 1595 sufficienter
858 1538 1026 1607 respondere
1043 1538 1163 1594 voluisse
1182 1538 1284 1594 ridear.

216 1628 373 1697 Sequuntur
383 1628 492 1684 Domini
510 1627 644 1684 Praetorii
662 1627 751 1682 rerba
784 1626 821 1693 ,L
840 1624 962 1695 Tempus
987 1641 1122 1696 apparens
1147 1625 1285 1681 existimat
1303 1630 1406 1691 (Tycha)
1429 1625 1465 1680 ad

136 1715 306 1785 qualitatem
322 1715 418 1772 reduci
436 1716 534 1771 debere
553 1716 632 1771 aliter
649 1731 700 1785 pro
719 1722 795 1769 motu
814 1712 885 1770 Solis
903 1713 1078 1783 calculando,
1103 1712 1182 1778 aliter
1200 1731 1249 1783 pro
1268 1719 1343 1768 motu
1360 1715 1464 1771 Lunae.

136 1798 332 1871 litiaexemplo
345 1803 379 1857 ab
395 1803 457 1872 ipso
471 1802 589 1858 adducto
601 1818 737 1874 apparens
749 1808 857 1871 tempus
869 1816 920 1869 pro
933 1799 995 1854 Sole
1014 1807 1147 1869 aequatur
1165 1800 1350 1855 subtractione
1363 1804 1397 1870 7¹,
1416 1816 1466 1870 pro

136 1885 196 1943 laus
210 1904 273 1944 raro
291 1889 431 1946 additione
450 1892 554 1960 '1⁶³6‘ss
573 1899 605 1946 ιι
624 1889 776 1946 differentia
793 1888 936 1956 utriusque
955 1887 992 1941 sit
1004 1888 1046 1942 14⁴
1059 1887 1119 1943 att.
1155 1886 1215 1941 Hoc
1233 1886 1313 1957 quale
1333 1886 1380 1953 sit,
1400 1886 1465 1941 diri·

138 1988 186 2031 utra
198 1991 253 2033 rou
269 1990 392 2047 possum,
411 1992 575 2046 quocunque
594 1979 676 2034 eliam
693 1993 737 2032 me
755 1984 868 2033 rerum.
892 1973 987 2030 Multis
1008 1973 1253 2041 observationibus,
1272 1975 1369 2043 inquit,
1388 1975 1467 2029 edoc-

138 2064 169 2117 ιιι
181 2078 236 2119 aum
253 2070 323 2133 eta,
347 2078 397 2119 cur
420 2080 476 2120 uon
493 2065 677 2122 astronomica
695 2063 820 2119 remedia
832 2063 868 2118 ad
886 2061 1036 2116 anomaliae
1059 2060 1242 2118 conciliandas
1262 2061 1392 2115 adhibet?
1418 2078 1467 2116 cur

138 2146 175 2207 lta
187 2158 239 2207 tam
257 2150 455 2209 absurdissimo
474 2152 620 2221 emplastro
647 2152 762 2207 oblinire
786 2158 901 2207 conatur
923 2150 967 2205 nel
985 2165 1049 2204 suos
1068 2148 1110 2204 rel
1129 2149 1198 2204 coeli
1223 2151 1348 2204 errores?
1378 2149 1466 2204 Nemo

138 2249 197 2295 Ιιιι
212 2245 385 2295 astronomus
403 2238 456 2296 boc
472 2239 612 2311 probabit,
630 2238 683 2295 uisi
702 2240 774 2295 torte
791 2238 910 2306 nesciat,
934 2235 1000 2305 quid
1018 2236 1055 2292 eit
1072 2236 1201 2305 aequatio
1225 2235 1329 2291 dierum
1348 2239 1377 2291 et
1394 2234 1467 2290 unde

212 2415 250 2471 11.
268 2415 301 2471 iu
319 2417 393 2471 omui
418 2431 482 2471 reru
507 2416 700 2485 conjunctione
724 2421 753 2472 et
771 2417 944 2486 oppositione
968 2422 1092 2472 centrum
1116 2415 1260 2471 eccentrici
1285 2416 1421 2485 reperitur
1439 2414 1466 2471 iu

139 2499 212 2573 Μῦς,
224 2503 264 2572 9),
282 2502 347 2557 iuda
364 2504 539 2574 progreditur
556 2504 585 2558 in
603 2504 713 2560 circello
726 2504 790 2560 ALI
807 2520 904 2561 uersus
915 2507 939 2560 L
952 2512 1027 2560 motu
1045 2503 1200 2573 duplicatae
1213 2503 1358 2560 distantiae
1371 2505 1466 2560 Lunae

138 2584 181 2657 [par
202 2589 378 2661 apicyclicam
399 2590 661 2661 prostbapheeresiu
684 2594 837 2661 correctae)
860 2607 959 2650 avero
984 2593 1044 2647 loco
1063 2591 1144 2646 Solis.
1183 2590 1293 2659 Duplex
1318 2589 1466 2648 dubitatio:

137 2672 208 2733 fluit
231 2686 326 2734 centro
347 2678 492 2734 acceptrici
510 2685 612 2734 motum
630 2679 658 2733 in
678 2679 788 2735 circello
805 2678 991 2749 inaequalem,
1015 2676 1089 2749 quod
1107 2693 1162 2732 nou
1185 2685 1229 2732 est
1247 2679 1466 2748 astronomicum,

138 2758 175 2819 h
187 2772 283 2821 contra
299 2765 433 2836 principis
450 2767 640 2829 astronomica,
658 2781 747 2834 neque
765 2780 829 2821 raro
847 2766 919 2821 tueri
937 2781 968 2820 se
985 2772 1078 2834 potest
1096 2764 1222 2834 exemplo
1241 2765 1399 2835 Ptolemaei,
1419 2767 1467 2834 qul

139 2861 280 2923 quntum
297 2855 408 2911 dctioue
426 2853 650 2922 aequabilitatem
668 2859 760 2907 motus
778 2852 812 2907 ad
832 2852 950 2907 alienum
964 2859 1087 2907 centrum
1100 2852 1236 2921 alligarit;
1255 2867 1315 2907 uum
1336 2855 1389 2909 hoc
1408 2871 1467 2910 cor·
1494 2836 1498 2854 ’

139 2939 277 3014 rilpotesa
295 2943 434 2999 additione
452 2940 581 3012 epicycli,
605 2941 678 3011 qnod
696 2938 763 2995 iecit
782 2939 963 3008 Copernicus,
988 2955 1077 3009 neque
1101 2942 1183 2994 et'am
1210 2939 1263 2996 boc
1280 2941 1468 2997 Ptolemaeum

139 3023 256 3095 baruae
274 3029 404 3086 credibile
423 3036 479 3096 est,
502 3029 551 3084 sed
574 3027 677 3096 placuit
694 3028 747 3096 ipsi
766 3043 817 3083 sua
834 3027 968 3095 inventio,
994 3042 1029 3081 ne
1047 3025 1192 3081 multitudo
1211 3028 1373 3083 circulorum
1392 3042 1470 3085 assu·

140 3125 245 3175 uetur.
284 3116 390 3173 Deinde
408 3133 462 3171 nou
482 3115 588 3169 ridetur
605 3114 665 3169 tisri
683 3131 774 3184 posse,
794 3116 891 3185 ut'per
908 3114 991 3169 talem
1010 3113 1176 3183 duplicatam
1197 3112 1354 3171 distantiam
1372 3117 1484 3177 consa,
1580 3126 1583 3137 ·

138 3204 239 3261 miseri
251 3204 307 3260 loci
319 3219 336 3257 a
348 3203 419 3258 Solis
432 3219 495 3257 vero
508 3202 568 3257 loco
580 3202 716 3256 restitutio
729 3203 871 3269 utriusque
882 3200 936 3257 loci
953 3201 982 3255 in
994 3204 1030 3258 ο(
1049 3207 1077 3254 et
1092 3213 1128 3263 σο
1145 3201 1285 3269 continget
1297 3203 1323 3257 iu
1337 3206 1370 3258 A.
1399 3206 1470 3259 Nam

138 3282 212 3347 luae
222 3298 323 3355 motus,
341 3305 392 3360 per
404 3289 579 3359 epicyclicam
591 3289 849 3358 prosthaphaereeiu
862 3296 1009 3355 correctus,
1028 3291 1149 3345 noudum
1162 3300 1243 3345 verus
1262 3298 1312 3348 esa
1342 3291 1470 3361 Exempli

140 3379 215 3447 ιώ,
231 3377 293 3435 deri
312 3384 412 3446 potest,
431 3385 462 3431 ut
475 3378 521 3432 Sol
539 3392 604 3431 nero
616 3385 692 3431 motu
706 3378 741 3431 sit
753 3378 782 3431 iu
794 3377 825 3431 3ο
839 3382 880 3444 V,
897 3376 994 3431 Lunae
1005 3376 1083 3431 locus
1096 3392 1144 3446 per
1158 3376 1332 3446 epicyclicam
1344 3379 1469 3448 prosthe-

138 3460 263 3529 [ἐπιθείη
282 3464 442 3519 emendatus
459 3464 487 3517 in
505 3466 591 3522 ³⁰32.
627 3465 665 3518 Et
682 3465 727 3518 hic
744 3465 839 3519 Lunae
857 3470 948 3518 motus
970 3461 1090 3517 noudum
1113 3479 1194 3518 verus
1214 3470 1270 3530 eet,
1297 3464 1376 3519 deest
1399 3464 1469 3519 euim

139 3552 329 3609 meinimis
347 3550 622 3622 prosthaphaeresis:
640 3552 706 3607 item
733 3553 811 3607 deest
832 3549 881 3606 illa
903 3549 1038 3618 particula
1062 3566 1096 3604 ex
1119 3549 1227 3606 circello
1252 3551 1325 3606 circa
1348 3542 1469 3609 ceut'rum

138 3635 200 3702 nin?
214 3638 331 3709 epicycli
350 3639 521 3708 proveniens,
540 3638 618 3695 deest
635 3640 671 3694 ad
690 3640 831 3695 zodiacum
842 3637 949 3693 relatio.
981 3637 1056 3692 Talis
1069 3638 1153 3704 igitur
1170 3636 1301 3693 distantia
1313 3640 1379 3695 iacit
1391 3643 1471 3695 semi·

139 3723 257 3793 finium,
275 3741 349 3796 quae
367 3724 508 3795 duplicata
526 3725 617 3790 efficit,
635 3733 666 3781 ut
680 3733 801 3781 centrum
814 3726 959 3784 ecceutrici
976 3726 1129 3796 reperiatur
1147 3725 1174 3780 in
1186 3727 1219 3795 A,
1237 3726 1347 3795 quando
1366 3728 1470 3784 scilicet

139 3804 247 3871 hicum
264 3829 321 3868 nou
340 3818 384 3869 est
400 3828 464 3869 vera
482 3813 618 3882 oppositio
638 3822 691 3870 etc.

219 3902 271 3959 111.
289 3900 394 3957 Similis
406 3899 539 3955 dubitatio
557 3902 643 3955 oritur
656 3917 689 3956 ex
702 3902 812 3959 circello
830 3903 903 3958 circa
920 3910 1043 3959 centrum
1062 3903 1179 3973 primum
1198 3903 1312 3973 epicycli
1325 3904 1470 3975 descripto,

140 3980 240 4061 ‘nerim
265 3989 374 4045 scilicet
396 3994 552 4042 ususversa
574 3989 705 4044 diametro
724 3989 814 4045 librari
834 3989 916 4046 debet
940 3998 1062 4045 centrum
1081 3991 1160 4060 primi
1184 3990 1311 4060 epicycli,
1336 3999 1364 4047 et
1382 4002 1471 4048 motus

142 4078 268 4135 naeuus
286 4077 414 4132 similiter
431 4074 526 4130 similis
544 4090 606 4130 esse
625 4077 707 4132 debet
724 4093 804 4131 verae
828 4077 960 4131 luminum
979 4076 1125 4132 distantiae
1149 4078 1315 4146 duplicatae.
1352 4079 1471 4134 Primum

142 4158 203 4229 'Utar
217 4164 271 4221 hoc
290 4179 400 4233 quoque
418 4163 586 4218 loeo'motus
604 4179 654 4232 per
672 4179 702 4218 ee
719 4164 870 4232 inaequalis
888 4164 938 4218 tali
956 4164 1107 4219 anomaliae
1134 4165 1276 4228 tribuitur,
1302 4167 1399 4222 deiude
1424 4169 1472 4224 tali

144 4252 289 4309 medone
306 4251 443 4307 anomalia
461 4252 553 4320 potius
571 4252 666 4305 Laruae
685 4251 858 4318 emendatur,
882 4268 936 4306 nou
955 4267 1036 4306 serus
1054 4251 1130 4306 locus
1149 4253 1251 4309 Lunae.
1287 4255 1358 4310 Nam
1377 4256 1472 4312 eadem

144 4334 190 4395 ἢ
203 4338 338 4411 particula
362 4353 417 4393 rou
436 4336 517 4393 simul
535 4338 617 4393 tribui
636 4345 729 4406 potest
745 4338 798 4408 ipsi
815 4339 924 4405 Lunae,
951 4340 1034 4395 chum
1059 4350 1143 4410 atque
1162 4341 1243 4397 ulium
1268 4343 1349 4398 situm
1367 4345 1473 4400 ratione

146 4422 262 4497 utaque
280 4426 397 4497 epicycli
416 4425 542 4494 habenti,
567 4442 620 4479 nou
642 4433 717 4482 certe
741 4427 813 4482 idem
836 4433 879 4482 est
897 4428 1014 4495 angulus
1039 4429 1074 4483 ad
1093 4436 1214 4484 centrum
1233 4430 1352 4485 universi
1370 4431 1472 4486 circelli

150 4508 201 4567 lies
214 4521 335 4571 ωιιιτιιιιι
358 4513 439 4583 primi
456 4512 570 4582 epicycli
589 4513 730 4583 descripti,
754 4530 786 4570 ac
809 4514 932 4582 aequalis
956 4515 1056 4573 circelli
1076 4516 1148 4572 circa
1165 4517 1261 4572 Lunae
1285 4526 1407 4572 centrum
1426 4516 1471 4571 de-

152 4598 232 4670 ἠΰς
245 4602 292 4658 laic
309 4599 455 4668 animiam
473 4601 593 4670 propior,
609 4601 666 4669 jrm
684 4601 813 4664 remotior
829 4616 891 4658 esse
908 4610 1009 4672 potest,
1028 4620 1078 4673 pro
1097 4603 1192 4660 eodem
1211 4612 1302 4659 tamen
1314 4622 1331 4659 e
1345 4604 1473 4674 Tychoue

229 4722 271 4834 ii.
289 4777 392 4832 iliram
410 4775 494 4832 rideri
512 4782 616 4848 potest,
641 4777 715 4845 quod
733 4777 761 4831 iu
778 4777 831 4833 hac
849 4782 909 4832 tota
925 4780 1078 4847 pragmatia
1103 4795 1192 4849 ueque
1209 4776 1365 4835 reflexiouis
1383 4793 1472 4848 neque

195 4858 436 4920 umopmvua
1231 4865 1264 4922 41
