3308 5534
111 469 114 476 q
147 382 234 457 1002
552 434 556 455 ,
658 352 722 445 vra
738 385 857 447 sonu·
872 385 994 458 aseae.

147 565 246 639 vallo,
269 574 380 642 quanta
402 573 447 629 est
468 567 589 628 alterius
610 565 703 630 moles
724 569 755 627 in
776 567 1004 647 comparatione.
1049 565 1083 644 b)
1105 563 1144 629 Si
1168 564 1264 627 uuna
1292 571 1326 629 et
1344 563 1432 629 'lm
1446 581 1494 627 sn

150 656 343 719 retinerentur
366 658 396 714 vi
419 655 529 731 aliqua,
554 656 645 717 Terra
666 655 838 717 ascenderet
858 653 898 717 sd
911 653 1026 716 Lunam
1048 661 1136 732 parte
1163 649 1220 736 Ἃ,
1245 652 1407 727 iotansit
1426 652 1495 719 ln

148 741 336 803 descenderet
365 741 403 802 ed
426 743 545 804 Terram
576 744 708 823 partibus
740 761 765 806 c.
790 749 831 805 bb
861 740 1009 805 intervelli
1034 743 1140 818 ibique
1167 742 1385 818 jungerentur.
1425 740 1495 820 siis

150 830 240 891 Terra
263 837 392 891 cessaret
414 831 560 890 attrahere
583 830 622 891 ad
643 848 675 891 ae
698 848 793 907 equas
813 847 895 903 suas,
916 846 1012 906 equae
1028 846 1131 890 omnes
1147 828 1496 891 elevarenturet'sreet·

147 934 202 996 pus
217 916 319 981 Lunae
341 918 503 978 influerent.
534 915 565 998 4)
581 916 667 982 Orbis
690 920 806 980 virtutis
828 919 991 992 tractoriae,
1014 934 1092 994 quaa
1113 923 1164 977 ost
1185 919 1220 976 iu
1238 916 1342 990 Luna,
1364 919 1497 995 Μὴ

148 1022 242 1080 usque
265 1004 304 1065 ad
327 1005 433 1064 Terras
457 1013 486 1064 et
508 1005 652 1082 prolectat
673 1002 767 1083 squas
789 1007 847 1067 sub
869 1021 973 1069 seuam
994 1003 1146 1079 torridam,
1170 1006 1292 1084 quippe
1316 1007 1350 1065 is
1366 1020 1497 1067 out·

147 1110 232 1152 suum
255 1109 430 1168 quacunque
460 1095 489 1150 in
513 1095 650 1153 verticem
680 1093 737 1154 loci
765 1093 884 1168 incidit,
915 1091 1122 1155 insensibiliter
1153 1094 1187 1153 iu
1214 1093 1359 1155 maribus
1388 1090 1497 1165 isch

134 1180 328 1241 'sensibiliter
350 1181 402 1252 ibi,
426 1180 475 1239 ubi
499 1188 567 1241 suut
588 1179 723 1243 latissimi
738 1180 818 1243 sisai
834 1182 936 1243 oceani
952 1182 1096 1257 equisque
1110 1180 1258 1256 spatiose
1273 1181 1497 1257 reciprocatis*

147 1266 279 1328 libertas.
316 1265 383 1343 Quo
405 1267 483 1327 iacto
507 1267 654 1329 nudantur
674 1268 762 1329 litore
783 1285 922 1331 sonuum
944 1277 974 1329 et
995 1267 1150 1328 climatum
1173 1264 1354 1328 lateralium
1376 1269 1498 1343 assiq-

149 1358 237 1416 etiam
259 1355 315 1413 aub
339 1354 447 1415 torrida
469 1357 551 1414 sinus
574 1355 704 1415 eiiioiuut
731 1357 910 1419 reductiores
936 1357 1040 1419 oceani
1066 1357 1245 1432 propinqui.
1295 1354 1404 1432 ltaque
1427 1354 1497 1431 ᾤ

148 1446 178 1503 in
202 1442 298 1501 latiori
327 1442 414 1502 alveo
446 1444 547 1502 oceani
576 1445 815 1520 assurgentibus,
842 1444 906 1507 tisri
934 1450 1047 1520 potest,
1079 1444 1167 1502 utin
1189 1442 1423 1520 wgo-coetu
1446 1440 1497 1518 ᾑ

149 1530 277 1601 sinibus,
301 1530 388 1588 modo
412 1547 469 1588 non
493 1531 579 1589 nimia
603 1540 682 1592 arcte
706 1531 866 1605 conclusis,
898 1547 992 1607 aquae
1015 1538 1176 1607 praesente
1196 1529 1294 1603 Luna
1317 1532 1408 1591 etism
1426 1528 1496 1589 sdr-

149 1634 217 1694 gare
240 1617 279 1676 ab
302 1635 337 1678 ea
360 1617 533 1692 videantur;
557 1620 666 1696 quippe
688 1618 854 1693 subsidunt,
876 1619 947 1679 toris
961 1619 1111 1681 subtracta
1128 1619 1221 1694 copis
1237 1634 1400 1695 aquarum.
1426 1614 1495 1676 Cele-

156 1708 225 1764 riter
248 1722 319 1764 vero
344 1704 427 1764 Luna
457 1708 594 1767 verticem
622 1705 839 1782 transvolante,
871 1722 937 1769 eum
960 1722 1056 1783 aquae
1085 1712 1149 1766 tam
1180 1705 1326 1767 celeriter
1349 1706 1432 1781 sequi
1451 1718 1496 1765 n

150 1794 273 1871 possint,
297 1792 393 1873 liures
416 1793 534 1868 quidem
562 1794 594 1853 iit
617 1795 718 1855 oceani
742 1796 798 1855 sub
820 1793 929 1855 torrida
957 1794 986 1853 in
1009 1790 1214 1866 occidentem,
1244 1791 1354 1869 quoad
1381 1792 1498 1871 maaet

150 1880 190 1942 ad
213 1882 357 1939 contraria
379 1879 466 1940 litora
489 1889 685 1958 servaturque
707 1883 746 1943 sb
768 1884 814 1942 iis.
852 1879 1032 1943 Dissolvitur
1053 1896 1125 1939 raro
1150 1879 1295 1943 discessu
1318 1878 1422 1943 lause
1439 1894 1499 1939 en·

152 1966 251 2029 ciliuru
274 1985 417 2045 aquarum
439 1986 491 2028 seu
514 1972 668 2042 exercitus,
693 1972 744 2045 qui
766 1975 811 2030 ast
833 1969 862 2029 iu
885 1970 987 2030 itinere
1010 1984 1112 2029 semus
1136 1966 1306 2039 torridam,
1330 1970 1437 2045 quippe
1454 1964 1498 2027 ds·

151 2063 246 2117 sertus
268 2073 287 2116 a
310 2064 405 2116 tractu
429 2059 478 2131 qui
501 2056 584 2117 iilum
608 2059 770 2132 exciverat,
800 2059 971 2133 impetuque
992 2064 1094 2132 capto,
1125 2063 1161 2114 ut
1183 2056 1216 2115 iu
1242 2055 1331 2117 esais
1360 2054 1498 2133 martire.

150 2151 262 2205 remeat
284 2151 313 2205 at
336 2142 462 2203 assultat
485 2143 521 2204 ad
544 2143 631 2205 litora
653 2161 708 2204 sua
730 2161 824 2221 eaque
838 2146 942 2222 operit.
973 2141 1075 2219 (liquit
1096 2144 1233 2219 impetus
1256 2145 1320 2205 iste
1340 2142 1500 2221 perede·-

151 2234 221 2293 tiam
246 2231 346 2292 bunos
371 2233 510 2309 impetum
532 2232 634 2304 alium,
658 2231 752 2292 donec
767 2231 852 2292 Luna
874 2230 989 2293 rediens
1011 2231 1112 2291 irseus
1126 2232 1266 2308 impetus
1288 2230 1382 2309 buius
1396 2230 1501 2307 cerff!

150 2318 374 2394 moderaturque
397 2328 426 2379 et
449 2336 508 2379 una
531 2336 596 2379 cunr
619 2334 672 2380 suo
695 2326 776 2379 motu
800 2321 988 2396 cboumagat.
1016 2316 1229 2399 (contuentur
1254 2335 1330 2380 cum
1350 2318 1500 2397 μνία·

149 2407 252 2467 literae
274 2405 393 2482 Kapleri
416 2406 454 2468 ad
477 2406 662 2468 Horrvartum
687 2406 773 2468 datae
795 2404 856 2467 rol.
879 2405 935 2469 111.
958 2423 988 2483 p.
1012 2406 1102 2479 455.)
1140 2405 1176 2483 b)
1192 2404 1355 2483 Sequitur,
1376 2409 1402 2469 si
1423 2406 1499 2465 ret!

151 2496 291 2555 uectoria
314 2494 417 2554 Lusias
440 2496 598 2571 porrigitur
620 2497 651 2554 in
673 2494 779 2555 Terras
802 2511 910 2571 usqne,
939 2494 1032 2554 multo
1055 2494 1151 2568 magis
1176 2495 1328 2555 eumaem
1350 2494 1499 2555 usaue·

150 2580 276 2643 'Paliuris
300 2585 409 2659 porrigi
432 2584 461 2641 in
485 2582 599 2642 Lunam
622 2592 651 2642 ct
672 2582 761 2659 longe
782 2582 883 2643 altius.
925 2583 959 2651 ei
983 2581 1064 2642 beve
1087 2580 1165 2641 nibil
1187 2589 1238 2643 est
1261 2581 1415 2652 absolute,
1434 2576 1499 2657 essi

40 2680 43 2695 ¹
151 2687 293 2747 corporea
317 2671 441 2729 materia
463 2677 589 2743 constat,
612 2668 665 2730 sed
688 2676 857 2746 comparate
878 2666 973 2731 levius
996 2677 1050 2741 est,
1074 2666 1155 2744 quod
1179 2671 1283 2731 rarius
1307 2678 1365 2730 est.
1407 2667 1499 2727 Ram

151 2775 222 2821 varo
245 2757 310 2817 dico
334 2773 391 2817 noa
415 2755 489 2815 iilud
512 2764 634 2831 tentum,
659 2756 737 2834 quod
760 2773 899 2834 porosum
921 2763 967 2818 asi
988 2764 1018 2817 et
1039 2758 1069 2815 in
1085 2753 1198 2817 multas
1213 2754 1499 2825 asturensis.

150 2845 201 2906 sed
225 2846 254 2903 in
276 2861 383 2920 genere
406 2844 484 2920 quod
508 2846 563 2904 sub
594 2844 696 2904 eadem
719 2845 775 2904 ioci
798 2843 1006 2921 amplitudine,
1038 2861 1125 2919 quam
1156 2851 1294 2920 occupat
1316 2840 1500 2921 aerius}-

151 2933 240 3010 quod,
263 2936 404 2992 nrinorem
427 2934 620 3007 quantitatem
644 2933 784 2993 materiae
799 2947 957 3008 corporeae
971 2928 1128 2992 concludit.
1162 2927 1196 3009 7)
1211 2929 1315 2991 Levis
1329 2930 1499 3006 ueubgifl

150 3020 189 3080 ad
210 3020 393 3097 superficiem
425 3036 517 3095 usqua
549 3019 665 3092 mundi,
695 3019 763 3079 dum
793 3020 924 3080 teruntur
953 3036 1082 3091 sursum,
1113 3025 1167 3097 aut
1199 3034 1265 3078 uou
1288 3019 1500 3081 amatum

151 3108 256 3181 Terra;
288 3109 384 3167 minua
412 3108 489 3167 euim
518 3107 702 3167 attrahuntur
729 3124 818 3185 quam
846 3109 950 3185 gravis
978 3115 1008 3167 et
1029 3108 1073 3166 sic
1102 3104 1303 3182 expoliuntur
1325 3127 1346 3167 a
1367 3106 1500 3184 assiu

152 3213 211 3271 quo
243 3196 319 3255 iacto
349 3196 504 3271 quiescunt
532 3204 561 3254 et
589 3199 749 3255 retinentur
777 3213 797 3255 a
824 3193 916 3255 Terre
943 3193 1008 3254 ioco
1037 3209 1104 3256 sue.
1154 3198 1191 3268 8)
1223 3193 1290 3267 (Ex
1326 3194 1499 3268 „Sonuie‘i

153 3285 296 3343 Aestuum
320 3284 407 3343 maria
431 3299 538 3341 causae
563 3282 697 3342 videntur
721 3299 785 3342 esse
808 3298 931 3360 corpore
952 3280 1031 3342 Solis
1054 3288 1083 3342 et
1104 3279 1222 3352 Lunae,
1248 3281 1405 3344 trabeatis
1422 3294 1500 3357 sq·

151 3373 239 3430 maris
262 3373 291 3428 vi
314 3369 442 3447 quadam
472 3372 653 3445 magneticae
684 3364 820 3453 simili.*)
864 3369 968 3431 'l'rebit
995 3385 1064 3429 sero
1092 3375 1122 3428 et
1143 3384 1258 3447 corpus
1282 3369 1396 3433 Terrae
1422 3384 1500 3445 aq·

151 3476 230 3530 suas,
254 3474 342 3532 quam
365 3475 419 3515 nos
441 3461 616 3533 gravitatem
640 3456 772 3516 dicimus.
811 3455 889 3532 Quid
911 3454 1033 3534 impedit
1055 3458 1153 3531 igitur,
1177 3458 1254 3532 quin
1269 3456 1422 3529 mmmm,
1440 3455 1501 3517 'l'o-

151 3564 212 3606 ram
235 3547 323 3606 ctiam
346 3544 463 3604 lunares
486 3563 578 3620 aquas
601 3544 731 3619 trabere,
760 3547 836 3604 sicut
858 3544 944 3605 Luna
965 3543 1054 3604 trabit
1075 3541 1255 3604 terrestres?
1279 3578 1326 3591 -
1347 3545 1446 3607 llsbu
1461 3543 1500 3603 b

151 3633 344 3710 paragraphis
367 3649 509 3692 summam
533 3633 664 3692 theoriae
686 3633 909 3707 gravitaiiouis,
934 3630 1049 3708 qualem
1072 3629 1162 3690 bodie
1179 3637 1340 3707 tenemus3
1362 3636 1436 3695 ratio
1453 3646 1500 3707 e·

56 3789 58 3793 .
151 3720 296 3796 Koplarua
319 3729 430 3780 motum
454 3718 636 3796 planetarum
659 3736 710 3795 per
725 3718 802 3779 Solis
816 3726 929 3780 motum
951 3721 1027 3779 circs
1048 3735 1134 3778 suam
1148 3735 1239 3778 mum
1256 3722 1389 3796 probare
1408 3718 1498 3787 neth,

153 3808 260 3883 iegitur
284 3811 312 3866 in
336 3808 447 3869 Corum.
473 3808 578 3869 Martia
601 3808 747 3883 capitibus
770 3813 810 3868 33
835 3824 875 3868 ss.
900 3813 931 3867 et
953 3812 1011 3881 bt,
1042 3820 1180 3867 necnon
1205 3808 1237 3865 iu
1262 3809 1420 3885 Epitoms
1437 3807 1498 3869 h

152 3904 353 4058 quartoliaput
374 3982 449 4042 XX.
473 3982 625 4043 Prodromi
653 3983 822 4058 inscriptum
851 3988 912 4043 est:
947 3978 1049 4061 „Quae
1071 3981 1110 4039 sit
1137 3984 1301 4058 proportio
1323 3976 1499 4044 nomast

153 4066 269 4143 orbes“,
293 4069 331 4129 ad
355 4087 443 4146 quam
467 4072 684 4147 inscriptionem
707 4076 866 4130 eunomius
887 4071 918 4128 ln
941 4069 987 4131 ed.
1010 4065 1153 4128 secundas
1180 4069 1270 4147 „Etsi
1295 4074 1328 4131 iu
1351 4072 1499 4147 been*

255 4238 280 4304 *i
300 4243 405 4306 Saepius
424 4243 542 4309 diximus,
562 4242 700 4305 Kapiorum
719 4256 748 4293 eo
767 4248 893 4308 tempore,
920 4257 972 4308 quo
998 4243 1084 4305 priore
1108 4254 1154 4289 sus
1179 4256 1263 4307 opera
1281 4242 1423 4311 (Optem,
1437 4242 1497 4295 c*

154 4315 231 4361 ment,
251 4312 282 4360 de
301 4312 389 4375 Marte)
409 4315 523 4376 scripsit,
549 4327 637 4375 magno
662 4313 746 4363 studio
766 4311 873 4365 Gilbetil
891 4312 985 4365 librum
1004 4312 1034 4363 de
1052 4317 1169 4373 magnete
1188 4311 1296 4375 legisse.
1322 4316 1390 4368 itus
1407 4320 1496 4367 oru-

153 4395 202 4428 vox
224 4382 278 4440 ,vis
298 4385 463 4444 magneticai,
482 4398 533 4447 qua
551 4386 632 4430 utitur
650 4385 744 4447 passim
762 4398 808 4449 pro
827 4397 887 4432 voce
902 4385 956 4447 ,ris
969 4382 1114 4447 tractorie“,
1134 4396 1297 4450 quamquem
1317 4388 1419 4451 saepiu
1427 4382 1494 4433 elil*

154 4449 360 4508 ,similitudinem
381 4453 451 4511 diro,
477 4467 527 4500 non
546 4467 597 4501 rem
616 4454 724 4517 ipssm“.
760 4452 827 4515 Quis
845 4468 904 4503 rero
928 4455 1029 4502 axioma
1052 4449 1118 4500 illud
1141 4453 1315 4516 physicorum
1342 4457 1375 4506 ds
1392 4452 1494 4517 ,ffl

153 4536 283 4584 corporum
303 4521 335 4568 ad
355 4525 458 4570 verbum
479 4526 609 4587 assumsit,
638 4525 740 4572 minima
758 4525 896 4588 respiciens
915 4525 946 4572 ed
964 4523 1068 4571 aiteram
1086 4521 1322 4592 significationen,
1342 4540 1393 4591 qu
1408 4530 1495 4587 μμ

153 4604 226 4639 orune
245 4599 386 4651 perseverat
403 4594 429 4641 iu
449 4600 514 4641 statu
534 4608 579 4642 sao
597 4594 745 4658 quiescendi
758 4593 799 4643 rel
812 4595 929 4644 moveudl
948 4594 1106 4643 uniformiter
1124 4595 1151 4641 in
1172 4593 1313 4658 cineum,
1331 4601 1383 4649 uisi
1394 4604 1493 4663 qes-

152 4674 167 4705 a
180 4661 277 4709 viribus
296 4664 425 4726 impressis
444 4665 540 4723 cogitur
559 4670 651 4713 statum
670 4663 743 4714 iilum
763 4666 875 4713 mutars“
897 4661 1164 4727 (Nestou,1‘bii.ust.
1179 4662 1269 4716 Prius.
1285 4670 1399 4721 metm.
1414 4662 1494 4723 suli.

152 4729 215 4775 nihii
240 4731 329 4779 babuit
354 4746 404 4796 quo
429 4734 564 4796 explicaret
589 4740 683 4784 motum
709 4736 869 4798 planetarum
894 4737 959 4783 circa
981 4730 1064 4783 Solem
1090 4734 1140 4781 nisi
1165 4734 1219 4783 rim
1244 4734 1320 4786 iliam
1346 4736 1493 4801 ,munbi

152 4798 277 4847 similem*
297 4815 327 4848 ax
346 4802 404 4849 Sole
424 4808 581 4851 emanantem
600 4809 625 4853 et
643 4807 669 4853 in
689 4804 805 4870 plsuetss
826 4805 981 4854 influentem.
1016 4800 1086 4852 nina
1111 4802 1228 4855 delectus
1251 4803 1302 4858 tiis
1319 4810 1350 4860 ia
1367 4802 1493 4858 Μ

152 4866 312 4937 impletione,
330 4883 405 4938 quem
423 4872 569 4925 Nestouivs
586 4875 699 4945 explerit
716 4876 927 4940 inquietissimo.
