3308 5534
701 400 704 405 <
786 370 867 435 rata
1432 376 1496 452 aar

139 565 208 621 stae
228 565 346 634 mmet,
373 564 442 636 post
474 559 721 636 conspirationem
742 552 1019 634 ierosolymitarum
1049 555 1185 620 Caesena
1215 558 1398 622 subditorum
1430 577 1496 622 cum

140 646 263 708 Herode
290 646 451 709 Tetrarcha
474 645 628 706 Galilaeae
651 652 682 705 et
703 644 834 704 Peraeae
865 643 945 723 (ante
972 647 1212 723 carcerationem)
1244 651 1325 708 venit
1353 648 1444 710 Jesus
1466 652 1496 709 in

140 733 311 797 Galilaeam
333 743 363 795 et
386 734 513 796 adscivit
535 732 705 810 discipulos.
752 732 799 791 Ita
821 728 1014 808 pulcherrime
1038 735 1097 792 coit
1119 733 1259 808 historia,
1281 754 1349 795 cum
1373 739 1401 796 in
1424 737 1497 815 Epi·

139 822 253 902 phanie
280 825 429 898 supersint
456 821 651 881 difficultates.
697 820 756 881 Sed
779 819 851 895 quid
878 818 952 879 haec
981 819 1102 879 multis?
1140 822 1265 881 Exstant
1292 823 1358 883 libri
1386 827 1443 884 mei
1466 827 1497 884 in

138 919 264 988 quite,
287 909 336 969 De
358 928 443 971 anno
469 909 580 971 Christi
604 908 713 968 Natali
739 907 829 969 latine
859 914 888 967 et
910 909 1027 985 calopus
1055 908 1214 968 chronicae
1240 910 1428 986 epistulares,
1461 930 1498 972 ex

139 998 253 1075 quibus
275 996 375 1058 videre
398 1006 452 1069 cst,
475 997 545 1074 quid
569 1003 725 1073 praestem.
770 993 902 1055 Plurima
924 993 1080 1071 Evangelii
1102 994 1170 1055 loca
1190 996 1264 1057 fiunt
1287 998 1420 1072 clariora,
1444 1019 1498 1061 ex·

138 1084 228 1146 traha
250 1102 286 1144 ex
302 1084 399 1144 Isacio
416 1084 592 1145 Casaubono
615 1086 783 1160 praecipua,
808 1081 932 1158 dispone
955 1081 1110 1159 pleraeque
1131 1083 1270 1144 historiae
1292 1103 1344 1161 per
1365 1095 1499 1164 tempora

137 1174 214 1235 anui
235 1174 265 1231 io
281 1172 457 1233 calendario
472 1171 600 1232 trasico
623 1178 653 1230 et
667 1171 821 1244 Romano,
844 1168 916 1229 nibil
940 1177 1109 1246 transpono,
1132 1173 1201 1247 quin
1217 1181 1269 1232 aut
1283 1172 1381 1249 plures
1399 1175 1498 1235 Evan—
1533 1180 1537 1185 '

136 1258 267 1336 galiatae
289 1268 390 1321 cantra
413 1263 567 1336 pauciores
590 1260 791 1331 consentiant,
822 1263 876 1318 aut
896 1259 1062 1318 tacentibus
1084 1257 1219 1335 reliquis,
1250 1263 1337 1320 anius
1360 1261 1498 1337 Evange-

135 1346 230 1409 llstae
250 1350 342 1408 series
363 1356 461 1408 textus
483 1347 513 1408 id
537 1345 663 1407 suadeat
692 1354 745 1407 aut
772 1346 901 1404 rationes
935 1344 1096 1406 evidentes.
1142 1346 1176 1405 Iu
1199 1365 1314 1408 summa
1335 1347 1410 1409 haec
1431 1367 1498 1409 mea

135 1434 199 1495 tuit
219 1435 352 1508 intentio,
374 1437 528 1496 seientiam
550 1433 789 1494 mathematicam
805 1431 1001 1493 Christianam
1024 1433 1120 1494 iecere
1143 1436 1231 1511 inque
1255 1424 1378 1496 ec'alasia
1397 1444 1498 1498 osteu-

137 1530 216 1584 tare.
251 1521 311 1583 Sed
327 1522 440 1595 desino,
463 1523 499 1582 lt
515 1523 553 1582 D.
572 1522 668 1582 Tuam
685 1521 872 1582 vehementer
895 1522 984 1579 etiarn
1001 1530 1090 1597 atque
1105 1523 1193 1580 etiam
1210 1525 1350 1598 rogitans,
1375 1533 1407 1583 at
1425 1542 1497 1585 con·

133 1617 256 1671 arreum
277 1627 374 1671 meam
396 1611 563 1671 libertatem
591 1609 679 1687 aequi
709 1609 840 1683 bonique
862 1607 1007 1669 consulat.
1053 1607 1130 1669 Vale
1152 1611 1182 1668 in
1205 1610 1364 1672 Nestoreae
1393 1629 1497 1676 snum.

135 1695 238 1759 ltocu
258 1697 396 1759 Austdse
418 1715 496 1760 auno
522 1703 614 1760 1618.
639 1701 691 1759 28.
713 1695 900 1844 liolioaga'r

1107 1868 1394 1943 observantissimus

210 1959 360 2021 hscnptto:
385 1954 545 2011 maerendo
568 1960 597 2010 et
621 1951 778 2009 Clarissimo
795 1950 871 2036 ilico,
1169 1958 1203 2018 ,1,
1227 1957 1342 2035 chtsr

133 2026 175 2083 1).
199 2024 336 2083 Matthiae
361 2023 534 2108 Helearcffer
559 2023 607 2108 SS.
632 2023 683 2108 Tb.
707 2024 820 2107 pacton
844 2028 873 2079 et
1133 2043 1362 2109 mmmmm

132 2094 293 2153 Professori
305 2095 333 2149 in
347 2095 680 2161 AcademreTubrngensr,
694 2092 871 2162 ejusdemque
1363 2095 1371 2112 ·

132 2164 311 2251 Oneellario
329 2166 503 2235 Dignissimo,
523 2166 555 2221 Ι).
568 2163 682 2220 Fautori
699 2180 761 2219 mea
780 2161 872 2218 colen·

131 2236 349 2364 ”ufficone
368 2305 392 2362 e.
410 2304 474 2362 usn.
492 2305 571 2362 roro.
717 2285 871 2376 corrugas

244 2480 451 2539 Haisnrefferas
469 2481 505 2537 ad
523 2479 592 2537 haec
610 2479 767 2549 respondit:

244 2569 367 2627 Salutem
385 2569 414 2625 in
433 2568 542 2624 Christo
560 2567 637 2638 Jesu,
655 2566 772 2623 Domina
791 2570 820 2620 et
839 2562 980 2621 salvatore
998 2574 1108 2635 nostre,

244 2655 400 2713 Clarissima
423 2662 451 2712 et
468 2653 704 2724 praestantissime
723 2653 786 2721 Vir,
804 2651 921 2708 Domine
939 2658 967 2707 et
986 2653 1094 2723 Amica,
1113 2651 1288 2724 singulariter
1305 2655 1371 2711 mihi
1389 2673 1498 2729 semper

132 2742 300 2803 honorande
320 2750 348 2799 at
366 2743 537 2799 charissime.
574 2742 608 2796 Iu
626 2740 713 2796 literis
730 2741 798 2809 tuis,
824 2756 875 2810 per
891 2740 931 2796 M.
950 2739 1126 2810 Wagnsrum,
1146 2750 1284 2811 pastorem
1301 2745 1497 2803 Nsosoleneeur

132 2833 205 2891 mihi
225 2832 356 2896 redditis,
375 2832 509 2902 principio
527 2838 629 2885 metum
648 2829 715 2884 mihi
733 2828 877 2896 attribuis,
901 2844 956 2896 quo
973 2828 1150 2898 praepeditas
1172 2828 1239 2883 nihii
1256 2830 1391 2888 hactenus
1408 2832 1498 2887 litera·

132 2937 198 2977 ram
217 2919 253 2977 ad
274 2928 301 2975 te
320 2919 449 2988 dederim,
468 2934 502 2974 ne
521 2927 557 2986 te,
577 2918 694 2974 amicum
712 2931 811 2985 meum,
830 2914 995 2971 offenderem
1005 2935 1012 2986 ;
1037 2929 1118 2985 quem
1136 2915 1160 2971 si
1178 2931 1240 2971 eum
1258 2917 1400 2988 intelligis,
1419 2920 1497 2989 quasi

132 3008 281 3067 veritatem
309 3009 394 3063 amico
414 3015 591 3077 postponam,
618 3021 671 3061 nae
694 3003 842 3074 plurimum
865 3001 979 3058 falleris.
1016 3003 1085 3057 Nam
1107 3003 1161 3058 istc
1180 3004 1246 3059 mihi
1264 3021 1373 3076 semper
1389 3007 1497 3064 animus

133 3110 230 3165 eaque
252 3094 473 3150 consertissima
496 3110 573 3148 urens
598 3092 664 3161 fuit,
688 3109 744 3148 non
768 3089 960 3156 offensionem,
987 3089 1034 3144 sed
1059 3088 1141 3159 longe
1165 3093 1311 3147 maximum
1337 3093 1496 3150 beneficiam
1578 3088 1582 3093 ’

132 3180 296 3239 habendum
316 3196 386 3249 esse,
405 3180 486 3234 etiam
506 3180 642 3236 dolentem
661 3189 689 3235 et
706 3180 877 3234 restitantem
896 3177 1012 3233 amicum
1031 3178 1059 3232 iu
1078 3179 1148 3233 riam
1168 3178 1266 3236 ducere
1279 3181 1410 3237 veritatis.
1443 3183 1495 3239 Sed

131 3269 307 3345 prohdolor
325 3270 452 3340 experior
470 3269 557 3340 (quod
576 3282 674 3338 magna
693 3275 720 3321 et
739 3267 812 3321 tristi
830 3272 981 3336 συμπαθειᾳ
1000 3265 1152 3337 experior),
1172 3277 1199 3322 tc
1219 3285 1274 3324 uon
1292 3277 1396 3327 mutum
1415 3271 1498 3326 medi·

131 3374 197 3419 eam
215 3373 349 3428 respuere
367 3375 484 3427 manum,
505 3358 554 3413 sed
573 3355 755 3412 acerbissimis
775 3369 883 3424 quoque
901 3352 991 3408 serbis
1004 3355 1130 3425 excipere
1143 3357 1347 3414 auxiliatoremi
1367 3359 1420 3414 Sed
1433 3359 1497 3430 quid

131 3460 227 3517 mm,
245 3445 360 3503 alterius
379 3446 462 3501 animi
479 3461 619 3515 nunquam
644 3444 754 3499 iuturus
772 3442 882 3498 rector?
919 3440 999 3510 Quod
1016 3448 1108 3497 umen
1131 3444 1252 3511 regimen
1275 3460 1414 3512 nunquam
1432 3446 1499 3500 mihi

130 3532 254 3591 attusia
272 3530 367 3601 uelim,
392 3549 442 3588 nec
461 3534 484 3587 si
503 3533 597 3602 velim,
621 3529 723 3601 possim
749 3544 870 3599 sperare.
907 3529 1114 3598 Meditationes,
1136 3533 1318 3599 cognitionem
1343 3540 1371 3588 et
1388 3532 1498 3589 iabores

131 3625 202 3681 inca
220 3620 343 3689 insignes
362 3627 390 3674 et
407 3621 514 3676 nobiles
533 3637 588 3675 nou
606 3627 712 3676 tuntum
731 3618 759 3672 in
777 3615 979 3686 sublunarihus,
999 3615 1048 3672 sed
1065 3618 1093 3671 in
1106 3619 1291 3688 superioribus
1310 3621 1435 3676 omuibus
1454 3637 1497 3677 ue·

129 3724 189 3785 qtae
206 3710 244 3767 ad
262 3726 417 3781 supremam
431 3709 541 3766 Saturni
560 3707 747 3777 superficiem,
766 3719 874 3774 semper
892 3720 1006 3759 ueneror
1023 3706 1268 3777 magnifaciamqne
1289 3724 1404 3778 semper.
1427 3706 1497 3764 'Sed

129 3813 207 3871 quae
231 3796 386 3866 superiora,
412 3813 482 3865 quac
506 3796 684 3867 spiritualiter
709 3793 839 3849 coelestia
864 3798 942 3860 suut,
966 3809 1020 3848 uno
1047 3792 1129 3847 verbo
1154 3809 1223 3864 quas
1247 3794 1401 3864 theologica
1425 3803 1497 3866 saut,

128 3884 180 3943 ais
197 3899 309 3940 nimum
332 3884 366 3941 de
383 3885 491 3940 tubulat
519 3884 572 3938 Hic
590 3878 753 3938 stultescere
776 3878 886 3950 aportat
909 3894 989 3937 omne
1012 3878 1122 3936 humani
1140 3882 1242 3950 ingenii
1267 3899 1391 3939 acumen.
1428 3885 1496 3941 Con·

128 3970 248 4031 acediae
263 3968 407 4027 formulam
434 3970 581 4026 sarcastice
608 3985 695 4024 meam
714 3966 854 4037 appellas,
879 3965 958 4035 cujus
976 3983 1034 4035 me,
1058 3968 1122 4038 quia
1143 3969 1349 4025 fundamentum
1368 3971 1497 4029 eoelestis

128 4056 260 4117 senum
279 4058 474 4127 exscriptoris
494 4059 596 4113 sanctis
621 4053 863 4112 fundamentaliter
880 4061 995 4120 tractat,
1021 4072 1160 4125 uunquam
1184 4057 1283 4127 puduit
1307 4073 1358 4113 nec
1381 4059 1498 4130 pudebit

128 4161 267 4221 nmquam
303 4145 373 4202 Mihi
387 4147 563 4217 juventutem
585 4161 675 4203 meam
693 4144 844 4214 exprobras
867 4143 895 4197 in
913 4140 1062 4197 ministerio
1086 4153 1313 4203 succrescentem.
1345 4147 1418 4217 (Noli
1436 4164 1497 4204 sue·

128 4249 250 4293 sensere
267 4233 499 4303 accommodanti,
525 4242 599 4289 recte
626 4231 697 4289 enim
715 4230 782 4285 mihi
801 4229 852 4300 ipsi
872 4229 1005 4297 attribuo,
1031 4247 1101 4300 qaae
1126 4249 1188 4288 cum
1206 4234 1347 4290 stomacho
1366 4235 1432 4292 mihi
1450 4236 1496 4290 ab·

128 4322 248 4395 jaetsa)
279 4316 358 4375 'ilina
384 4337 447 4376 vero
475 4322 542 4377 mihi
565 4320 653 4387 dolet,
681 4319 754 4389 quod
778 4319 812 4375 de
838 4318 987 4376 communis
1014 4326 1125 4375 nostrae
1147 4322 1253 4390 patriae
1272 4329 1300 4378 et
1318 4323 1496 4381 ecclesiarum

128 4409 239 4468 Christi
251 4408 405 4464 Servatoris
423 4408 502 4464 ruina
516 4408 680 4475 vadciuaris,
699 4407 773 4476 quod
787 4414 877 4463 amen
892 4422 944 4477 epo
962 4409 1037 4479 pium
1049 4409 1167 4464 libenter
1182 4416 1283 4464 metam
1295 4412 1396 4482 potius,
1415 4430 1495 4484 quarn

128 4496 264 4557 acerbam
282 4493 489 4564 a’rrrzarpsaaarav
514 4497 725 4566 interpretarer,
749 4496 773 4550 ei
794 4495 901 4567 reliqua
924 4496 1081 4553 iracundiae
1104 4495 1188 4552 rerba
1212 4498 1284 4554 hanc
1307 4516 1403 4557 sensus
1426 4501 1496 4557 miti·

128 4583 275 4653 [adonem
299 4589 467 4653 paterentur.
505 4583 559 4638 Sed
581 4583 746 4639 maledicant
769 4583 891 4650 Christo,
917 4585 964 4654 qui
981 4586 1079 4654 velint,
1104 4602 1155 4656 ego
1179 4586 1306 4656 capulare
1331 4587 1496 4644 silicernium

128 4673 216 4745 eitius
236 4686 279 4726 me
297 4670 442 4727 liberatum
465 4672 498 4726 iri
517 4686 610 4742 spero,
637 4688 718 4741 qrram
743 4680 773 4726 ut
798 4672 893 4729 hostes
919 4671 971 4727 hoc
994 4673 1124 4741 gaudium
1146 4674 1189 4730 rel
1212 4673 1330 4747 ecclesia
1353 4676 1497 4747 patriaque

129 4764 206 4823 hanc
225 4758 365 4817 exitialem
390 4761 497 4816 ruinam
521 4759 647 4815 viderint.
684 4761 761 4816 Bone
778 4760 847 4817 Jesu
865 4777 945 4839 serva
962 4777 1025 4830 nos,
1044 4761 1141 4818 cohibe
1159 4776 1254 4817 omnes
1271 4762 1368 4817 hostes
1386 4768 1449 4819 tuos
1469 4767 1498 4818 et

129 4848 259 4914 masta
276 4849 356 4909 toas!
391 4847 532 4919 Permitte,
552 4861 665 4919 quaeso,
682 4852 713 4905 ut
725 4848 804 4923 iusto
821 4848 980 4921 indulgeam
996 4848 1099 4919 dolori,
1118 4848 1258 4909 crudelem
1275 4848 1412 4909 medicum
1428 4848 1497 4911 isat
