3308 5534
256 416 322 499 948
767 413 833 482 tra
850 416 965 482 Joannls
983 417 1102 494 Keplerl.

258 613 436 686 conquestus
463 612 521 679 est,
554 603 632 682 quod
665 622 682 663 s
708 620 740 663 se
767 603 947 679 postularet,
980 610 1014 663 ut
1040 619 1184 661 summam
1210 604 1465 679 superstitionem
1489 610 1612 662 namra

258 701 292 770 (Ι.
309 701 363 756 358
381 700 445 768 ss.);
474 702 504 753 et
528 692 607 751 baud
623 708 708 750 secus
724 689 1035 750 Wallenstenium
1060 690 1168 763 docuit,
1192 706 1315 750 caecam
1340 691 1527 768 astrologiae
1540 689 1612 748 iden

258 768 296 844 ad
312 800 423 843 errores
438 780 544 840 ducere
560 781 703 838 maximos
720 787 749 837 et
772 778 852 837 baud
868 795 971 855 parum
994 777 1063 836 mali
1080 776 1194 837 efficere
1208 795 1302 854 posse
1321 782 1362 845 tv.
1378 798 1403 838 s.
1417 800 1447 851 p.
1460 783 1511 837 348
1523 784 1562 849 ai.
1574 810 1599 819 -

363 870 407 928 Ex
431 867 564 945 epistolis
588 865 708 942 Kepleri
730 865 767 924 ad
783 866 951 925 Fabricium
975 865 1052 925 datis
1074 864 1148 924 haee
1171 864 1337 941 repetenda
1354 867 1538 938 censuimus,
1558 868 1613 939 qui-

257 957 314 1017 bus
336 958 536 1033 probaremus,
560 971 635 1029 quaa
651 951 739 1013 modo
756 953 882 1013 diximus
898 952 934 1012 de
946 953 1025 1029 jocis
1046 960 1076 1013 et
1097 952 1228 1025 facetiis,
1255 953 1372 1030 quibus
1396 951 1545 1029 Keplerns
1563 956 1613 1009 riro

258 1046 462 1121 superstitioso
485 1041 644 1119 respondit.
690 1040 842 1100 Fabricius
864 1039 1252 1116 scripserat,astrologiam
1276 1057 1310 1099 se
1334 1040 1480 1100 excolere
1501 1040 1574 1101 velle
1591 1050 1614 1097 et

262 1130 416 1190 defendere
440 1141 540 1188 contro
563 1129 695 1187 inimicos
719 1145 920 1204 quoscunque.
966 1127 1112 1207 Keplerus
1139 1126 1309 1209 respoudit:
1344 1126 1401 1185 Tu·
1429 1129 1456 1185 si
1484 1127 1552 1204 quid
1576 1126 1613 1185 lrir

263 1220 451 1295 praestiteris,
475 1216 593 1275 landem
618 1224 700 1274 tanto
724 1217 864 1291 majorem
880 1228 971 1291 quam
987 1232 1041 1292 ego
1057 1215 1230 1291 reportabis,
1257 1222 1379 1291 quantu
1395 1216 1521 1291 propius
1534 1224 1614 1273 saro·

260 1307 341 1381 logia
364 1305 401 1363 ad
419 1322 488 1363 ustis
504 1304 649 1362 briurauos
666 1302 788 1374 accedit,
814 1310 924 1378 quanto
940 1302 1015 1363 haec
1029 1301 1164 1362 subtilior
1179 1303 1382 1361 astronomia.
1421 1301 1531 1361 Verum
1545 1303 1612 1371 reite,

258 1395 383 1469 primum
406 1401 497 1467 atque
521 1401 550 1448 tn
568 1399 661 1449 metas
684 1387 830 1467 ἀκριβειιις
853 1397 882 1448 et
897 1392 1003 1448 virium
1018 1389 1139 1449 humani
1161 1391 1274 1466 ingenii
1299 1387 1547 1463 transscenderis,
1565 1404 1613 1465 qus

261 1481 379 1555 longius
403 1482 431 1535 in
457 1488 506 1536 tua
530 1479 721 1554 permensione
744 1487 901 1553 provectus
924 1477 1028 1552 fueris,
1059 1476 1116 1536 hoc
1138 1480 1233 1553 magis
1258 1485 1290 1536 te
1312 1476 1392 1536 milri
1422 1477 1487 1537 fore
1507 1492 1613 1554 ειμι·

259 1575 322 1625 tum
346 1565 526 1624 credulitatis
549 1567 665 1622 nimiae.
712 1563 770 1624 Sed
794 1563 884 1626 beust
909 1563 1046 1639 Peccavi,
1069 1581 1106 1625 ne
1130 1565 1232 1624 feriasl
1257 1564 1390 1623 lnermis
1406 1564 1524 1626 adsum.
1552 1562 1612 1623 On

223 1672 227 1681 ’
259 1656 338 1712 enim
361 1655 470 1711 nemini
496 1662 524 1711 te
549 1654 725 1728 parciturum
750 1653 809 1725 ais,
834 1654 931 1712 cautio
954 1651 1027 1710 mihi
1049 1660 1094 1711 est
1117 1651 1302 1724 adhibenda,
1325 1670 1368 1710 ne
1392 1660 1424 1711 et
1447 1670 1495 1712 me
1515 1651 1611 1711 bouem

253 1737 314 1798 'tibi
339 1738 482 1814 deligas.“
630 1737 728 1812 Suda,
760 1739 835 1798 suda
863 1740 898 1800 de
920 1739 1150 1815 profectionibus
1179 1748 1209 1796 et
1238 1738 1476 1808 directionibus,
1507 1748 1610 1798 namet

261 1843 317 1904 ego
341 1822 479 1885 sudavi.“
526 1824 596 1884 dam
620 1824 747 1902 explicat
769 1843 853 1885 suam
879 1823 1064 1909 „dirigendi“
1087 1828 1240 1897 rationem,
1267 1843 1348 1903 qnae
1375 1844 1471 1902 quum
1494 1827 1611 1885 Fabricio

261 1930 320 1972 non
345 1913 520 1990 displiceret,
546 1913 591 1971 bis
615 1930 681 1971 enm
704 1911 807 1971 laudat
826 1913 990 1990 Ksplcrns:
1016 1914 1153 1993 ,agnum
1177 1912 1225 1970 bic
1249 1915 1327 1988 agis,
1355 1916 1400 1972 ira
1424 1932 1457 1973 es
1480 1916 1609 1973 innocens

261 2000 365 2060 Placet
387 2003 440 2059 tibi
465 2000 674 2059 demonstratio
690 2008 871 2075 aspectuum,
896 2000 1094 2059 reductionem
1110 1999 1147 2058 ad
1162 2000 1334 2076 eclipticam
1360 2002 1528 2077 approbas,
1548 1999 1609 2058 urs

208 2152 211 2157 ,
263 2091 378 2147 sionem
401 2090 626 2147 eccentricitatis
650 2086 726 2147 Solis
749 2086 889 2159 admittis,
913 2088 1069 2147 sanitatem
1092 2104 1248 2163 recuperas
1273 2089 1312 2146 ab
1338 2088 1523 2167 astrologica¹
1543 2088 1608 2147 febri

263 2192 316 2234 nee
340 2175 501 2251 quidquam
525 2175 643 2247 scribis,
675 2173 753 2249 quod
778 2176 805 2230 in
830 2175 887 2234 bac
909 2191 939 2233 re
963 2191 1021 2233 non
1046 2176 1151 2234 eximie
1174 2172 1332 2250 probem.“
1353 2221 1361 2234 .
1493 2175 1608 2249 ,Deir-

263 2261 471 2321 clioationibus
495 2262 652 2321 confudisti
674 2279 718 2320 me
742 2262 817 2319 inter
839 2260 1005 2338 legendnm.
1051 2261 1148 2321 Velim
1170 2263 1336 2338 respiceres
1362 2261 1402 2320 ad
1426 2280 1510 2322 meas
1530 2262 1609 2321 literas

262 2350 383 2426 priores,
408 2349 478 2426 quid
502 2351 620 2408 omniuo
644 2351 816 2424 scripserim.
862 2349 938 2408 Nam
961 2349 1035 2407 baec
1057 2348 1190 2425 quidem,
1214 2349 1297 2426 qnod
1322 2359 1357 2408 tu
1383 2352 1515 2421 refutas,
1540 2348 1608 2426 plur

263 2439 458 2513 conscripsi.
504 2436 634 2508 Probas,
667 2436 805 2510 conjungi
830 2443 1060 2512 temperamenta
1082 2435 1327 2496 inclinationibus
1355 2448 1387 2497 et
1411 2438 1501 2497 simul
1523 2440 1608 2495 immr-

263 2525 327 2583 tarl.
373 2522 466 2598 Quasi
491 2541 546 2598 ego
570 2523 626 2582 lroc
648 2526 827 2599 negaverim.
875 2523 953 2583 Vera
975 2523 1058 2596 dicis,
1083 2531 1256 2583 tantumne
1280 2524 1385 2597 dicas,
1411 2526 1460 2585 ecl
1484 2536 1609 2602 temperi·

265 2619 365 2670 menta
388 2611 435 2670 vel
460 2611 662 2669 inclinationes
686 2609 856 2669 naturaliter
878 2628 964 2687 posse
987 2612 1144 2688 permutari
1177 2610 1266 2687 plane
1298 2617 1472 2673 contrariis.
1518 2613 1549 2671 fu
1567 2610 1608 2667 tr<

265 2699 342 2759 enim
366 2701 508 2775 pervertis
532 2717 626 2756 meam
650 2699 835 2771 sententiam,
859 2698 927 2756 dnrn
950 2700 1063 2774 scripsi,
1088 2707 1120 2759 ut
1136 2698 1239 2757 oculns
1264 2698 1303 2756 ad
1328 2700 1438 2759 album
1462 2703 1608 2776 etnigrum

264 2789 307 2846 sic
330 2788 445 2845 animus
468 2786 505 2844 ad
536 2785 608 2844 lraec
632 2790 715 2860 παθη
738 2784 893 2858 colestia,
922 2786 1062 2862 intelligis
1085 2794 1117 2844 tn
1141 2785 1178 2844 ad
1206 2786 1458 2860 inclinationem,
1489 2787 1526 2846 ad
1550 2788 1609 2844 tna

266 2881 321 2933 etc.
350 2873 416 2932 Non
439 2882 508 2949 peto
532 2891 550 2930 a
573 2882 611 2943 te,
634 2874 673 2928 mi
690 2872 815 2942 Fabrici,
839 2880 871 2930 nt
894 2872 987 2931 multa
1009 2874 1128 2945 scribas,
1153 2873 1203 2931 sed
1226 2883 1260 2931 ut
1276 2892 1310 2933 cr
1330 2874 1533 2934 fundamentis
1552 2872 1609 2931 best

267 2961 454 3020 collectarum
480 2963 700 3034 cogitationum.
725 3010 727 3023 ,
748 2958 794 3017 Tu
818 2977 953 3036 namque,
977 2961 1002 3017 si
1025 2960 1180 3034 relegisses
1203 2978 1270 3018 nica
1294 2972 1324 3020 ct
1351 2972 1416 3036 tna,
1442 2962 1609 3019 vidissrsuer

219 3112 225 3122 ι
266 3049 315 3107 liic
338 3047 414 3106 idem
437 3064 534 3121 agere.
581 3046 708 3103 Nimium
738 3054 769 3104 tu
797 3049 882 3105 astris
906 3049 1019 3106 tribuis.
1065 3047 1132 3105 'fibi
1157 3048 1239 3106 Dens
1264 3047 1303 3106 ad
1329 3062 1417 3110 astra
1440 3052 1565 3126 respicit,
1585 3060 1608 3103 ur

267 3143 498 3211 temperamenta
528 3134 632 3192 forrrrct
654 3142 683 3191 ct
712 3133 930 3207 inclinationes,
963 3134 1033 3191 nrilrl
1063 3136 1178 3193 animae
1207 3134 1392 3195 sublunares
1426 3138 1465 3195 ad
1495 3138 1563 3195 idcur
1581 3134 1609 3189 nt

266 3222 342 3281 idem
367 3224 555 3298 respiciunt.“
576 3264 656 3282 ....
699 3220 852 3300 „Ridicule
875 3221 998 3281 desinis:
1031 3221 1112 3282 fleus
1136 3230 1165 3280 et
1189 3221 1283 3281 Satan
1308 3224 1608 3284 concurrunt-stultus

267 3328 347 3386 crgo,
373 3312 471 3367 omitia
495 3308 531 3367 ad
556 3326 660 3366 causas
685 3308 833 3367 naturales
856 3310 969 3369 referre.
1015 3308 1118 3381 Multa,
1146 3310 1272 3380 Fabrici,
1299 3312 1411 3384 multa,
1438 3316 1497 3370 imo
1519 3312 1608 3389 pleras-

269 3415 327 3474 que
351 3399 489 3455 scientias
513 3395 600 3471 lntjus
624 3397 787 3454 sententiae
811 3397 963 3472 tyrannide
980 3399 1136 3473 opprimes.
1167 3395 1246 3470 Quid
1265 3398 1376 3457 enim?
1401 3400 1434 3458 Si
1452 3401 1608 3458 nossem

265 3502 334 3543 num
360 3484 425 3542 ideo
448 3501 542 3541 meam
566 3484 741 3540 sententiam
766 3498 830 3540 enm
854 3492 905 3541 tua
927 3485 1115 3560 permutabo,
1145 3492 1304 3559 propterca
1339 3486 1426 3562 quod
1450 3498 1501 3546 tna
1523 3486 1608 3544 flriet

264 3572 388 3633 Diaboli
404 3588 477 3647 opus
494 3569 560 3646 plns
576 3569 696 3645 indiget,
721 3588 785 3628 mea
802 3569 867 3628 illas
884 3571 1114 3648 hyperphysicas
1128 3570 1216 3647 plane
1232 3588 1294 3630 non
1311 3573 1476 3633 excludit?
1511 3572 1607 3632 lfrniut

263 3659 335 3719 hocl
374 3658 477 3716 Potius
507 3675 621 3716 omnem
651 3656 839 3731 astrologiam
868 3659 1017 3717 mittamus
1047 3666 1075 3718 et
1102 3657 1244 3717 mundum
1278 3659 1480 3722 sublunarem
1508 3661 1606 3720 neos

264 3746 394 3806 Diabelo
418 3746 576 3822 regendum
600 3743 779 3803 tradamus.“
959 3818 963 3828 Ι

375 3831 689 3909 „Dissertatiuntnlam
712 3848 807 3890 meam
827 3836 882 3905 (ne
900 3834 1082 3891 fundamentis
1100 3835 1289 3904 astrologiae)
1313 3834 1455 3905 adoriris,
1479 3833 1528 3893 sed
1546 3831 1605 3891 esd·

263 3927 360 3979 tenter
383 3930 412 3979 et
435 3918 541 3978 infelici
571 3920 702 3993 auspicio
706 3961 810 3979 .....
858 3917 953 3977 Pudet
980 3936 1027 3979 mc
1053 3929 1183 3996 repetere
1211 3937 1248 3977 cx
1274 3922 1546 3983 dissertatiuncula.
1580 3916 1604 3973 ᾖ

265 4015 297 4065 ιιι
320 4009 487 4078 existimas,
512 4014 540 4064 tc
563 4016 678 4080 gratnm
703 4005 773 4063 milri
797 4005 891 4065 facere
914 4023 961 4064 me
977 4006 1138 4065 exercendo
1162 4006 1391 4080 objectionibus
1414 4027 1474 4069 non
1496 4008 1603 4067 seriiset

263 4094 292 4151 in
316 4094 424 4171 quibns
446 4096 508 4170 ipse
532 4095 607 4150 seins
630 4091 815 4164 solutionem,
840 4092 957 4153 falleris.
995 4093 1060 4151 Non
1084 4103 1152 4170 peto
1175 4094 1228 4151 tibi
1255 4112 1289 4152 os
1314 4099 1448 4165 sincere,
1472 4096 1521 4155 sed
1539 4108 1602 4151 mo·

263 4188 330 4253 tem,
355 4183 493 4251 animum,
516 4181 691 4238 sententiam
708 4182 759 4238 tibi
777 4183 888 4257 eripere
903 4181 1029 4256 penitus,
1054 4190 1103 4238 ant
1120 4196 1214 4238 meam
1231 4183 1287 4240 tibi
1304 4182 1426 4253 cedere,
1449 4187 1475 4242 si
1491 4182 1600 4241 viceris-⁸

368 4266 414 4324 ari
439 4267 565 4323 Fabricii
590 4268 721 4325 timorem
745 4268 782 4326 ob
804 4267 963 4326 instantem
990 4267 1217 4341 ,directionem“
1244 4269 1414 4343 quandam,
1437 4267 1601 4330 sibimals«

262 4351 393 4428 pericula
425 4354 647 4427 portendentem
675 4357 717 4412 sie
746 4354 896 4430 respondit
924 4354 1082 4431 Keplerns:
1117 4352 1162 4427 ,0
1188 4361 1216 4411 tc
1240 4359 1386 4416 miserum
1419 4370 1449 4420 et
1472 4354 1599 4415 infelicet

261 4442 315 4514 qui
338 4447 381 4497 tot
401 4439 463 4513 jam
492 4443 563 4497 meis
595 4443 835 4499 instructionibus
867 4441 997 4501 nondum
1031 4441 1146 4499 libcrari
1175 4451 1263 4517 potes
1287 4462 1304 4500 a
1330 4456 1416 4504 nictu
1449 4442 1598 4504 circumit

263 4526 333 4598 quin
358 4533 387 4584 et
411 4525 550 4584 oraridnm
576 4529 626 4585 tibi
653 4538 747 4604 putas,
774 4546 809 4587 nc
833 4530 948 4587 animae
964 4535 1078 4587 noceat.
1117 4528 1293 4590 Benefaciat
1311 4531 1400 4591 flens
1416 4532 1598 4593 incessim-

262 4618 389 4669 cetcrum
414 4621 445 4670 nt
469 4614 609 4690 impediat
632 4616 834 4685 directionem,
864 4634 901 4676 nc
925 4614 967 4673 illi
990 4623 1109 4687 noceat,
1134 4615 1207 4673 nihil
1232 4627 1278 4676 est
1303 4626 1461 4679 necessest·
1505 4618 1534 4676 fn
1551 4616 1598 4689 φῖ·

260 4697 343 4754 stolis
371 4700 496 4757 Fabricii
530 4702 565 4758 dc
595 4704 723 4760 irretitum
747 4702 852 4761 Mentis
881 4711 1067 4762 astronomus
1095 4705 1194 4761 sariior
1222 4706 1449 4783 praeponderat
1477 4702 1596 4773 munitet

260 4784 319 4840 fere
342 4785 455 4856 irisano,
480 4793 576 4845 tannen
602 4790 709 4847 excidit
732 4789 846 4848 calrimo
862 4792 891 4848 in
909 4790 1100 4866 astrologiam
1124 4793 1209 4866 qnasi
1234 4795 1264 4850 in
1288 4805 1431 4854 naturam
1455 4808 1531 4852 rarae
1547 4800 1596 4845 w·

260 4868 343 4928 burn:
370 4875 477 4951 „cupio
500 4875 554 4933 abs
577 4884 606 4935 te
629 4893 817 4955 cognoscere,
841 4894 893 4937 cur
915 4880 944 4937 in
967 4884 1020 4938 tua
1040 4880 1143 4958 panai
1164 4894 1273 4941 secans
1289 4874 1594 4945 eoeentricihtbfl·
