3308 5534
156 336 221 405 174
512 334 686 395 &doenum
702 352 738 395 ex
755 336 896 397 codicibus
913 336 1149 399 Pulkoriearibas.

154 522 183 575 et
206 516 286 575 203:
317 523 348 574 at
370 516 481 576 iaciunt
506 523 620 577 trost.
667 516 737 579 Jam
762 523 819 579 57:
850 526 895 578 est
924 517 1037 595 triplex.
1082 517 1153 579 Jam
1177 524 1216 579 53
1241 526 1272 579 et
1295 525 1377 579 uls:
1410 526 1443 580 at
1464 518 1515 581 bie

153 600 266 677 triplex.
315 608 353 662 53
380 611 409 663 et
432 610 493 664 229
517 605 629 665 iaciunt
655 610 768 666 tutat.
814 603 884 665 Jam
909 612 947 665 47
972 604 1514 685 dividat120372ventuntabsi.

151 687 221 748 Jam
246 696 285 749 tu
310 708 375 749 cunr
400 697 479 753 259:
502 692 613 752 iaciunt
638 699 761 766 111373
792 710 858 752 curn
883 699 961 753 269:
986 694 1240 770 iaciunt115673
1264 710 1330 755 eum
1358 700 1442 755 urs:
1466 693 1516 755 irie

152 776 267 854 triplex.
305 775 374 837 Jam
392 785 428 839 41
455 797 520 840 eum
545 784 605 840 287
630 781 701 839 iacit
726 786 848 853 117673
872 798 939 840 eum
963 784 1043 839 tet:
1066 780 1100 839 tt
1117 788 1233 842 tutis.
1269 780 1341 843 Jsm
1367 788 1408 841 ut
1432 780 1516 841 diri·

153 862 203 923 dat
235 867 355 925 tuost:
389 867 485 944 prodit
515 871 642 942 325†;
676 866 791 926 dividat
815 873 871 927 st:
902 867 1000 945 prodit
1023 868 1156 949 388†;
1186 868 1301 930 dividat
1324 874 1385 929 29:
1416 866 1516 948 prodit

153 954 276 1023 ‹ilbi-z
301 962 344 1013 eet
365 973 436 1032 erpo
457 958 587 1032 primus.

412 1271 664 1342 Dispositiones
688 1272 938 1331 Geometrioao.
967 1276 1096 1343 (Disiecta
1113 1277 1249 1343 membra.)

255 1384 371 1463 Duplex
395 1396 440 1447 est
462 1390 598 1462 scientia,
622 1390 716 1451 altera
738 1391 984 1467 magnitudinum,
1008 1390 1136 1467 petenda
1158 1410 1194 1453 ex
1219 1390 1399 1465 Aristotele3
1422 1408 1516 1469 quor·

149 1490 214 1533 auru
236 1476 363 1551 pertinet
386 1475 495 1534 infinite
519 1480 621 1551 secari,
646 1486 740 1537 totum
763 1487 845 1554 parta
868 1479 967 1559 majus·
987 1488 1017 1537 et
1038 1479 1156 1539 similia.
1195 1479 1279 1540 Haec
1302 1478 1424 1556 quidem
1448 1497 1517 1539 ms·

150 1564 231 1621 teria,
278 1560 313 1619 In
336 1562 440 1623 eadem
464 1578 532 1622 sero
556 1567 679 1624 scientie
702 1565 924 1642 investigandae
940 1568 1062 1643 species,
1086 1568 1176 1640 linea,
1200 1566 1382 1645 superficies,
1405 1584 1516 1645 eorpus

150 1666 217 1709 cum
239 1650 369 1709 terminis
392 1660 421 1709 et
444 1666 533 1709 causa
555 1651 652 1711 danda
675 1654 862 1729 perfectionis
885 1657 1024 1730 eorporis.
1062 1651 1131 1711 Jam
1154 1654 1409 1731 magnitudinibus
1432 1656 1516 1717 seel-

149 1737 191 1795 dit
214 1754 361 1809 numerus,
385 1746 529 1812 quatenus
553 1756 588 1798 err
611 1758 671 1797 una
693 1740 803 1799 multae
826 1739 908 1801 liunt.
948 1739 1119 1800 Cavendum
1148 1739 1184 1801 de
1208 1743 1347 1813 trinitate,
1372 1758 1514 1803 numerus

152 1842 307 1883 commune
329 1826 475 1885 accidens.
506 1824 590 1885 Mens
606 1836 706 1885 nestra
722 1826 825 1885 artifex
842 1827 925 1886 affert
948 1844 1111 1901 numerum,
1134 1846 1216 1888 mens
1240 1827 1351 1900 divina,
1377 1845 1519 1891 numerus

156 1912 245 1989 igitur
267 1911 386 1971 divinus
409 1923 438 1972 et
461 1932 550 1990 snpra
571 1914 788 1991 magnitudines
812 1923 841 1973 et
863 1915 946 1990 inira,
970 1930 1040 1991 erge
1063 1916 1092 1971 in
1116 1915 1181 1974 Deo
1204 1915 1382 1976 essentialis.

256 1997 328 2059 Jam
360 2017 437 2076 quae
468 2001 591 2060 sormam
615 2004 699 2077 quasi
732 2002 965 2077 magnitudinum
989 2001 1206 2079 complectitur,
1238 2012 1282 2063 est
1305 2004 1434 2063 seientia
1456 2018 1515 2063 uou

149 2088 365 2162 quantitatum,
396 2087 448 2147 sed
477 2090 671 2165 proportionis
704 2091 901 2164 quantitatum
932 2088 978 2149 vel
1007 2091 1276 2166 comparationum,
1310 2088 1358 2149 rel
1387 2091 1514 2151 scientia

147 2174 337 2250 comparandi
369 2177 557 2250 quantitates.
603 2176 635 2235 Si
659 2186 802 2252 cognatae
829 2185 898 2234 sunt
920 2179 1113 2253 quantitates,
1145 2180 1269 2237 scientia
1298 2188 1362 2250 est,
1398 2180 1425 2235 si
1456 2194 1514 2237 nou

147 2274 308 2337 cognatae,
340 2272 371 2321 ut
395 2280 460 2321 cum
485 2265 589 2322 obvius
612 2281 751 2323 numerus
772 2266 944 2335 assumitur,
975 2282 1021 2323 ars
1046 2264 1086 2325 itt.
1131 2264 1278 2341 Cognatio
1303 2264 1430 2341 duplex:
1463 2272 1514 2325 aut

147 2364 256 2422 eorum,
281 2367 358 2425 quae
381 2359 450 2408 aunt
465 2353 559 2422 unius,
583 2359 635 2409 ant
650 2350 799 2423 similium,
823 2367 899 2426 quae
915 2349 1054 2426 aliqualis
1070 2359 1116 2410 est
1132 2354 1240 2411 unitas.
1269 2350 1397 2411 Videtur
1413 2360 1512 2412 autem

146 2454 194 2495 ars
217 2446 367 2513 praeterea
390 2441 500 2497 versari
517 2440 594 2497 circa
610 2440 717 2508 omnia,
741 2438 789 2497 vel
813 2448 890 2498 certe
905 2441 982 2498 eirca
998 2438 1091 2515 plura,
1115 2441 1241 2499 scientia
1264 2441 1342 2499 circa
1366 2438 1512 2501 ordinata.

147 2522 385 2601 Magnitudinem
408 2526 536 2585 infinitae
560 2534 642 2600 eunt,
667 2528 754 2601 igitur
778 2524 930 2585 ordinatae
953 2526 1078 2585 subsunt
1100 2528 1251 2587 scientiae.
1299 2524 1511 2587 Ordinataruur

148 2629 262 2671 rursum
286 2613 427 2672 infinitae.
472 2612 628 2686 Quomodo
651 2613 699 2673 iric
721 2613 759 2671 erl
782 2613 868 2672 linem
897 2612 1126 2688 perveniemus?
1163 2613 1221 2671 Vir
1245 2612 1347 2691 aliter,
1379 2631 1511 2690 quams

146 2702 248 2775 primis
263 2699 430 2775 incipiendo
445 2710 474 2759 et
488 2718 523 2759 eo
538 2718 631 2776 usque
646 2699 860 2777 progrediendo
876 2700 973 2775 quoad
989 2716 1158 2779 possumus,
1172 2709 1225 2760 aut
1238 2699 1384 2762 sumendo
1399 2700 1512 2777 aphse-

148 2788 209 2845 rica
232 2804 355 2863 corpora
376 2797 405 2845 et
428 2804 504 2862 quae
528 2786 566 2846 ad
589 2787 640 2846 illa
662 2790 817 2863 pertinent,
841 2788 954 2862 reliqua
977 2786 1149 2845 omittendo.
1182 2789 1221 2846 st
1244 2805 1297 2847 nec
1321 2788 1351 2845 in
1376 2790 1510 2866 corpori·

146 2873 202 2932 bus
225 2874 345 2933 linitio?
379 2873 441 2931 lmo
465 2874 572 2947 linitio,
595 2877 721 2950 primum
743 2875 905 2951 regularia,
929 2883 997 2950 post
1013 2874 1216 2934 Archimedes.
1264 2874 1339 2935 Nam
1364 2873 1427 2934 alia
1450 2893 1509 2935 nou

148 2969 217 3019 sunt
240 2978 334 3036 seque
358 2960 470 3020 nobilia
491 2979 526 3020 ac
542 2962 746 3033 Archimeden,
771 2980 847 3038 quae
870 2978 928 3018 non
952 2960 1087 3019 dividunt
1109 2961 1265 3038 sphaeram
1287 2962 1396 3038 planis.
1432 2960 1512 3037 Quid

149 3048 173 3105 si
196 3064 248 3124 per
271 3066 356 3107 omae
378 3065 470 3124 genua
494 3048 671 3108 infinitorum
695 3060 779 3108 eatur
800 3049 983 3126 excerpendo
1006 3048 1197 3122 notabiliora,
1227 3059 1261 3108 ut
1287 3052 1330 3109 sic
1360 3050 1435 3109 nibil
1459 3066 1513 3109 uos

148 3134 293 3211 eiiugiat‘?
331 3138 520 3212 Comparatio
544 3139 638 3195 omnis
661 3138 754 3195 tendit
777 3136 814 3195 ad
838 3136 1048 3212 aequalitatem
1072 3146 1122 3195 aut
1150 3136 1247 3211 lengi,
1277 3145 1330 3197 aut
1359 3136 1432 3207 lati,
1462 3148 1514 3199 aut

149 3222 296 3298 prolundi,
319 3234 370 3282 aut
385 3222 554 3299 simpliciter
569 3232 619 3281 aut
635 3242 687 3300 per
702 3241 863 3295 numerum,
880 3232 932 3281 aut
946 3221 1085 3281 similium
1101 3231 1152 3281 aut
1167 3222 1363 3282 dissimilium.
1388 3223 1512 3301 Simpli-

149 3312 232 3380 citer,
256 3322 287 3367 ut
310 3313 335 3369 si
359 3310 436 3369 linea
458 3312 563 3382 lineae,
588 3311 713 3387 angulus
736 3312 854 3387 angulo,
879 3310 1048 3385 superficies
1063 3310 1237 3386 superficiei,
1263 3328 1369 3387 corpus
1385 3314 1512 3389 corpori,

148 3400 297 3473 proportio
321 3400 501 3474 proportioni
517 3401 554 3456 sit
571 3400 721 3474 aequalis,
744 3416 796 3474 per
811 3416 972 3471 numerum,
996 3407 1029 3456 ut
1051 3399 1075 3455 si
1093 3396 1222 3473 duplum,
1248 3400 1297 3458 ubi
1319 3397 1397 3459 idem
1414 3410 1513 3459 cenae

147 3488 222 3560 parti
245 3485 378 3560 aequale.
416 3486 531 3545 Similia
554 3498 621 3544 eunt
646 3485 693 3545 vel
718 3502 841 3561 corpora
864 3485 910 3543 vel
933 3484 1112 3561 superficies,
1136 3492 1166 3543 et
1188 3503 1290 3545 ornnes
1312 3485 1409 3547 lineae
1434 3488 1514 3545 inri-

150 3590 212 3631 cam
236 3590 396 3648 omnesque
419 3574 520 3649 auguli
545 3575 679 3632 invicem.
719 3569 775 3632 Ubi
799 3572 1015 3649 simplicissima
1037 3580 1083 3630 eat
1104 3574 1197 3630 lenna
1219 3576 1370 3633 scientiae.
1411 3574 1512 3633 Dissi-

148 3659 269 3734 milium,
293 3670 324 3719 ut
346 3663 371 3719 si
395 3661 570 3736 quadratum
595 3660 723 3735 oblongo
747 3670 799 3719 aut
821 3658 967 3731 triangulo
989 3668 1042 3718 aut
1064 3659 1183 3718 lunulae
1206 3660 1332 3735 aequale
1355 3669 1408 3720 aut
1433 3661 1512 3737 dup-

149 3746 219 3821 lum,
243 3751 285 3807 ita
306 3748 399 3807 cubus
421 3758 530 3824 aequet
552 3747 705 3825 pyramide
726 3756 756 3807 et
779 3746 957 3817 octaddmm,
981 3748 1032 3805 ubi
1055 3746 1115 3805 due
1139 3748 1214 3805 inter
1234 3764 1267 3807 aa
1283 3747 1442 3807 dissimilia
1457 3766 1514 3807 ae·

148 3843 240 3911 quant
261 3838 378 3896 tertium
401 3837 439 3894 ab
463 3846 588 3910 utroque
611 3834 768 3906 dissimile,
793 3838 843 3910 qui
866 3836 955 3893 etiarn
978 3832 1135 3909 peculiaris
1157 3832 1263 3893 modus
1286 3844 1340 3895 est.
1358 3868 1397 3879 -
1416 3834 1514 3895 Nota:

149 3922 282 3983 cuculus
305 3932 350 3982 est
372 3922 491 3999 quidem
513 3921 647 3999 aequalis
670 3921 825 3997 triangulo,
848 3920 899 3979 red
923 3920 1001 3979 linea
1025 3937 1115 3979 cursa
1138 3937 1204 3979 cum
1226 3930 1316 3995 recta,
1340 3920 1515 3999 superate·

149 4026 239 4070 curva
268 4028 334 4071 eom
362 4022 442 4069 recta
471 4028 530 4069 uon
561 4018 757 4086 comparatur.
801 4008 901 4084 Majus
924 4007 1041 4083 quidem
1072 4005 1158 4066 datur
1181 4018 1210 4067 et
1232 4010 1345 4081 miuus,
1378 4010 1513 4071 undeet

148 4096 282 4173 aequale,
306 4098 358 4157 sed
381 4096 453 4156 illud
477 4096 602 4173 aequale
625 4098 700 4173 lugit
722 4098 875 4155 scientiam
891 4094 1035 4168 hominis3
1059 4110 1127 4153 narn
1151 4094 1254 4153 introiti
1278 4094 1361 4155 nulla
1375 4099 1512 4159 scientia.

147 4182 267 4243 Habent
297 4196 396 4245 autem
425 4184 539 4243 infinita
564 4184 668 4255 latera,
699 4192 727 4243 et
750 4201 801 4259 per
823 4184 917 4243 latera
939 4182 971 4239 srt
993 4184 1142 4256 aequatio.
1187 4182 1237 4241 Sic
1259 4183 1364 4243 scibile
1389 4184 1513 4261 quideur

147 4283 208 4344 ert,
231 4271 282 4331 scd
305 4290 363 4329 non
386 4289 438 4348 per
460 4272 579 4331 modum
602 4270 723 4340 sciendi,
747 4286 805 4329 non
826 4269 916 4329 habat
932 4287 960 4327 n.
978 4271 1006 4325 in
1021 4271 1219 4328 accersentia
1241 4268 1361 4329 modum
1385 4272 1509 4333 sciendi.

150 4358 184 4417 lu
207 4358 391 4434 procedendo
407 4372 516 4433 autem,
540 4368 572 4419 ut
587 4358 658 4418 nihil
675 4358 864 4433 relinquatur,
888 4358 1016 4415 maxima
1031 4365 1076 4415 est
1091 4354 1258 4417 diiticultaa.
1298 4356 1429 4419 Videtur
1445 4376 1512 4437 para

148 4443 278 4507 delinitio
301 4448 509 4522 subjectorum,
531 4447 675 4522 adquam
697 4446 824 4523 pertinet
846 4446 933 4505 etiam
957 4445 1084 4519 cognitio
1107 4442 1283 4517 angulomm
1299 4446 1328 4501 in
1348 4446 1511 4521 triangulo,

148 4534 248 4609 ibique
271 4532 439 4593 adhibenda
462 4535 576 4595 videtur
598 4534 659 4593 alia
682 4531 853 4603 methodus,
882 4548 971 4609 quam
994 4534 1022 4588 in
1046 4530 1284 4607 proportionibus
1308 4533 1511 4593 instituendis.

147 4620 281 4680 Summa:
306 4619 449 4698 quidquid
471 4639 529 4683 non
553 4620 696 4681 beneficio
718 4619 863 4699 sphaerici
886 4622 915 4677 in
938 4635 1076 4695 corpora,
1101 4615 1201 4676 circuli
1224 4625 1277 4676 aut
1298 4634 1459 4697 corporum
1481 4622 1512 4681 lu

147 4708 324 4786 superficies,
346 4708 564 4787 superficierum
587 4712 617 4767 in
641 4706 736 4767 lineas
757 4706 906 4767 derivatur
928 4704 964 4765 de
987 4706 1215 4782 proprietatibus
1237 4708 1457 4779 quantitatum,
1481 4706 1513 4769 id

147 4794 264 4857 ridetur
284 4798 401 4859 nemin
423 4796 462 4858 ad
483 4796 669 4859 miultioues
691 4794 819 4871 subjecti
840 4794 994 4874 pertinere.
1031 4788 1072 4853 Ut
1092 4792 1119 4851 ri
1140 4808 1159 4853 a
1180 4790 1336 4871 sphaerico
1359 4794 1512 4875 usquead
