3308 5534
566 394 610 451 De
627 394 722 452 amicis
739 401 769 451 et
785 392 942 453 fautoribus
958 391 1083 466 Koplcri.
1253 455 1256 462 ,
1441 391 1505 461 95Ἰ

146 572 301 650 logieelren
325 571 454 633 Stiiclrcn
487 590 519 633 es
549 572 631 633 uicbt
661 574 719 651 bey
747 572 826 634 allen
848 573 954 650 ricbtig
976 571 1103 648 angebo,
1135 571 1261 631 sondern
1289 571 1401 632 nebona
1429 570 1509 633 anob

147 658 313 720 Geiatlicbe
328 660 472 739 Hurercy,
494 660 548 720 dus
570 663 609 720 ist
624 661 808 738 Abgiitterey
830 662 984 737 begangen
1000 659 1110 731 werde,
1134 658 1259 718 dariiber
1274 657 1348 717 Gott
1369 658 1508 734 grewlicb

144 749 238 823 ¹alirne
253 747 313 808 vnd
328 749 408 808 uiobt
423 749 519 808 baben
535 748 630 822 ortille,
653 748 723 809 dass
733 748 867 808 Christeu
883 747 1043 808 Menaclrsn
1059 746 1166 805 dormit
1179 747 1354 821 rmbgebcn.
1377 745 1508 805 Soudet-

143 833 208 894 lieb
223 851 309 893 mann
324 838 367 896 sio
384 836 430 895 die
447 835 623 896 Prakticlrcn
637 853 672 895 so
687 835 754 895 aobr
769 835 1003 906 missbraucbcn,
1029 832 1096 893 dass
1112 837 1154 893 sie
1177 833 1264 892 ibuen
1281 833 1362 892 mcln
1377 833 1507 909 glauben

146 920 195 981 als
218 920 325 982 Gottes
348 923 442 996 Wort,
467 924 522 982 deu
547 923 708 983 Calendarn
734 923 793 981 vud
814 922 990 983 Prakticlen
1013 921 1175 993 aulanlien,
1207 938 1268 980 was
1292 921 1433 996 vrrgelebr
1454 937 1509 996 ge·

144 1008 254 1070 moden
278 1009 371 1083 wirdt,
395 1011 440 1068 liir
462 1013 510 1070 ein
526 1010 658 1070 Stoicum
681 1010 773 1069 latum
789 1009 898 1083 balteo,
922 1009 970 1070 die
993 1008 1097 1084 Liigon
1120 1010 1148 1065 iu
1164 1007 1268 1067 Windt
1283 1008 1423 1083 achiagen
1447 1007 1507 1067 sud

146 1112 318 1172 uergesscn.
365 1097 431 1155 Vnd
462 1116 543 1156 mosa
573 1098 619 1156 ich
647 1115 716 1156 anas
747 1114 873 1173 cygeuer
896 1096 1061 1170 Erlahrung
1090 1095 1258 1169 belrennen,
1291 1095 1359 1154 dass
1387 1112 1455 1156 man
1479 1097 1507 1153 in

146 1186 267 1260 gamain
297 1186 354 1262 bey
373 1185 459 1243 ‘boob
483 1186 541 1243 ond
572 1185 722 1260 niedrigcn
745 1184 867 1243 Standts
889 1183 1039 1242 Personcn
1069 1182 1162 1241 noller
1191 1183 1418 1259 Aberglanben,
1450 1181 1510 1241 und

150 1270 200 1329 iob
223 1273 390 1344 nituisse,
423 1275 461 1330 ob
485 1272 533 1330 die
556 1270 849 1331 Calendersclrrciber
875 1271 1036 1330 niirrischer
1064 1269 1135 1328 oder
1164 1269 1211 1330 dic
1240 1271 1388 1346 begierige
1411 1269 1509 1330 Leser.

149 1357 241 1417 Dann
264 1358 313 1419 bis
336 1359 395 1418 will
420 1361 488 1419 lrein
510 1359 689 1419 Instruction
713 1358 829 1433 lrcltien,
853 1375 938 1417 wann
963 1358 1015 1418 der
1036 1356 1328 1417 calenderscbrciber
1349 1357 1413 1417 oieb
1435 1357 1510 1416 aulis

150 1447 237 1505 beate
261 1446 433 1521 verwabret,
457 1464 490 1506 eo
514 1447 636 1506 macheu
660 1448 704 1506 sie
727 1445 802 1506 doob
825 1449 906 1507 aeine
923 1444 1009 1506 Wort
1024 1463 1060 1504 au
1077 1444 1205 1504 oraculis
1221 1443 1281 1504 rud
1295 1445 1345 1503 ilrn
1361 1463 1398 1504 au
1414 1447 1509 1506 eiucm

147 1533 333 1610 Abgott.-

254 1619 312 1679 illa
333 1623 362 1679 in
387 1639 447 1697 qua
470 1629 538 1680 ιιιιι
561 1620 712 1680 bominum
736 1622 854 1696 ingenia
879 1620 1072 1680 versabantur
1094 1621 1245 1695 quaestio,
1278 1636 1354 1695 qnae
1376 1620 1415 1679 sit
1438 1637 1509 1681 vera

148 1704 187 1767 de
209 1708 320 1767 mundo
343 1712 418 1767 ratio
449 1718 479 1769 et
507 1709 654 1784 doctrina,
683 1707 826 1786 Keplero,
859 1710 1032 1785 quistatim
1055 1708 1139 1766 initio
1161 1724 1216 1766 suo
1234 1706 1349 1783 judicio
1371 1715 1509 1783 uteretur,

147 1797 269 1870 gravior
285 1803 314 1854 et
328 1799 475 1871 antiquior
491 1798 556 1855 visa
571 1805 631 1869 est,
655 1813 743 1872 quarn
760 1803 793 1855 nt
807 1798 836 1853 in
851 1813 888 1855 ca
911 1794 1132 1872 disputassent
1151 1794 1279 1870 jocando
1296 1802 1347 1854 aut
1363 1795 1509 1856 irridendo

146 1880 248 1941 locum
270 1881 408 1943 dedisset.
447 1883 544 1958 Quum
568 1886 644 1942 enim
667 1883 829 1956 Fabricius,
851 1881 1001 1956 Biblines,
1025 1882 1159 1941 chelius
1187 1882 1305 1958 aliique,
1330 1884 1380 1958 qul
1402 1886 1510 1943 veteris

148 1968 303 2029 doctrinae
326 1979 486 2030 sectatores
510 1979 609 2030 essent
636 1981 666 2031 ct
689 1972 802 2030 ratione
825 1970 1027 2047 Copernieana
1049 1971 1168 2028 minime
1192 1968 1419 2044 delectarentur,
1443 1971 1512 2030 huic

148 2072 249 2116 norae
271 2060 436 2117 sententiae
459 2056 877 2135 contradicentiakmleroa
898 2059 1015 2116 uonoiai
1038 2059 1167 2131 graviter
1193 2057 1343 2132 respondit
1369 2066 1399 2117 ct
1420 2074 1511 2134 argu-

147 2146 258 2203 mentis
281 2143 494 2204 demonstrarit
515 2145 588 2204 nibil
612 2144 692 2204 dubii
721 2145 962 2220 relinquentibus.
1008 2143 1083 2202 Nam
1112 2146 1256 2203 rationem
1280 2145 1511 2221 copernicanam

151 2247 223 2307 „eor
248 2240 278 2291 ιι
300 2235 428 2291 ιιιιιιιι
451 2236 566 2291 meam“
591 2234 686 2308 inquit
708 2249 740 2291 se
762 2249 886 2309 semper,
910 2231 1047 2291 omnibus
1071 2230 1144 2290 locis
1167 2240 1196 2290 et
1212 2230 1306 2290 modis
1323 2241 1423 2292 contra
1446 2250 1528 2292 om·-

148 2334 204 2378 nes
228 2317 414 2379 defensurum
438 2338 504 2380 esse
528 2328 558 2379 ct
580 2336 640 2390 eos,
665 2322 716 2395 qui
740 2318 934 2396 Cepernicnm
958 2317 1195 2395 aggrederentur,
1218 2337 1251 2378 aa
1275 2319 1430 2378 habituros
1446 2337 1511 2380 esse

149 2404 354 2466 adversarium
384 2424 533 2482 nunquam
561 2405 791 2483 delatigandum.
843 2406 1009 2467 Modestius
1037 2414 1135 2465 autern
1168 2405 1314 2482 chlerua
1343 2406 1446 2466 scribit
1473 2406 1511 2466 ad

149 2491 417 2568 Haeatlinum,
440 2497 490 2570 qui
514 2496 612 2554 animo
636 2494 755 2570 quidem
778 2493 816 2552 ad
838 2496 981 2553 rationem
1006 2492 1237 2568 Oopcrnieanam
1262 2493 1434 2567 inclinaret,
1458 2494 1511 2554 sed

150 2597 220 2640 cum
249 2584 324 2639 inter
354 2581 510 2658 theologos
540 2581 745 2657 Tubiugeuses
775 2590 855 2641 staro
875 2581 997 2641 'l'erram
1026 2588 1187 2655 constaret,
1218 2598 1276 2639 non
1304 2580 1391 2641 aliter
1421 2599 1509 2657 quam

151 2666 292 2729 bistorice
315 2672 344 2727 in
366 2669 476 2729 sobolis
499 2668 660 2728 doctrinam
692 2671 777 2745 quasi
800 2669 866 2744 lege
889 2669 1012 2728 vetitum
1041 2676 1166 2728 tractare
1195 2668 1317 2729 auderet
1338 2677 1369 2728 et
1391 2670 1420 2726 iu
1435 2668 1509 2728 libro

148 2771 207 2815 ruo
232 2754 268 2815 de
291 2758 470 2815 astronomia
494 2751 656 2839 (Epiruma)
678 2758 769 2816 variis
792 2755 971 2816 editionibus
995 2758 1104 2815 omisso
1123 2755 1283 2816 doctrinam
1299 2755 1509 2815 Ptolemaioam

150 2841 259 2903 docere
290 2860 348 2903 non
371 2843 526 2903 desineret.
571 2843 718 2920 Keplerus
741 2842 860 2919 qnidcm
890 2860 1039 2918 nunquam
1070 2852 1194 2902 conatus
1217 2851 1277 2917 ost,
1310 2845 1417 2918 virum,
1450 2862 1510 2919 qno

151 2925 242 2989 antea
264 2934 404 3007 magistro
429 2948 499 2990 ιιιι
522 2931 626 3003 inerat,
651 2934 693 2990 sie
715 2931 754 2989 ad
778 2948 862 2989 suam
884 2932 1059 2990 sententiam
1083 2930 1242 3004 deducere,
1266 2939 1299 2991 ιι
1321 2948 1387 2991 eum
1410 2931 1510 3008 palam

150 3033 255 3077 secum
278 3035 397 3078 cansam
414 3017 644 3094 Oopernioanam
659 3017 815 3079 defendere
844 3017 944 3092 veliet,
967 3017 1019 3077 sed
1042 3020 1071 3075 in
1094 3018 1152 3077 boc
1175 3020 1332 3094 acquievit,
1349 3026 1382 3078 ιι
1396 3018 1511 3079 Μιιιι-

151 3104 232 3163 linua
255 3104 376 3183 chleri
401 3104 632 3186 „Predromuw
657 3105 839 3182 praefatione
854 3106 1076 3182 comprobatum
1100 3107 1129 3162 in
1146 3104 1297 3164 doctorum
1313 3109 1510 3181 cognitionem

151 3190 316 3267 induceret,
340 3195 409 3269 quin
434 3196 522 3252 etiarn
537 3193 672 3253 Rbaetioi
697 3192 733 3251 de
755 3192 861 3252 studiis
884 3201 913 3252 et
936 3193 1074 3269 operibus
1090 3192 1243 3269 Copemiei
1266 3193 1438 3254 relationem
1454 3195 1509 3254 ad·

152 3279 246 3352 deret,
270 3280 321 3339 sed
345 3280 472 3357 emplius
495 3283 559 3356 ipsc
581 3280 654 3339 nibil
677 3281 796 3340 luceret.
841 3278 920 3340 Satis
943 3282 1020 3340 enim
1043 3280 1100 3339 boc
1123 3297 1188 3340 case
1211 3281 1309 3355 duxit,
1340 3291 1372 3341 ut
1395 3281 1509 3342 Mnest-

151 3365 247 3439 linns,
279 3367 362 3442 eujus
391 3368 469 3445 apud
494 3368 678 3428 botberanos
708 3371 737 3426 in
767 3367 855 3427 rebus
878 3370 1081 3427 astronomicis
1108 3385 1223 3427 summu
1254 3371 1508 3442 auctoritateret,

151 3455 212 3513 sibi
235 3471 293 3512 non
318 3456 481 3527 obsisteret,
507 3458 556 3531 qui
579 3459 720 3515 rationem
744 3455 975 3531 Coparnioanam
997 3458 1171 3515 asnonomis
1186 3456 1368 3531 probabilem
1390 3457 1511 3518 reddere

151 3549 185 3602 et
208 3544 338 3600 omnium
361 3542 513 3601 doctorum
529 3546 643 3602 animos
659 3542 697 3602 ad
712 3560 778 3602 cam
793 3549 963 3604 convertere
985 3542 1125 3606 studeret.
1150 3543 1382 3620 „Pythagoreos
1406 3547 1510 3622 inquit,

151 3628 310 3688 imitemur.
355 3630 498 3689 Privatim
528 3648 583 3689 uos
612 3632 661 3707 qui
690 3630 766 3703 adit,
795 3633 1042 3691 communicemus
1071 3630 1113 3688 iili
1136 3631 1260 3690 candide
1288 3639 1418 3691 ιιιιιιιιι
1440 3650 1510 3692 sen·

152 3717 289 3788 tentiam,
311 3717 429 3793 publico
454 3727 603 3778 taceamus
605 3762 710 3780 .....
755 3717 852 3776 Nolim
877 3726 906 3777 ιι
928 3718 976 3778 vel
1001 3721 1029 3775 in
1053 3736 1148 3778 meam
1179 3719 1226 3777 vel
1251 3720 1279 3775 in
1304 3721 1396 3796 ipsius
1420 3722 1508 3779 ctiam

149 3805 289 3864 veritatis
318 3806 442 3879 gratiam
472 3807 604 3865 inimicos
632 3807 685 3865 tibi
715 3805 870 3865 conciliare
903 3815 955 3864 aut
984 3805 1198 3864 incommodius
1231 3810 1349 3881 agere‘t
1396 3806 1511 3867 Similia

152 3907 276 3967 qnoque
298 3891 336 3949 ad
362 3890 574 3953 Galiluenm
596 3895 729 3971 scripsit,
753 3894 803 3968 qui
826 3908 892 3951 cnm
916 3903 1038 3969 accepto
1062 3892 1223 3951 Prodromo
1246 3896 1356 3970 gratias
1379 3894 1508 3972 Keplero

152 3986 265 4054 ageret,
290 3980 419 4054 graviter
441 3988 620 4056 conquestus
642 3990 697 4055 cet,
721 3978 854 4039 initalia
875 3981 958 4040 netas
979 3997 1044 4040 ease
1061 3980 1216 4056 Gopernici
1231 3980 1393 4042 doctrinam
1407 3982 1509 4059 palam

150 4064 294 4143 pronoen.
335 4070 400 4138 (on.
424 4088 452 4140 p.
472 4072 541 4141 ooo.)

262 4151 336 4211 (inm
366 4152 568 4215 Herwarto
599 4155 644 4214 de
672 4154 912 4232 Holrenborg
943 4157 1060 4231 utique,
1095 4173 1208 4214 summo
1240 4155 1361 4234 chleri
1394 4157 1509 4218 fautore

152 4237 365 4317 doctrinaeque
389 4241 577 4315 admiratore,
612 4244 662 4319 qni
686 4242 847 4302 Prodromo
870 4245 920 4302 vix
948 4242 1028 4303 cdito
1051 4242 1209 4319 Keplernm
1232 4244 1319 4318 adiit,
1350 4262 1451 4321 aquo
1474 4245 1511 4306 de
1633 4253 1636 4259 '

150 4325 270 4387 Lucani
293 4327 464 4389 Pharsaliae
486 4331 553 4389 loco
576 4329 687 4389 diiiieili
711 4330 887 4407 astrologice
911 4330 1063 4390 tractando
1094 4332 1361 4407 interpretationem
1389 4340 1510 4408 peteret,

153 4413 218 4474 alia
242 4431 315 4474 voce
339 4415 468 4491 loquitur
482 4415 637 4495 Keplerus,
661 4416 713 4477 aed
736 4434 880 4494 nusquam
904 4427 934 4478 ιι
956 4418 1037 4476 nnllo
1061 4419 1148 4478 modo
1172 4419 1209 4478 ab
1233 4417 1386 4480 honestate
1410 4419 1462 4479 illa
1480 4428 1511 4480 et

151 4503 304 4579 gravitate
327 4502 466 4575 decessit,
498 4522 574 4580 quae
604 4506 659 4563 viri
682 4513 818 4565 cunctum
840 4505 988 4566 literarum
1011 4508 1216 4566 commercium
1247 4506 1358 4566 decent.
1403 4505 1509 4567 Statim

154 4591 235 4651 anim
259 4599 388 4665 paratus,
413 4591 488 4652 bane
510 4591 644 4667 aliasque
667 4592 812 4667 ejusmodi
836 4595 1025 4669 quaestiones
1055 4593 1184 4667 solvere,
1216 4594 1267 4653 ubi
1295 4593 1393 4654 delicit
1419 4596 1511 4655 inter·

153 4682 294 4755 pretatio,
319 4687 420 4756 operte
442 4682 641 4755 ignorantiam
660 4696 744 4740 auam
767 4679 928 4757 profitetur,
951 4689 1002 4740 aut
1026 4690 1140 4741 veteres
1163 4683 1319 4757 scriptores
1341 4689 1511 4742 entreceu-

154 4768 248 4825 tiores
271 4769 476 4843 grammaticos
498 4775 528 4826 et
550 4767 705 4826 historicos
728 4785 760 4828 se
782 4784 884 4846 parurn
909 4786 995 4828 nosse
1011 4771 1150 4846 queritur,
1175 4768 1358 4845 conjecturas
1374 4770 1511 4849 proponit

152 4868 192 4915 ex
215 4854 327 4933 ingenii
349 4863 379 4914 et
400 4856 619 4936 imaginationis
641 4873 756 4916 summa
776 4858 864 4937 copia
886 4856 1071 4937 depromtaa,
1102 4856 1238 4920 omnibns
1265 4855 1393 4940 deniquo
1414 4857 1530 4920 moda.
