3308 5534
467 452 556 511 lictae
575 454 610 510 ad
628 453 814 526 Appendicem
832 452 1097 523 Selenograpbicam.
1417 446 1459 524 69

206 628 241 686 V.
257 628 436 700 Apparsatia
462 629 586 686 VicissIm
604 647 655 702 per
665 630 818 687 maculosas
836 635 928 701 partes
946 627 1101 701 snpemciei
1118 626 1221 685 lunarii
1239 626 1313 686 linea
1331 629 1461 687 sectionis

101 708 244 779 trajicierm
260 724 329 779 pura
348 716 424 766 recta
440 717 491 765 est.

110 864 119 879 .
155 787 251 921 ¹⁸⁸VI.
268 788 344 857 Ergo
362 788 485 844 maculae
502 788 599 844 Lunae
623 795 688 845 sunt
710 787 861 859 aequabilis
885 796 913 844 et
929 786 1050 859 perfecte
1074 786 1206 859 globosae
1223 789 1378 860 superflcIsi
1397 804 1460 861 par·

98 873 155 922 m
204 945 267 1002 vn.
285 948 466 1018 Apparentia.
500 948 616 1018 Quando
635 949 721 1004 sectio
739 962 789 1018 per
806 947 927 1003 maculas
944 945 1105 1016 traducitur,
1124 949 1460 1019 apparentintrspartem

97 1026 197 1082 Lunae
207 1025 389 1083 illuminatam
407 1029 490 1083 rimas
502 1029 635 1098 quaedam
654 1028 799 1087 umbrosae
811 1043 846 1082 ex
859 1027 1037 1097 inconspicua
1054 1027 1150 1084 Lunae
1162 1036 1241 1098 parte
1258 1036 1460 1099 procurrentes,

96 1120 171 1174 qnae
188 1105 310 1161 ramulas
328 1121 345 1160 a
363 1107 487 1175 partibus
505 1124 573 1177 pure
591 1107 688 1163 lucidis
707 1109 784 1179 quasi
803 1108 971 1177 resciudunt.

202 1186 278 1239 VIII.
296 1186 372 1256 Ergo
391 1186 460 1242 radii
478 1188 549 1243 Solis
567 1188 721 1243 illumiuant
740 1196 766 1242 et
785 1194 877 1256 partes
896 1185 1000 1240 lucidas
1025 1192 1052 1240 et
1077 1193 1168 1254 partes
1191 1183 1346 1240 maculosas
1376 1184 1415 1240 cis
1434 1190 1462 1241 et

96 1262 172 1320 ultra
184 1263 246 1319 illas
259 1264 340 1319 rimas
357 1264 499 1321 umbrosas
516 1266 543 1321 in
562 1267 675 1323 semisse
686 1266 850 1334 illuminato;
870 1267 1007 1335 regionem
1018 1281 1083 1320 vcro
1098 1281 1167 1335 eam,
1180 1281 1260 1334 quam
1273 1265 1341 1319 rima
1354 1266 1460 1334 transit,

96 1358 152 1397 non
170 1342 334 1398 illuminant.

203 1422 254 1477 IX.
273 1421 327 1478 Sed
345 1437 396 1492 per
413 1423 449 1480 II.
469 1421 575 1478 lucidae
594 1435 658 1479 sunt
676 1424 755 1493 altae,
774 1424 930 1480 maculosae
950 1423 1110 1493 depressas:
1130 1440 1194 1492 ergo
1212 1423 1295 1477 rimae
1314 1421 1378 1476 illae
1397 1429 1461 1478 sunt

96 1501 165 1557 nibil
192 1501 267 1556 aliud
284 1518 367 1572 qnam
392 1503 489 1558 umbra
505 1502 671 1572 lucidarum,
698 1519 749 1559 ceu
767 1503 898 1559 montium
925 1513 974 1559 aut
992 1504 1112 1573 litorum,
1135 1503 1261 1575 projecta
1280 1502 1307 1557 in
1325 1501 1460 1558 maculam

96 1590 229 1652 unquam
248 1581 390 1651 planitiem
408 1590 457 1636 aut
475 1598 584 1649 aequor.

202 1661 239 1715 IL
258 1661 436 1730 Apparentia.
466 1662 496 1715 In
522 1667 600 1728 parte
618 1662 715 1716 Lunae
733 1663 882 1737 crescentis
908 1660 1083 1729 inconspicua
1106 1675 1203 1716 versus
1228 1660 1376 1714 sectionem
1401 1674 1458 1713 cer·

95 1747 202 1796 uantur
219 1748 324 1810 puncta
341 1739 441 1802 lucida
461 1754 531 1809 qnae
549 1737 630 1810 lapsu
642 1741 748 1810 aliquot
760 1741 887 1796 horarum
900 1742 969 1796 fiunt
988 1741 1111 1809 clariora,
1131 1740 1217 1796 donec
1231 1740 1385 1795 coalescant
1399 1755 1460 1794 cum

97 1828 178 1889 parte
194 1819 349 1874 illuminata
367 1818 440 1888 apud
457 1819 555 1874 lineam
574 1821 716 1890 sectionis,
742 1827 770 1875 et
792 1828 858 1877 tunc
876 1826 1004 1891 apparet,
1030 1818 1102 1887 quod
1119 1817 1167 1873 illa
1184 1826 1286 1888 puncta
1303 1817 1459 1887 pertineant

95 1896 130 1952 sd
148 1902 259 1967 partem
277 1897 374 1952 Lunae
392 1897 518 1964 lucidam,
536 1913 591 1951 non
609 1899 644 1953 ad
663 1900 791 1956 maculas.

202 1976 253 2030 XI.
271 1975 346 2045 Ergo
365 1989 478 2030 necesse
497 1985 545 2041 est,
563 1994 598 2032 ex
617 1992 649 2031 ea
666 1987 745 2047 parte
763 1979 925 2047 superficiei,
945 1992 1015 2046 quiae
1033 1993 1050 2031 a
1067 1976 1150 2031 radiis
1169 1976 1240 2032 Solis
1258 1976 1377 2030 noudum
1396 1991 1461 2045 conf

95 2054 227 2124 tingitur,
247 2070 395 2122 exsurgere
413 2055 505 2123 apIces
523 2056 628 2127 aliquos
647 2058 675 2113 in
693 2065 798 2112 tantam
816 2058 999 2123 altitudmem,
1027 2062 1058 2109 ut
1074 2055 1091 2109 ii
1111 2072 1127 2109 s
1145 2055 1228 2110 radiis
1248 2056 1319 2110 Solis
1338 2055 1460 2122 contmgi

96 2134 215 2203 possint,
234 2141 264 2189 et
280 2150 389 2189 rursum
407 2133 494 2189 omnis
516 2133 565 2197 illa
583 2136 681 2192 ricmis
704 2138 777 2192 circa
794 2137 864 2193 tales
883 2137 974 2207 apices
995 2135 1126 2190 elevatior
1149 2143 1192 2191 est
1209 2143 1288 2206 parte
1307 2135 1461 2205 superficiei

98 2212 250 2269 maculosa.

204 2292 269 2349 XII.
287 2292 464 2364 ApparentIa
494 2292 570 2361 Quas
589 2294 662 2350 dicta
681 2300 745 2348 sant
763 2310 834 2349 num.
853 2292 874 2350 I.
894 2300 922 2348 et
940 2293 1000 2347 Vll.
1031 2292 1070 2347 sic
1094 2291 1335 2362 deprehenduntur
1358 2293 1461 2348 tamin

97 2371 187 2437 prima
214 2370 333 2440 qrradra,
362 2386 443 2440 quam
461 2371 490 2425 In
507 2371 615 2442 ultIma,
639 2374 712 2429 circa
729 2373 844 2427 eandem
862 2388 974 2427 numero
994 2370 1141 2435 maculam,
1167 2387 1218 2440 per
1241 2387 1321 2439 quam
1345 2380 1462 2441 utraque

97 2452 254 2507 sectionum
273 2452 380 2518 transit,
400 2466 523 2522 quaeque
542 2463 593 2504 suo
612 2459 743 2521 tempore,
762 2452 790 2505 in
808 2451 930 2520 partibus
949 2459 1040 2506 tamen
1059 2449 1119 2517 ejus
1138 2449 1279 2518 oppositis.

204 2531 280 2585 XIII.
299 2531 375 2601 Ergo
388 2529 495 2584 macula
507 2528 637 2599 depressa
648 2546 699 2600 per
710 2530 744 2600 11,
765 2538 793 2586 et
805 2529 956 2598 aequabilis
972 2545 1021 2599 per
1032 2529 1079 2598 Vl,
1098 2527 1216 2583 ambitur
1228 2526 1348 2598 undique
1360 2526 1460 2584 lucidis

97 2607 160 2664 altis
180 2610 248 2677 (per
264 2608 306 2678 11)
325 2616 354 2664 et
370 2608 476 2677 asperis
495 2611 557 2678 (per
576 2609 636 2675 iv).

204 2687 279 2744 ΧΠ.
299 2687 477 2756 apparentia.
505 2688 536 2741 ln
555 2688 667 2745 semisse
685 2688 835 2744 illuminato
860 2702 946 2759 prope
964 2685 1113 2741 sectionem
1137 2686 1248 2741 crebras
1267 2696 1401 2759 apparent
1417 2689 1459 2746 lu·

97 2769 180 2824 aulae
199 2784 251 2822 seu
268 2764 354 2822 falces
372 2765 528 2835 umbrosas,
553 2766 680 2822 comibus
704 2768 789 2822 uersis
814 2782 907 2822 versus
931 2764 1031 2821 liuenm
1050 2766 1188 2821 sectionis.
1224 2764 1262 2820 Et
1278 2767 1332 2823 illis
1352 2767 1460 2837 quidem

97 2846 235 2902 umbrosis
254 2846 433 2900 obvertuntur
450 2845 533 2900 veluti
551 2845 635 2900 falces
654 2845 797 2914 oppositae
815 2845 942 2901 cornibus
961 2845 1105 2915 contiguis,
1126 2844 1236 2900 luminis
1259 2848 1344 2916 magis
1364 2850 1459 2920 saturi,

99 2942 182 2997 quam
201 2931 247 2979 est
264 2922 399 2992 reliquum
418 2925 605 2980 citcumstaus.

204 3003 267 3058 XV.
284 3002 359 3072 Ergo
378 3001 406 3055 in
423 3002 573 3058 illuminato
596 3003 708 3059 semisse
727 3010 792 3059 sunt
809 3003 871 3059 loca
889 3002 1058 3057 clrculariter
1076 3002 1225 3072 depressa,
1251 3018 1300 3059 seu
1319 3003 1459 3074 caritates,

99 3098 170 3152 quae
191 3099 207 3136 a
226 3083 310 3137 radiis
329 3082 403 3137 Solis
421 3083 540 3151 contingi
558 3091 710 3154 nequeunt,
734 3100 767 3138 ex
786 3090 864 3153 parte
889 3099 983 3137 versus
1003 3082 1106 3151 Solem,
1131 3097 1244 3151 qvtomm
1269 3081 1375 3150 reliqua
1398 3098 1462 3152 pars

99 3162 238 3229 caritatis,
268 3177 337 3229 quae
363 3168 406 3216 est
428 3176 522 3215 versus
545 3164 694 3218 sectionem
717 3163 816 3232 ardua,
842 3163 943 3218 rectius
963 3162 1090 3231 objicitur
1112 3160 1196 3215 radiis
1216 3160 1286 3216 Saba
1309 3162 1463 3231 fortiusque

98 3240 279 3308 illummatur,
299 3255 380 3308 quam
399 3239 505 3308 reliqua
523 3241 641 3296 exterior
658 3243 792 3312 planities.

205 3318 279 3375 xvi.
299 3321 476 3389 Apparentia.
507 3322 625 3390 Insignis
644 3329 686 3375 est
699 3321 894 3392 magnitudinis
913 3320 977 3375 talis
989 3319 1046 3373 falx
1064 3319 1161 3384 lucida,
1181 3319 1308 3375 cornibus
1327 3319 1462 3388 attingens

99 3398 188 3467 ipsam
204 3398 316 3452 lineam
325 3397 469 3463 sectionis,
496 3401 537 3453 cui
557 3402 704 3471 opponitur
722 3401 880 3471 superficies
905 3400 985 3468 mbba
1005 3401 1132 3454 umbrosa
1156 3399 1182 3452 iu
1207 3407 1284 3468 parte
1304 3399 1462 3469 illuminata,

99 3478 177 3546 qnasi
198 3478 293 3532 circuli
311 3479 372 3546 lege
391 3493 426 3531 ex
445 3494 476 3532 ea
495 3480 601 3549 excisa;
628 3489 655 3535 ct
679 3488 743 3535 satit
764 3480 817 3534 has
836 3479 1022 3534 distinctiones
1046 3479 1115 3535 lucis
1139 3487 1168 3534 et
1191 3479 1302 3534 umbrae
1321 3478 1460 3534 circularis

99 3564 273 3625 permutatae
291 3557 319 3610 in
339 3556 451 3626 quadris
470 3558 611 3628 oppositis.

205 3634 292 3690 xvii.
311 3636 386 3705 Ergo
406 3636 486 3690 etiam
505 3639 531 3691 in
551 3638 663 3693 semisse
680 3638 856 3708 inconspicua
882 3644 924 3692 est
945 3637 1046 3692 cavitas
1072 3653 1121 3691 seu
1146 3636 1224 3691 fovea
1247 3638 1357 3704 iugens,
1382 3637 1461 3707 cujus

100 3714 216 3782 labrum,
232 3730 329 3769 versus
343 3714 433 3770 Solem
447 3718 577 3771 curvitate
590 3733 640 3772 sua
653 3732 806 3783 exettrrens,
825 3716 934 3785 projicit
952 3715 1074 3770 umbram
1093 3714 1120 3768 in
1140 3714 1255 3779 fundum
1266 3713 1373 3785 fossae;
1392 3713 1462 3770 labri

100 3808 164 3847 vero
184 3794 314 3858 semIssis,
334 3810 351 3848 a
369 3794 432 3849 Sole
451 3812 613 3864 procurrens
631 3796 658 3850 in
678 3795 817 3851 semissem
836 3796 1050 3865 iucouspicuum,
1068 3794 1174 3848 radium
1193 3793 1264 3847 Solis
1283 3793 1392 3862 exeipit,
1413 3794 1461 3848 ad-

101 3873 213 3926 missum
232 3888 283 3940 per
300 3872 405 3926 hlatum
424 3889 472 3927 scu
492 3877 696 3931 excasationem
714 3875 783 3930 labri
802 3875 928 3945 oppositi

206 3953 307 4008 xvtn.
326 3953 431 4008 Causae
451 3969 534 4021 penes
553 3971 603 4010 nos
618 3952 767 4025 terricolas,
788 3971 857 4023 quiae
871 3953 1040 4023 superficiem
1054 3952 1155 4008 Terrae
1168 3951 1293 4019 formant,
1313 3960 1377 4008 stunt
1395 3952 1461 4008 dao-

102 4050 160 4089 rum
179 4049 318 4102 generum.
355 4034 425 4088 Nam
448 4033 572 4089 formatio
596 4035 664 4090 haec
687 4034 729 4088 uel
749 4051 765 4088 a
782 4041 872 4089 mento
895 4042 951 4101 est,
976 4042 1006 4087 ut
1029 4032 1118 4087 cultus
1144 4048 1284 4100 agrorum,
1312 4034 1461 4089 castructio

103 4114 347 4180 munimentorum,
367 4112 497 4169 derivatio
516 4113 669 4182 fluminum;
693 4112 735 4168 vel
754 4130 770 4167 a
787 4123 861 4167 motu
881 4112 1088 4178 elementorum,
1113 4110 1159 4164 ubi
1179 4111 1324 4179 qualitates
1344 4112 1460 4168 elemen-

102 4203 203 4261 torum,
222 4210 295 4263 quae
314 4194 400 4249 motui
419 4201 447 4247 et
463 4194 694 4262 transfigurationi
714 4194 780 4249 dant
799 4194 982 4255 occasionem,
1001 4198 1066 4245 suut
1078 4191 1224 4245 humiditas
1237 4199 1265 4245 et
1277 4191 1394 4257 siccitas,
1413 4193 1462 4248 du·

102 4274 177 4328 rities
202 4280 231 4326 et
254 4271 408 4327 friabilitas.
446 4272 562 4327 Humida
585 4273 655 4326 euim
682 4272 803 4328 defluunt
826 4273 853 4327 in
878 4273 939 4326 loca
962 4278 1055 4326 centro
1080 4268 1181 4323 Terrae
1204 4269 1346 4340 viciniora,
1375 4272 1461 4327 donec

103 4353 214 4408 veniant
232 4350 269 4406 ad
287 4366 429 4405 commune
449 4352 644 4422 aequilibrium,
664 4353 736 4408 sicca
754 4361 867 4423 propter
885 4368 972 4420 aquas
990 4348 1113 4403 labentes
1131 4348 1234 4417 posita,
1255 4365 1324 4416 quac
1343 4349 1461 4420 duriora,

101 4432 268 4487 durabiliora
292 4438 370 4498 sunt,
399 4446 467 4498 quae
491 4431 615 4487 molliora
638 4433 680 4486 vel
699 4432 830 4492 friabilis.
849 4431 979 4502 paulatim
998 4428 1136 4483 iatIscuut.
1173 4427 1307 4496 Exemplo
1326 4439 1388 4483 utar
1406 4429 1460 4483 em·-

102 4513 184 4569 denti
216 4511 342 4580 Quaeris,
362 4511 423 4580 quis
444 4510 525 4565 colles
543 4510 606 4564 illos
620 4511 792 4576 exstruxerit,
813 4511 949 4579 dispersos
963 4524 1012 4579 per
1024 4521 1134 4573 campos
1147 4505 1299 4567 Bohemiae,
1319 4524 1373 4575 qua
1386 4508 1460 4575 regio

101 4592 245 4647 reducitur
263 4591 290 4643 iu
311 4595 457 4657 angustum
475 4604 567 4643 versus
585 4596 690 4642 montes
709 4588 825 4642 Misniae
845 4590 1036 4643 coutermmos.
1062 4585 1090 4640 Si
1103 4600 1137 4639 ex
1155 4584 1227 4639 edito
1246 4592 1336 4639 monte
1355 4586 1461 4649 ionum·

102 4687 155 4740 qno
174 4669 274 4723 seriem
294 4683 387 4721 eorum
407 4667 561 4735 aspexeris,
587 4665 687 4722 dixeris
707 4668 852 4738 Gigantum
877 4686 945 4738 opus
965 4675 992 4723 et
1010 4664 1093 4722 veluti
1111 4674 1285 4720 monumenta
1303 4665 1460 4735 sepulchro-

102 4763 251 4804 ramesse.
287 4747 383 4801 Dicam
409 4762 460 4816 ego
485 4753 630 4803 auctorem.
668 4749 744 4803 albis
762 4748 860 4802 fluvius
880 4757 933 4816 est,
961 4747 1007 4816 qui
1029 4754 1147 4799 meatum
1171 4753 1267 4799 nactus
1286 4760 1336 4813 per
1353 4751 1460 4799 montes

102 4829 222 4894 inferias,
243 4826 360 4884 subInde
379 4825 515 4896 depressit
532 4827 725 4895 excusavitque
747 4843 824 4881 suum
842 4826 956 4881 alveum.
987 4827 1082 4892 Longa
1100 4829 1175 4877 aetas
1194 4830 1243 4879 est.
1263 4837 1341 4892 quae,
1359 4822 1460 4878 crebris

102 4909 231 4967 imbribus
250 4904 402 4979 superfusis
420 4904 515 4977 pingui
532 4903 628 4975 glebae
646 4905 763 4974 regionis
788 4905 961 4974 campestris.
985 4903 1115 4975 paulatim
1140 4916 1198 4957 eam
1217 4902 1284 4957 eluit
1304 4909 1460 4977 terramque
