3308 5534
575 476 578 481 -
690 432 740 499 111.
757 430 956 497 tenoreque
1439 418 1503 501 261

144 632 214 679 um
237 612 364 691 Arietis,
392 613 484 678 'lauri
506 621 560 677 etc.
607 613 737 693 Quorum
760 633 826 678 curu
848 616 988 695 pleraque
1017 616 1076 676 sint
1097 611 1278 685 enirnaliom,
1303 630 1360 671 ror
1383 602 1500 682 Kedron,

144 706 213 765 bine
234 704 313 766 aden
336 704 461 765 circulus
484 706 538 764 iste
560 704 711 765 zodiacun'
727 703 841 768 dicitnr.
879 705 972 765 Porro
995 704 1035 767 ad
1056 701 1275 763 similitudinem
1298 696 1387 774 hujus
1403 694 1502 756 circuli

146 791 319 851 dividuntur
341 792 380 851 ab
402 795 577 851 astronomis
601 795 729 851 omnium
746 791 930 868 planetarum
947 794 1084 853 circuitus
1100 794 1128 848 in
1145 789 1274 857 totidem,
1298 804 1337 847 sc.
1355 791 1416 846 360
1433 800 1503 861 par·

147 888 204 951 tes,
235 880 295 939 hoc
315 880 381 940 solo
404 879 586 952 discrimine,
616 879 695 956 qnod
719 882 870 957 primarias
899 889 995 957 partes
1024 880 1134 939 iaciunt
1158 884 1175 937 6
1201 885 1228 936 et
1252 873 1355 934 horum
1378 870 1503 948 singulis

147 968 279 1029 tribuunt
301 965 367 1029 30⁰.
410 966 555 1027 Numerus
584 969 661 1026 euim
683 969 815 1027 senarius
838 966 919 1029 seius
942 968 1087 1045 perlectus
1116 974 1175 1037 est,
1205 966 1274 1040 quia
1298 960 1444 1037 colligitur
1467 974 1503 1016 ex

150 1058 208 1117 tuis
229 1054 367 1132 pastibus
383 1058 412 1127 6,
438 1060 467 1127 2,
494 1061 528 1129 13
550 1056 592 1114 ste
615 1056 822 1131 sexagenarius
845 1070 922 1115 unus
945 1056 1043 1131 plures
1066 1053 1156 1114 habet
1178 1061 1284 1130 partes,
1308 1065 1395 1123 quern
1419 1047 1504 1123 qnis-

150 1160 237 1221 quam
260 1140 339 1202 alios
363 1143 528 1201 centenario
552 1145 654 1215 minor,
678 1144 749 1218 quis
768 1149 908 1205 1.6c=
928 1149 956 1205 i.
974 1148 1014 1203 30
1034 1165 1069 1191 =
1089 1146 1117 1201 3.
1135 1146 1174 1202 20
1195 1165 1230 1194 =
1252 1144 1279 1198 4.
1301 1142 1393 1195 15:
1414 1140 1442 1195 5.
1462 1138 1500 1193 12

153 1254 187 1285 =
210 1236 240 1290 6.
266 1234 316 1289 10.
354 1227 432 1287 Tum
461 1236 558 1288 autern
588 1229 690 1287 norom
721 1233 865 1305 omnium,
895 1248 999 1306 nempe
1024 1236 1052 1301 6,
1079 1235 1127 1301 ta,
1153 1234 1203 1301 00,
1229 1232 1278 1299 60,
1304 1228 1382 1292 360,
1413 1237 1503 1282 csuaa

155 1314 299 1395 quaedam
328 1315 472 1376 naturalis
501 1325 530 1393 et
557 1315 671 1376 occulta
699 1324 762 1389 est,
791 1316 827 1376 de
858 1336 916 1393 qua
940 1316 1007 1376 vide
1030 1334 1094 1391 cap.
1121 1320 1170 1376 10.
1196 1320 1245 1375 ta.
1276 1308 1409 1388 opusculi
1432 1309 1503 1375 (nuel.

158 1410 224 1473 (Vel
243 1410 265 1459 1.
283 1424 311 1475 p.
333 1412 392 1461 1³4.
412 1408 483 1477 139.)
523 1403 582 1463 Sed
604 1404 642 1463 ad
665 1412 839 1463 structuram
863 1406 993 1465 theoriae
1016 1421 1182 1480 pergamus.
1220 1395 1431 1476 Comprehendi
1447 1396 1505 1453 cir·

155 1491 216 1549 cino
246 1497 348 1567 partes
375 1494 435 1549 aba
464 1498 494 1549 et
521 1508 556 1551 ex
587 1499 685 1550 centm
713 1491 871 1551 universali
903 1491 1022 1551 tabulae
1053 1490 1197 1566 perlectae
1226 1488 1328 1564 scripsi
1355 1482 1504 1553 circulum,

154 1576 225 1637 ultra
246 1594 338 1655 quem
360 1575 503 1655 quidquid
520 1581 686 1654 prominuit,
709 1577 760 1639 illa
775 1588 857 1657 parte
880 1579 1019 1640 tabellam
1043 1577 1172 1640 diminui.
1208 1573 1356 1635 Residuee
1378 1569 1506 1631 inbelles

154 1663 257 1724 lineam
279 1663 452 1725 alterutram
483 1670 601 1738 notavi,
633 1666 716 1741 cujus
748 1684 815 1743 pars
843 1670 974 1744 superior
997 1683 1063 1725 cnm
1091 1667 1174 1724 initio
1199 1664 1306 1721 Arietis
1330 1662 1359 1718 io
1383 1659 1505 1717 andiaco

156 1752 331 1814 cohaereret.
370 1751 464 1827 igitur
486 1756 581 1831 posito
604 1770 741 1812 mucrone
765 1756 793 1811 in
816 1766 914 1814 centro
938 1752 1096 1813 universali
1119 1761 1149 1813 et
1169 1752 1247 1810 linea
1262 1756 1365 1808 notata
1386 1746 1423 1806 ed
1447 1746 1505 1802 ini·

159 1841 227 1899 lium
249 1839 361 1899 Arietis
392 1838 540 1915 applicate
567 1858 619 1916 peu
645 1839 792 1916 regulam,
822 1844 956 1918 quaesivi
981 1840 1059 1922 293⁰
1079 1839 1124 1912 l,
1148 1856 1249 1898 versus
1272 1836 1301 1894 id
1324 1841 1463 1911 punctum
1487 1849 1506 1890 s

156 1938 252 1987 mutio
276 1926 437 1985 orriversnll
461 1926 529 1985 duxi
552 1926 688 1987 lineolam
703 1937 820 1988 tenuem
835 1947 889 1990 nec
906 1928 954 1986 diu
974 1926 1150 1999 duraturam,
1174 1944 1225 2003 pro
1242 1924 1391 2000 apogneis.
1429 1919 1505 1978 Tum

158 2023 253 2073 autem
281 2008 389 2073 circino
418 2012 622 2090 comprehendi
650 2023 749 2091 partes
779 2016 820 2099 b}
842 2015 968 2092 illasque
997 2014 1145 2075 dimensus
1168 2034 1186 2073 a
1209 2022 1306 2073 centro
1338 2005 1504 2076 universali,

158 2118 218 2161 mm
240 2098 336 2161 altero
366 2098 442 2177 pede
471 2112 610 2177 punctum
633 2104 662 2159 in
685 2101 772 2161 modo
796 2105 904 2180 scripta
933 2103 1042 2163 lineola
1071 2104 1196 2177 signavi.
1242 2099 1286 2157 Ex
1312 2096 1369 2155 hoc
1396 2104 1505 2171 puncto

156 2204 217 2247 cum
244 2186 440 2265 amplitudine
464 2187 528 2272 91}
549 2191 675 2266 portium
707 2189 845 2267 descripsi
878 2192 956 2249 vium
985 2189 1104 2249 Saturni
1132 2187 1309 2248 circularem.
1356 2183 1390 2242 Iu
1418 2180 1505 2241 modu

157 2273 230 2335 dieta
252 2274 362 2335 lincoln
384 2276 501 2350 signavi
524 2285 661 2352 punctum
685 2276 765 2335 aliud
791 2276 880 2353 dupio
894 2295 913 2336 a
929 2286 1026 2337 centro
1050 2275 1209 2336 universali
1225 2274 1373 2343 remotius,
1396 2287 1438 2329 sc.
1453 2284 1507 2345 per

157 2372 248 2439 panas
273 2360 345 2447 103,
368 2362 438 2420 lruie
461 2379 530 2422 vero
554 2372 662 2439 puncto
685 2364 833 2440 applicavi
850 2382 1014 2424 mucronem
1030 2362 1152 2433 zodiaci,
1175 2361 1312 2421 lineolam
1331 2374 1398 2419 vero
1414 2358 1506 2416 bene·

156 2448 218 2510 noo
239 2450 361 2526 regulas
384 2450 440 2508 leci
463 2448 607 2526 quadrare
629 2449 665 2509 ad
691 2453 755 2535 5¹¹⁰-
772 2454 821 2531 Ῑη.
853 2452 904 2513 Sic
927 2451 1071 2511 collocato
1095 2451 1225 2521 zodiaco,
1249 2448 1356 2507 lineam
1372 2447 1401 2502 in
1417 2442 1505 2502 modo

158 2536 229 2595 dicto
252 2538 400 2595 remotiori
423 2546 531 2613 puncto
555 2538 606 2595 lixi
627 2537 719 2599 altero
743 2542 882 2613 tenuino,
912 2538 1004 2599 altero
1028 2556 1097 2597 voro
1120 2538 1158 2598 ad
1182 2553 1282 2597 omnes
1304 2542 1429 2612 punctus
1452 2548 1506 2590 ao·

160 2622 230 2683 disci
251 2624 417 2701 applicato,
449 2623 608 2684 divisiones
631 2634 661 2684 et
681 2643 818 2687 numeros
849 2642 949 2686 omues
980 2644 1014 2685 ex
1038 2625 1160 2685 zodiaco
1184 2627 1212 2684 in
1235 2626 1300 2683 vias
1327 2620 1506 2698 planetarias

160 2711 296 2785 umatuli,
317 2710 375 2769 hoc
398 2721 495 2770 tamen
519 2711 692 2784 discrimine,
717 2712 795 2790 qood
810 2731 862 2790 pro
879 2715 955 2773 binis
978 2714 1069 2789 signis
1090 2716 1192 2773 notavi
1215 2726 1393 2786 sexagenum
1409 2723 1506 2767 unam.

162 2796 227 2857 dam
241 2814 258 2857 e
271 2799 391 2875 regione
407 2798 472 2857 linis
492 2796 537 2873 ὅ,
554 2795 604 2880 Θ,
622 2796 672 2881 iiii,
688 2802 737 2879 iii,
753 2805 799 2880 ᾖ,
816 2803 861 2877 lq,
878 2803 964 2877 posui
979 2817 1115 2860 numeros
1129 2799 1309 2877 majusculos
1329 2803 1456 2871 1,2....
1469 2798 1506 2866 6;

164 2884 407 2945 insubdivisioue
430 2896 528 2945 autem
557 2887 644 2963 posui
671 2889 825 2947 continuos
847 2904 983 2947 numeros
1007 2906 1100 2965 usque
1130 2887 1167 2948 ad
1192 2893 1231 2946 60
1261 2902 1314 2964 pro
1342 2900 1392 2956 eo,
1426 2878 1506 2957 quod

164 2972 188 3029 iu
205 2972 327 3031 zodiaco
351 2973 558 3032 continuantur
581 2991 674 3049 usque
697 2975 735 3033 ad
759 2981 809 3036 30.
855 2974 891 3033 ln
915 2976 984 3035 orbe
1006 2975 1113 3035 Tenue
1136 2984 1252 3046 autem,
1276 2974 1327 3033 ubi
1351 2977 1507 3031 secatura

164 3057 231 3119 lines
253 3062 380 3137 epognei
404 3055 485 3141 ΩΟ,
508 3062 592 3136 posui
616 3061 724 3120 lineam
747 3079 812 3121 cum
835 3064 912 3122 uotis
935 3063 1001 3134 AV,
1027 3062 1097 3139 AM,
1120 3064 1149 3119 in
1173 3063 1310 3138 opposito
1333 3066 1420 3117 notos
1442 3055 1505 3128 PV,

165 3144 220 3219 lat,
243 3147 281 3206 ad
304 3149 526 3224 perigaeitntem
548 3147 743 3208 indicandam.
789 3148 860 3209 Jaur
883 3148 1036 3225 fingendus
1060 3158 1104 3208 est
1127 3149 1178 3208 Sol
1202 3167 1261 3207 rien
1284 3146 1400 3224 quidem
1418 3161 1506 3220 prae·

164 3235 212 3293 tiae
233 3236 264 3292 in
287 3244 386 3293 centro
410 3234 539 3307 tabulae,
563 3236 615 3294 sed
639 3246 735 3295 tamen
759 3254 816 3296 non
840 3237 965 3313 amplius
989 3239 1079 3314 partis
1102 3239 1277 3296 centesimae
1294 3238 1322 3293 in
1337 3234 1416 3291 linea
1431 3249 1506 3308 apo·

163 3323 218 3396 quei
240 3321 350 3381 Terrae
373 3322 410 3380 ab
434 3320 485 3380 illo
508 3332 605 3382 centro
629 3325 787 3383 universali
810 3332 947 3387 remotus.
985 3324 1098 3401 Deinde
1121 3324 1232 3384 conieci
1256 3322 1386 3400 regulam
1406 3335 1507 3379 surru-

162 3424 237 3468 crona
260 3407 375 3468 zodiaci
398 3408 436 3467 ad
460 3411 580 3484 primam
604 3410 748 3485 graduum
771 3413 950 3470 notationem
974 3414 1203 3487 pertingentem,
1227 3428 1303 3486 quae
1327 3411 1363 3469 ad
1389 3423 1505 3466 mucro-

161 3511 216 3555 nem
244 3496 469 3555 adhaeresceret
500 3496 638 3556 volubilis
661 3506 690 3556 et
718 3506 816 3556 tomen
844 3497 998 3559 exemtilis.
1044 3499 1077 3556 ln
1102 3516 1138 3557 ea
1165 3499 1266 3575 regula
1297 3497 1373 3573 elegi
1397 3503 1506 3555 certum

159 3582 270 3661 aliquod
292 3592 449 3660 poncium,
473 3583 550 3658 qnod
574 3586 602 3641 in
627 3586 888 3645 circumvolutione
912 3593 1025 3644 tanturn
1049 3594 1179 3645 maneret
1202 3585 1276 3644 inira
1299 3584 1416 3644 Saturni
1441 3600 1506 3640 nm·

159 3670 253 3743 bitom,
278 3680 421 3746 quantum
445 3688 533 3746 supra
555 3669 642 3730 Jovis
666 3673 808 3730 ambitum
832 3675 985 3748 emineret3
1011 3672 1193 3745 stragulam
1218 3673 1366 3749 applicavi
1390 3670 1506 3730 duobus

156 3758 264 3817 zodiaci
292 3759 423 3835 punctis,
454 3758 630 3816 distantibus
654 3761 778 3818 invicem
806 3756 897 3841 ing-⁰,
930 3767 960 3818 et
982 3762 1011 3817 in
1040 3761 1173 3835 subjecta
1197 3759 1319 3836 planitie
1341 3759 1443 3817 notavi
1467 3755 1505 3814 ad

154 3855 290 3921 punctum
314 3845 433 3921 regulae
457 3845 515 3902 duo
539 3853 656 3921 puncto,
681 3863 757 3922 qnae
780 3846 858 3905 linea
880 3855 961 3906 recta
983 3847 1139 3923 eenJunxi3
1164 3865 1228 3905 cnm
1253 3848 1316 3923 ejus
1339 3847 1435 3904 lineae
1460 3843 1506 3900 di-

153 3933 237 3993 utidio
262 3931 405 4008 descripsi
435 3933 464 3988 in
488 3931 628 3991 laminula
657 3951 764 4011 cnpreu
786 3933 926 3994 circulum
950 3942 980 3992 ct
1002 3951 1053 4009 per
1075 3943 1204 3994 centrum
1229 3933 1299 3994 duxi
1324 3933 1506 3992 diametrum.

152 4018 280 4097 Quum
303 4021 392 4097 igitur
414 4021 540 4094 partium
562 4020 777 4080 semidiameter
801 4022 855 4078 luit
880 4020 934 4103 lg,
960 4039 1059 4080 earum
1083 4024 1208 4098 partium
1234 4022 1272 4104 6}
1299 4016 1506 4097 comprehendi

150 4110 255 4168 dusino
278 4112 310 4166 et
332 4124 368 4165 ex
392 4116 491 4165 centro
515 4110 629 4182 signavi
654 4126 720 4167 cum
748 4107 841 4167 altero
864 4109 938 4184 pede
961 4116 1102 4183 punctum
1126 4111 1154 4166 in
1178 4107 1265 4168 ducta
1296 4109 1447 4177 diametro,
1471 4122 1506 4163 cx

150 4212 205 4271 que
227 4202 341 4272 puncto
363 4211 486 4270 parvum
510 4194 655 4253 circellum
679 4195 828 4271 descripsi,
853 4205 993 4271 quantum
1010 4195 1174 4272 amplitudo
1196 4197 1316 4273 majoris
1331 4197 1386 4255 luit
1407 4211 1506 4272 passa.

149 4282 273 4343 Duobus
296 4285 414 4359 punctis
437 4281 581 4355 perioravi
604 4282 743 4340 laminam
767 4292 795 4340 et
819 4300 853 4341 ex
877 4293 975 4341 centro
999 4283 1125 4343 luminae
1148 4300 1200 4359 per
1222 4282 1344 4344 aiterum
1367 4297 1507 4359 punctum

150 4372 179 4429 iu
200 4370 297 4430 altere
320 4368 396 4429 facie
420 4367 510 4427 alium
534 4369 671 4430 circulum
696 4370 852 4445 descripsi,
876 4378 905 4428 et
928 4371 1010 4427 initio
1034 4371 1111 4430 sacto
1136 4389 1154 4429 n
1176 4380 1285 4449 puncto
1308 4373 1454 4448 perforato
1478 4371 1506 4425 in

149 4457 398 4529 circumferentia,
423 4454 510 4515 divisi
533 4458 673 4515 circulum
696 4474 775 4516 more
800 4459 907 4515 visitato
932 4459 959 4514 in
986 4463 1002 4516 6
1028 4475 1046 4516 a
1068 4456 1170 4517 dextra
1192 4457 1230 4516 nd
1254 4460 1415 4530 sinistram,
1440 4456 1507 4514 dein

149 4542 280 4622 singulas
303 4550 402 4621 partes
426 4545 457 4600 in
482 4548 521 4601 60
546 4551 574 4602 et
597 4546 732 4620 quaesivi
755 4554 895 4620 punctum
919 4550 987 4621 post
1010 4562 1109 4620 sesag.
1135 4551 1163 4605 3.
1190 4543 1326 4606 93011‘.
1365 4545 1398 4604 ld
1415 4560 1508 4622 ponc-

149 4644 209 4691 tum
240 4632 295 4691 leci
327 4632 443 4689 initium
473 4630 571 4689 circuli
606 4641 634 4690 et
657 4632 694 4689 ab
719 4649 754 4690 co
777 4632 911 4708 inscripsi
940 4649 1102 4708 sexagenas
1133 4640 1162 4692 et
1189 4631 1330 4708 graduum
1361 4633 1505 4690 denarios.

149 4718 241 4793 Tem,
271 4718 352 4796 quod
375 4735 466 4795 snpra
488 4717 700 4795 anrplissimum
729 4718 867 4778 circulum
893 4720 1055 4787 eminebat,
1079 4721 1205 4792 romoni,
1233 4720 1309 4780 hane
1337 4717 1506 4780 inminutum

151 4806 204 4866 ieci
230 4806 268 4865 sd
290 4806 418 4867 electum
442 4804 560 4879 regulae
584 4816 723 4882 punctum
754 4805 980 4884 adhaerescere,
1008 4805 1060 4866 sed
1090 4813 1188 4865 tumen
1216 4808 1391 4867 exemtiIem.
1436 4804 1505 4863 lam

151 4894 277 4954 tabulam
299 4911 427 4956 aeneam
450 4893 526 4953 intra
548 4893 702 4955 andiacum
726 4894 768 4954 lta
792 4894 847 4953 leci
871 4892 1019 4969 mobilem,
1044 4900 1076 4953 nt
1099 4900 1129 4954 et
1151 4910 1250 4956 mucro
1264 4895 1378 4959 zodiaci
1392 4909 1507 4974 semper
