3308 5534
509 378 599 443 110100
616 383 645 443 10
664 384 804 443 Somnium
820 386 1049 444 1010000010οω.
1218 332 1226 343 ᾗ
1419 390 1463 464 61

98 560 217 619 i'olram
232 562 261 619 ln
279 562 407 621 0010οι011
425 562 487 635 ejus
503 562 595 635 plaga.
631 563 723 633 Atque
740 562 795 621 boc
813 563 973 623 0000111110
991 564 1059 621 10010
1077 562 1181 635 Lunae,
1199 580 1271 637 quse
1287 568 1384 624 00010
1402 568 1463 639 ejus

97 641 196 713 eclipsi
214 642 294 701 ralde
311 645 412 701 rubere
428 643 561 703 ridemus.
595 644 648 701 llic
666 645 739 701 enim
756 646 841 701 rubor
857 660 967 701 causam
985 645 1070 702 habet
1087 645 1180 702 radios
1199 646 1270 703 Solis
1288 647 1435 703 reirtctoe.

205 723 267 781 tet.
287 723 325 779 lit
342 723 453 795 quidem
471 724 549 781 Luna
564 740 617 796 per
633 740 787 797 apogaeum
808 725 961 782 incedente.
996 726 1067 782 llam
1085 726 1278 797 experimentis
1297 727 1465 784 observatio·

96 816 162 859 unm
180 808 306 874 00001οι,
327 802 422 859 radios
440 802 512 861 Solis
533 804 669 863 retractos
686 805 799 863 inferius
815 806 943 876 trajicere
960 808 1094 877 ambron,
1118 823 1267 879 apogaeum
1285 810 1392 865 Lunam
1409 824 1464 867 nou

97 899 222 955 00000001.

208 962 270 1021 tet.
285 962 422 1019 Nimirum
445 962 517 1019 inest
539 962 675 1019 interdum
696 956 805 1036 101000
821 964 938 1021 materia
961 980 1091 1035 raporum
1115 963 1164 1021 lux
1182 962 1274 1037 aliqum
1297 962 1463 1035 prodigiosa,

96 1058 154 1099 aon
171 1042 288 1099 veniens
305 1058 324 1099 a
341 1042 418 1111 Sole,
446 1058 535 1111 neque
558 1060 609 1114 per
625 1046 727 1114 primos
743 1045 849 1113 radios,
874 1058 964 1111 neque
987 1058 1038 1113 per
1055 1045 1201 1101 secundos.
1239 1046 1306 1101 cnm
1323 1044 1352 1101 id
1369 1044 1419 1101 liat
1436 1044 1465 1099 10

95 1130 161 1179 aere
177 1123 313 1191 wrreeui,
330 1122 433 1193 poterit
450 1122 546 1178 codem
564 1122 645 1177 modo
662 1123 722 1179 lieri
739 1124 821 1181 011010
838 1124 867 1179 10
884 1122 981 1179 lunari.

204 1202 267 1259 197.
284 1202 370 1257 Terra
387 1200 468 1271 euim,
485 1216 536 1255 sen
553 1200 653 1270 Volva,
671 1201 839 1259 illuminatur
856 1202 939 1258 etiam
957 1216 974 1257 a
995 1201 1076 1257 Luna
1092 1202 1174 1272 plena
1191 1202 1362 1273 acquiritque
1378 1216 1414 1257 ea
1432 1216 1466 1259 ea

98 1278 303 1335 illuminatione
320 1282 458 1350 quandam
476 1280 639 1337 albedinem.
672 1280 807 1349 Quamdiu
824 1298 889 1351 erpo
907 1297 962 1337 non
979 1288 1038 1337 tota
1055 1282 1135 1337 Luna
1152 1292 1301 1351 conspectu
1321 1280 1394 1337 90110
1410 1280 1465 1353 prl-

97 1368 184 1428 ratnr,
203 1358 254 1417 sed
274 1361 464 1417 tautummodo
475 1359 626 1427 cumpinum
638 1360 776 1431 alteruter,
794 1360 849 1417 boc
866 1368 909 1416 est
927 1359 1052 1415 divisoris
1070 1360 1165 1415 circuli
1184 1376 1248 1431 pars
1265 1358 1405 1414 edentulis
1421 1356 1465 1415 rel

99 1438 295 1509 accidentalis,
319 1456 409 1511 neque
428 1439 515 1494 Volva
540 1455 596 1495 nna
617 1455 679 1495 curn
698 1440 763 1495 Sole
785 1440 896 1509 penitus
914 1440 946 1495 lit
964 1438 1154 1508 inconspicua,
1179 1438 1228 1493 sed
1247 1438 1338 1493 Solem
1356 1434 1465 1505 quidem

98 1518 137 1575 illi
154 1520 279 1591 margini
294 1520 391 1577 Lunae
409 1519 530 1577 occultat
547 1528 645 1583 totum,
663 1521 725 1591 ipsa
741 1535 805 1576 rern
824 1534 875 1575 000
892 1518 1017 1575 albedine
1030 1536 1047 1573 0
1058 1518 1139 1573 Luna
1156 1524 1269 1587 accepta
1280 1516 1398 1571 vicissim
1409 1514 1465 1571 illis

98 1598 226 1655 lunicolia
244 1606 291 1655 est
307 1600 464 1668 conspicua.
500 1599 571 1654 Sunt
587 1608 678 1655 nutem
696 1600 766 1656 banc
783 1599 899 1655 contuse
916 1600 1027 1668 scripta,
1045 1612 1096 1652 neo
1114 1596 1214 1653 debent
1232 1596 1345 1665 intelllgi
1363 1596 1398 1652 de
1415 1594 1464 1651 ali·

100 1694 152 1747 qna
169 1676 356 1747 eclipsatione
375 1678 484 1741 volvae,
504 1678 552 1733 sed
571 1676 606 1733 de
625 1678 762 1734 ordinaria
779 1676 960 1733 exstinctione
977 1678 1005 1731 iu
1023 1674 1184 1743 norirolrio,
1203 1676 1274 1733 sicut
1291 1676 1369 1733 noble
1387 1677 1466 1733 Luna

102 1756 292 1825 merantur
308 1756 337 1811 10
354 1755 428 1811 omni
445 1756 594 1811 novilunio.

209 1835 272 1891 198.
290 1835 414 1890 Medium
432 1834 475 1890 bic
493 1834 588 1904 accipe
606 1851 661 1891 non
678 1843 806 1905 respectu
824 1832 969 1905 singularis
987 1833 1042 1889 1001
1058 1834 1185 1903 inLuna,
1204 1836 1253 1891 sed
1271 1834 1356 1891 totins
1373 1850 1467 1891 morae

102 1914 199 1970 Lunae
217 1916 247 1971 iu
266 1914 364 1969 umbra
382 1914 496 1981 'lerrne3
524 1923 589 1969 tnnc
613 1914 684 1969 euim
702 1915 782 1969 Luna
805 1930 901 1971 carens
919 1915 980 1983 ipsa
998 1914 1113 1981 lumine,
1138 1914 1242 1971 nullum
1260 1914 1342 1972 011000
1360 1914 1467 1985 spargit

100 1994 127 2049 in
144 1992 264 2049 Terram
281 2008 333 2049 seu
351 1992 474 2059 volvam,
490 2000 522 2049 nt
538 2008 610 2063 quse
628 2000 695 2047 tuuc
711 1994 761 2048 toti
778 1994 874 2049 Lunae
890 2002 978 2049 toturn
996 1992 1089 2048 Solem
1106 1993 1274 2064 intersepsit.

208 2072 273 2129 199.
291 2072 338 2127 Sic
359 2071 441 2127 etiam
463 2071 559 2139 accipe
581 2086 677 2127 rocca:
702 2069 826 2127 deiectus
844 2070 916 2126 Solis
937 2070 1011 2141 apud
1035 2070 1145 2127 lunares
1161 2072 1272 2127 maximi
1292 2080 1320 2131 et
1337 2088 1391 2127 000
1409 2086 1467 2127 ma·

102 2148 175 2219 sinui,
194 2158 229 2205 ut
245 2149 433 2218 respondeant
444 2148 539 2217 eclipsi
552 2150 648 2207 Lunae
666 2150 739 2222 apud
758 2150 899 2207 terricolas
916 2151 996 2205 totali
1014 2158 1043 2206 et
1059 2151 1177 2221 partiali.
1202 2151 1235 2207 ln
1253 2152 1378 2209 omnibus
1389 2152 1466 2208 hisco

99 2244 193 2285 rocem
214 2228 377 2285 deiectionis
395 2228 437 2283 rel
455 2226 580 2283 deiectus
597 2229 671 2284 scier
687 2229 722 2283 ad
735 2226 835 2297 Solem,
853 2228 889 2283 ad
907 2228 1019 2285 volvam
1038 2246 1093 2285 000
1112 2230 1204 2300 aliter,
1228 2246 1308 2301 qnam
1327 2237 1463 2299 00010000

102 2308 135 2363 nb
152 2309 252 2364 Solem
270 2307 442 2363 deiicientem
460 2306 542 2362 etiam
559 2307 608 2362 lux
626 2308 698 2364 Solis
715 2323 732 2362 0
750 2308 846 2364 Lunae
864 2308 947 2379 globo
970 2324 1133 2379 repercussa
1155 2309 1182 2363 in
1200 2310 1314 2365 Terram
1336 2326 1386 2365 seu
1402 2308 1467 2365 Vol-

101 2402 161 2441 ram
180 2386 293 2457 deficit;
310 2398 343 2444 nt
359 2387 399 2442 ita
415 2386 502 2441 Volva
519 2386 593 2442 90110
610 2388 718 2457 quidem
737 2388 865 2459 primario
883 2386 983 2443 lumine
1001 2395 1094 2443 carent
1111 2395 1224 2457 propter
1241 2399 1400 2445 consuetum
1418 2402 1467 2443 no·

102 2463 259 2531 0100101οι0,
277 2466 373 2521 Lunae
390 2480 455 2520 vero
472 2464 574 2521 lumine
591 2467 754 2523 secundario
769 2466 851 2521 etiarn
869 2474 982 2536 propter
1000 2466 1090 2522 Solem
1108 2466 1249 2524 lunaribus
1267 2468 1436 2537 eclipsatum.

210 2545 411 2601 2911000010
433 2543 543 2600 luminis
566 2543 686 2602 calorem
704 2545 840 2615 (quamvis
862 2544 890 2601 id
913 2544 958 2599 rix
982 2545 1019 2600 sit
1036 2546 1208 2614 quindecima
1230 2562 1297 2617 pars
1314 2546 1349 2601 de
1366 2546 1468 2603 lumine

102 2623 222 2693 l'olrse)
240 2624 307 2679 licet
324 2624 403 2682 nobis
422 2623 567 2693 explorare
583 2632 668 2693 tuctu,
685 2636 745 2679 arte
758 2622 866 2693 quidem
879 2622 1014 2691 adiutum.
1037 2624 1109 2679 Nam
1121 2623 1145 2680 si
1159 2626 1250 2681 radios
1263 2626 1358 2683 Lunae
1368 2623 1469 2695 plenae

103 2706 227 2776 excipias
244 2705 360 2775 speculo
378 2720 445 2761 caro
462 2704 620 2775 parabolico
637 2712 686 2760 aut
704 2705 786 2761 etiarn
805 2702 963 2772 sphaerico,
980 2702 1082 2760 senties
1099 2702 1127 2757 iu
1145 2701 1206 2758 loco
1224 2703 1286 2765 ioci,
1303 2702 1350 2760 ubi
1367 2708 1469 2760 coeunt

102 2786 184 2850 radii,
211 2783 289 2842 relnt
309 2785 424 2842 halitum
441 2784 577 2855 quendam
601 2785 733 2854 tepidum.
768 2784 829 2838 Hoc
850 2781 917 2838 milri
941 2781 1056 2853 contigit
1072 2780 1170 2845 Lincii,
1192 2782 1385 2852 experimentis
1408 2782 1468 2837 allis

103 2864 298 2933 specularibus
314 2866 429 2931 intento,
446 2882 508 2921 cnm
526 2863 561 2918 de
578 2862 669 2919 calore
688 2862 798 2919 luminis
815 2878 870 2917 nou
883 2860 1040 2931 cogitarem.
1065 2861 1279 2933 circumspicere
1291 2863 1363 2921 euim
1379 2862 1467 2939 coepi,

104 2958 165 2998 num
185 2944 251 3014 qnia
269 2960 378 3000 manum
394 2959 483 3000 meam
501 2942 616 2999 afflaret

211 3023 286 3078 11000
303 3038 367 3078 sero
386 3021 559 3091 splendorem
576 3020 652 3077 hunc
668 3020 772 3077 Volcae
795 3020 837 3090 (id
854 3026 898 3077 est
914 3021 1016 3077 Terrae
1034 3026 1147 3077 nostrae
1164 3035 1181 3075 a
1199 3018 1263 3076 9010
1285 3019 1468 3091 illuminatae)

104 3100 260 3170 10000000
280 3100 505 3163 calefacientinm,
524 3101 686 3170 probatione
704 3115 757 3154 000
775 3099 895 3171 indiget:
915 3115 975 3156 cnm
994 3098 1130 3155 interdurn
1147 3108 1225 3155 tanta
1242 3098 1379 3154 radiorum
1397 3096 1469 3154 Solis

106 3182 142 3235 sit
158 3181 294 3237 violentis
311 3198 363 3251 per
380 3187 520 3248 aestatem,
541 3190 571 3235 nt
588 3180 681 3243 silruc,
698 3188 730 3233 nt
748 3186 821 3232 tecta
838 3178 928 3249 lignea
946 3178 1068 3246 ardeant,
1086 3178 1196 3248 quaudo
1217 3179 1313 3247 vulgus
1331 3177 1468 3233 incendia·

103 3259 158 3313 rina
175 3274 242 3315 reos
269 3259 389 3328 subjicit.
424 3258 495 3327 Quid
518 3267 576 3315 turn
600 3258 697 3329 igitur,
722 3256 745 3312 si
764 3256 961 3327 qninquaginta
984 3256 1102 3313 millibus
1119 3258 1274 3313 milliarium
1291 3259 1370 3313 Luna
1388 3257 1468 3313 abest

103 3338 137 3393 ab
155 3340 212 3395 boc
231 3339 334 3409 calore,
352 3356 413 3395 curn
431 3339 545 3393 remotio
563 3340 694 3403 maiorem
707 3336 788 3389 etiam
807 3346 835 3390 et
846 3335 928 3404 plane
940 3335 1141 3406 hemisphaerio
1158 3338 1310 3409 proximam
1327 3336 1401 3407 globi
1413 3344 1466 3392 ter·

105 3420 202 3475 0001010
220 3430 329 3488 partem
346 3419 427 3475 simul
446 3419 474 3473 in
492 3428 668 3486 conspectum
687 3415 752 3470 deti
967 3454 975 3475 .

210 3500 275 3556 201.
291 3500 352 3554 lloc
370 3514 420 3568 per
431 3513 462 3553 se
474 3511 570 3567 parurn
582 3506 633 3565 est,
652 3496 681 3549 in
694 3496 819 3563 congerie
835 3504 925 3551 tamen
942 3510 1086 3551 cansarum
1104 3495 1176 3551 iorte
1193 3494 1294 3567 negligi
1307 3510 1361 3549 000
1373 3493 1465 3550 debet.
1479 3524 1483 3531 ·

105 3578 175 3635 'lota
192 3578 268 3633 euim
287 3577 421 3633 diametro
439 3577 508 3632 coeli
526 3575 621 3631 Lunae
639 3574 687 3631 Sol
704 3575 812 3647 longius
830 3574 909 3630 abest
927 3591 944 3631 a
961 3576 1135 3631 subvolvanis
1154 3576 1182 3632 in
1200 3575 1366 3641 novivolrio,
1384 3590 1465 3645 qnam

105 3675 122 3714 0
139 3659 274 3730 prirolris
291 3658 319 3713 in
338 3672 404 3713 snae
422 3656 476 3711 diei
493 3657 591 3712 medio.

212 3740 273 3795 ten
293 3738 458 3806 Conjectnra
481 3744 523 3791 est
549 3735 714 3807 probabilis,
740 3750 793 3789 non
818 3733 1014 3791 demonstratio
1038 3734 1127 3805 plena.
1169 3736 1294 3791 'l'radunt
1320 3734 1400 3806 periti
1425 3734 1466 3790 rei

106 3818 241 3887 nauticae,
253 3818 373 3885 maiores
385 3832 447 3873 0000
458 3825 550 3872 aestus
562 3816 644 3870 maris
657 3815 685 3868 iu
697 3813 802 3881 copulis
816 3812 995 3880 luminarium,
1008 3829 1090 3883 qaum
1103 3816 1129 3870 in
1142 3814 1262 3883 quadris.
1287 3817 1324 3871 At
1341 3824 1465 3869 aestuum

106 3900 186 3954 maris
206 3912 309 3952 000000
325 3897 452 3951 ridentur
469 3910 531 3951 esse
548 3908 666 3963 corpora
684 3893 755 3948 Solis
773 3900 803 3947 et
819 3893 927 3961 Lunae,
944 3893 1082 3948 trahentia
1099 3909 1186 3962 squas
1204 3893 1286 3949 maris
1304 3892 1329 3947 ri
1347 3892 1465 3961 quadam

107 3976 278 4049 magnetieae
300 3976 389 4032 simili.
426 3974 523 4031 'l'rsblt
544 3989 610 4027 vero
637 3980 666 4027 et
683 3988 783 4040 corpus
801 3971 903 4026 Terrae
920 3988 1004 4042 aquas
1023 3988 1102 4035 snas,
1128 3990 1209 4041 quam
1232 3989 1282 4029 uos
1305 3973 1466 4043 pravitatem

107 4056 229 4111 11010000
268 4054 339 4122 Quid
358 4053 471 4124 impedit
488 4054 572 4124 igitur
589 4052 655 4121 quin
673 4050 805 4120 dicamus,
828 4050 940 4105 Terram
958 4052 1039 4106 etium
1058 4052 1168 4109 lunares
1185 4070 1271 4123 equus
1288 4053 1411 4121 trabere,
1429 4052 1464 4106 si·

106 4146 151 4192 cnt
167 4136 250 4191 Luna
268 4134 354 4190 trabit
371 4135 535 4190 terrestres?
559 4132 621 4188 Hoc
638 4132 711 4197 dato,
731 4132 754 4188 si
768 4132 825 4201 jarn
845 4132 888 4188 rel
906 4136 1003 4188 creent
1015 4132 1061 4189 Sol
1080 4141 1108 4188 et
1120 4132 1206 4188 Volva
1224 4134 1266 4189 rel
1284 4138 1465 4203 opponantur,

107 4213 274 4271 adunabitur
294 4213 414 4283 ipsarum
438 4214 478 4268 vis
499 4211 638 4268 uectoria.
675 4211 742 4265 Cum
761 4220 851 4267 autem
874 4210 972 4279 juncta
990 4228 1105 4282 cnmora
1122 4212 1168 4267 din
1184 4212 1345 4268 inhaereant
1369 4208 1466 4265 vertici

106 4293 344 4363 tubrolssnorunr,
363 4308 415 4349 nee
432 4294 471 4349 ita
487 4304 604 4362 propere
623 4289 779 4353 discedant,
800 4297 830 4345 ut
847 4305 864 4344 0
881 4290 1018 4345 terrestris
1037 4291 1132 4347 oceani
1149 4290 1305 4355 verticibus,
1323 4288 1466 4345 videbatur

106 4374 172 4429 satia
192 4388 256 4429 esse
275 4374 407 4442 temporis
425 4372 461 4428 ad
478 4370 625 4428 eliciendas
643 4382 737 4422 omnes
755 4382 842 4435 aquas
860 4384 895 4423 cx
913 4385 969 4425 uno
986 4370 1189 4440 hemisphaerio
1205 4369 1234 4425 in
1251 4368 1333 4425 aliud.
1363 4368 1465 4422 Verum

108 4452 185 4509 deest
203 4452 308 4522 aliquid
327 4452 391 4507 huic
409 4448 617 4505 ratiocinationi.
653 4447 690 4502 Ut
706 4446 777 4501 euim
796 4447 849 4502 hoc
865 4449 929 4518 liat,
948 4460 1057 4517 oportet
1073 4458 1158 4506 toturn
1178 4450 1274 4506 Lunae
1292 4444 1464 4519 superficient

105 4544 201 4605 putere
218 4532 310 4587 undis.
328 4546 379 4587 uec
395 4531 502 4600 uspiam
519 4526 601 4597 objici
619 4526 706 4583 litora.
733 4526 812 4581 Nunc
830 4536 921 4583 antem
941 4527 1044 4583 detexit
1061 4528 1141 4583 nobis
1152 4528 1330 4597 telcscopinm
1349 4534 1463 4593 montes,

106 4611 191 4667 colles
210 4620 240 4665 et
258 4610 341 4665 litora
358 4611 496 4664 immense.
531 4608 646 4678 Oportet
662 4606 745 4675 igitur
762 4618 906 4675 perruptus
925 4622 986 4662 esse
1003 4605 1065 4661 illos
1084 4607 1158 4662 velut
1176 4622 1288 4676 aggeres
1307 4602 1422 4658 collibus
1434 4608 1464 4655 et

105 4692 189 4749 100010
212 4700 343 4759 tanquam
369 4689 496 4745 scissuris
518 4686 745 4758 profundissimis,
763 4694 795 4741 ut
812 4694 919 4743 tautum
938 4701 1069 4756 aquarum
1087 4702 1121 4740 ex
1145 4699 1201 4740 uno
1218 4678 1417 4749 hemisphaerio
1433 4678 1462 4733 lu

105 4772 179 4829 alind
197 4786 307 4828 rursum
330 4784 512 4841 pressumque
527 4782 678 4824 commeare
699 4766 796 4836 possit
832 4766 865 4822 ld
882 4766 1016 4836 untisper
1033 4764 1190 4833 credamus,
1208 4760 1272 4817 dum
1290 4758 1350 4827 quis
1368 4754 1462 4829 expio·

105 4860 179 4909 rator
197 4851 228 4909 ln
243 4865 303 4909 rem
320 4859 495 4922 praesentem
512 4852 567 4905 eat.
