3308 5534
220 390 264 457 84
740 384 902 443 Pluttrclrut
919 384 954 439 de
971 384 1053 439 fecie

213 576 325 629 terrum
346 576 378 627 et
398 580 480 625 mure
502 566 532 623 in
554 562 659 627 codem
681 563 748 627 loeo
771 564 942 626 vernantia?
978 562 1040 625 b'ec
1062 580 1128 623 earn
1149 580 1215 623 rese
1240 562 1372 627 dividere
1394 568 1485 643 inque
1507 584 1575 627 err·

212 673 281 717 nem
306 654 404 715 venire
426 663 456 714 et
479 653 508 711 iu
531 670 638 713 nereos
662 664 693 713 et
715 653 858 713 medulinn
887 652 1134 729 passionibusque
1163 652 1282 711 infinitis
1311 670 1377 713 cum
1399 654 1575 715 bunidimte

217 744 379 818 (objectum
402 742 488 813 beri).
533 739 612 815 Quid
644 757 715 801 vero
746 742 830 799 nobis
853 738 971 815 Jupiter
994 742 1064 809 iste,
1096 742 1120 795 si
1144 758 1198 797 son
1222 742 1313 816 ipsius
1334 758 1441 801 nutura
1463 757 1574 810 ututur,

213 846 330 889 turtum
353 840 411 902 ert,
442 844 566 903 mugnus
588 846 630 888 te.
653 838 684 887 et
706 832 893 887 continuetus
917 824 1067 903 ignts¹⁵pi
1112 830 1151 885 At
1174 844 1251 887 nune
1273 839 1302 887 et
1324 827 1443 887 bomilia
1466 830 1577 889 incedit

214 927 246 977 et
266 918 423 977 reflectitur
445 928 474 975 et
498 916 657 991 liguratur,
686 934 788 975 vernus
812 918 840 972 in
864 932 965 973 omnes
988 932 1034 973 ren
1059 918 1239 991 vertiturque
1267 916 1400 991 quotidie
1423 920 1453 973 in
1475 928 1576 977 mut·

214 1006 437 1065 mutationibus.
468 1002 572 1077 ltaque
596 1002 662 1063 vide
685 1006 736 1075 nis,
759 1002 882 1071 miselle,
906 1020 942 1061 ne
965 1004 991 1059 ei
1015 1002 1172 1061 transierat
1194 1016 1223 1061 et
1246 1002 1376 1062 abduces
1392 1020 1452 1063 rem
1468 1022 1577 1079 quum·

214 1092 288 1153 tibet
309 1110 345 1151 co
369 1108 493 1151 versum.
518 1090 568 1148 ubi
591 1101 714 1149 natusne
738 1108 810 1149 tune
825 1090 891 1165 lege
907 1103 961 1157 ent,
985 1088 1208 1148 dissolutionem
1231 1090 1360 1166 uliqunrn
1383 1092 1484 1150 mundi
1508 1110 1576 1151 cum

215 1178 418 1255 rpeculutione
442 1194 492 1234 tun
516 1178 602 1235 nobit
624 1178 839 1253 pbilosoplrerit
863 1177 1001 1251 litemque
1026 1176 1251 1252 Empedoclem
1280 1178 1367 1237 rebus
1390 1174 1577 1255 inreburffit.

217 1268 276 1325 imo
292 1284 328 1325 ne
354 1279 464 1323 eeteree
483 1267 549 1321 ilice
564 1264 687 1323 'liutius
711 1267 738 1321 in
755 1277 889 1323 nuturnm
906 1268 1043 1322 immittas
1059 1275 1089 1323 et
1104 1262 1246 1339 Gigantes
1263 1277 1292 1323 et
1306 1264 1472 1325 tubulorum
1495 1266 1578 1325 illum

215 1352 424 1429 horridumque
447 1352 647 1409 contusionem
670 1356 901 1425 erectionemque
925 1352 1010 1407 notris
1033 1352 1071 1411 ob
1094 1352 1197 1410 oeulos
1211 1368 1320 1427 ponere
1342 1352 1468 1427 labotes,
1492 1370 1578 1413 teor·

217 1442 275 1501 uim
297 1439 436 1517 quioquid
460 1440 579 1497 omnino
602 1454 646 1497 eet
669 1456 769 1515 grute,
793 1444 913 1499 teoreim
936 1442 1035 1509 etiarn,
1059 1438 1137 1515 qnod
1162 1438 1244 1497 lere:

471 1568 528 1627 llic
552 1566 604 1623 ott
625 1586 675 1625 nce
704 1568 781 1627 Solis
802 1568 1010 1643 pulcherrimo
1030 1568 1128 1645 sulpct
1151 1572 1261 1643 immeo,

473 1654 534 1713 Noc
557 1664 653 1713 terroe
677 1676 771 1731 pertus
796 1658 957 1731 hirsutum,
981 1674 1035 1714 nec
1057 1655 1167 1713 ranittts
1189 1656 1309 1729 humor,

221 1800 253 1847 ut
274 1789 355 1847 earm
385 1784 592 1863 buprdoeier.
623 1788 674 1844 ubi
702 1804 759 1845 c-on
782 1790 820 1845 nit
841 1786 931 1845 Terre
954 1788 1098 1861 particeps
1122 1784 1240 1856 coloris,
1269 1802 1325 1845 nec
1345 1803 1424 1861 uque
1446 1790 1578 1865 spiritur,

217 1892 273 1935 nee
295 1892 429 1949 grumum
452 1875 563 1949 noque-t
588 1892 731 1949 apenos,
754 1892 807 1933 nec
830 1874 938 1931 levium
963 1872 1033 1949 quid
1056 1874 1147 1945 inlrn;
1169 1871 1220 1931 ted
1244 1876 1428 1948 impermixta
1450 1886 1480 1935 et
1503 1878 1578 1935 irre-

217 1967 317 2021 rirretn
339 1976 447 2019 notun
470 1978 577 2019 ezzone
596 1964 802 2031 numerantis,
825 1976 855 2019 et
877 1962 1009 2019 soiitnrin
1032 1962 1233 2019 universorum
1255 1962 1408 2038 principie,
1423 1980 1502 2037 quoe
1517 1980 1577 2022 non

217 2050 379 2109 uiuerint
409 2054 624 2107 concretionem
647 2048 829 2107 disertorum
853 2052 927 2107 inter
949 2066 981 2107 ne
1004 2050 1290 2121 communionemrc,
1320 2048 1372 2107 sed
1396 2066 1474 2124 quae
1497 2052 1578 2111 relu-

216 2142 301 2215 gint
323 2152 352 2195 et
384 2148 573 2193 utre-emen.-
601 2154 631 2195 ···:
654 2150 756 2195 mutuo
788 2136 974 2211 feranturque
1002 2136 1119 2211 singulo
1145 2136 1274 2193 motibus
1305 2138 1366 2195 sois
1397 2140 1524 2214 propriis
1547 2148 1579 2197 et

216 2228 412 2300 tinguntur
438 2242 542 2299 cuque
566 2226 650 2299 qussi
672 2226 745 2297 jutis
769 2226 894 2299 prirnti3
918 2224 1056 2293 breviter,
1080 2240 1155 2297 qone
1179 2226 1222 2281 sic
1245 2224 1301 2281 nint
1325 2238 1511 2299 compurntn,
1534 2228 1579 2283 ni-

216 2327 265 2373 ωε
289 2326 333 2369 ert
356 2328 554 2387 europaeorum
580 2326 673 2369 totum
696 2314 874 2369 universum.
897 2328 962 2369 curn
987 2312 1025 2367 nb
1047 2327 1083 2368 eo
1108 2310 1189 2367 lietts
1212 2310 1296 2367 obest
1318 2310 1479 2371 secundom
1503 2312 1577 2371 Plu·

216 2412 314 2459 toncut
350 2400 378 2455 id
402 2414 456 2456 ert.
482 2412 513 2455 ut
538 2400 633 2455 solent
655 2418 720 2457 csse
742 2415 866 2475 corporo
889 2416 906 2457 u
929 2407 1025 2455 mente
1048 2408 1077 2455 et
1099 2399 1198 2456 nninrn
1220 2396 1344 2466 deserto,
1368 2398 1466 2473 quood
1483 2416 1579 2477 unque

216 2488 392 2546 desiderium
417 2490 602 2561 superveniat
626 2500 762 2557 naturae,
787 2504 821 2543 ex
845 2484 1048 2560 providentioe
1071 2482 1277 2559 dispositione,
1301 2486 1419 2559 qtrnndo
1446 2490 1579 2547 amicitia

216 2578 246 2635 in
269 2592 306 2633 eu
328 2578 436 2632 existit.
460 2586 489 2632 ct
513 2572 613 2631 Venus
636 2584 666 2633 et
690 2574 789 2645 Amor,
814 2582 845 2631 nt
869 2572 969 2629 dicunt
987 2570 1186 2647 Empedocles,
1211 2570 1398 2631 Parmeniden
1421 2583 1451 2634 et
1467 2574 1578 2633 llesio·

216 2662 288 2732 duct
318 2674 350 2719 ot
380 2672 409 2719 et
431 2660 498 2719 loen
520 2662 593 2719 iocis
615 2669 780 2738 permutent
802 2668 831 2717 et
855 2658 1009 2718 lncoltntes
1032 2660 1070 2717 nb
1093 2660 1218 2718 invicem
1249 2671 1430 2731 mutuentur,
1462 2672 1492 2721 et
1516 2664 1578 2721 eliu

215 2748 334 2827 quidem
357 2758 470 2821 motus,
493 2748 553 2806 ulin
576 2752 683 2823 quietis
704 2746 920 2807 necessitudine
943 2745 1067 2821 religntn
1090 2756 1118 2805 et
1141 2758 1244 2805 conctn
1266 2746 1304 2805 ud
1323 2746 1350 2803 id
1373 2747 1453 2823 quod
1469 2750 1576 2809 melion

217 2846 262 2899 cet
285 2834 439 2913 proliciunt
461 2846 759 2911 trnrrsmutenturqne,
784 2842 962 2893 concentum
985 2842 1012 2889 et
1033 2838 1278 2893 communionem
1298 2836 1469 2909 perficiunt.

320 2922 396 2983 Num
417 2926 442 2979 si
465 2940 561 2997 neque
583 2922 665 2981 uliud
689 2922 809 2997 nliqootl
832 2938 867 2981 er
891 2920 1027 2979 membris
1059 2920 1158 2977 mnndi
1188 2932 1303 2996 praeter
1333 2934 1468 2981 nntoruut
1492 2940 1578 2983 suum

214 3028 281 3073 neno
304 3010 425 3079 lrnbnit,
447 3008 499 3068 ned
522 3008 767 3085 unumquodlibet
790 3010 830 3067 ibi
853 3012 941 3066 situm
964 3018 1024 3077 est,
1048 3008 1098 3064 ubi
1117 3006 1255 3067 collocuti
1277 3018 1378 3085 uptnm
1403 3022 1505 3069 netum
1522 3022 1578 3081 est,

215 3097 299 3159 nullu
323 3097 561 3169 trontius-atione,
585 3098 668 3155 nullu
690 3099 923 3155 trnnsornntione
946 3094 1084 3166 tinctorem,
1109 3111 1162 3153 nec
1184 3112 1261 3153 none
1283 3114 1337 3155 nee
1360 3098 1389 3154 in
1412 3100 1576 3174 principio:

215 3184 375 3257 dubitabo,
406 3184 555 3261 quodnam
579 3183 782 3260 providentiae
806 3183 988 3257 relinquntur
1010 3198 1101 3258 opos,
1132 3192 1182 3239 nttt
1206 3200 1334 3258 quonum
1356 3185 1496 3260 figmento
1520 3201 1576 3244 stro

217 3274 337 3349 glorinri
359 3274 462 3347 proruit,
486 3274 571 3349 eujus
594 3274 656 3348 ipso
679 3272 794 3329 dicutur
816 3272 934 3329 effector
956 3280 985 3327 et
1007 3280 1091 3345 puter
1105 3266 1222 3343 Jupiter
1245 3270 1294 3329 iilo
1309 3274 1437 3347 optimos
1459 3275 1576 3332 nrtileu.

217 3360 294 3421 Num
316 3377 413 3435 neque
437 3362 466 3415 in
488 3360 617 3419 exercitu
641 3375 716 3434 opus
738 3361 793 3417 erit
822 3356 1013 3416 metntoribtrs
1036 3367 1065 3415 et
1094 3358 1167 3415 nelei
1196 3358 1382 3417 instruendae
1404 3362 1526 3436 peritis,
1550 3362 1576 3419 ri

215 3448 324 3523 singuli
348 3447 472 3505 militnm
497 3448 552 3522 ipsi
576 3464 594 3504 n
616 3464 647 3503 se
672 3448 742 3521 ipsis
765 3448 904 3504 sciverint
934 3456 962 3503 et
991 3442 1121 3501 ordinem
1150 3456 1179 3501 et
1202 3446 1358 3503 stationem
1380 3456 1410 3503 et
1439 3448 1576 3507 occasio-

213 3550 298 3607 nem,
331 3550 408 3610 queo
431 3536 470 3592 sit
490 3532 667 3608 arripiendo,
691 3534 797 3608 cuique
819 3536 857 3591 sit
880 3530 1094 3591 insidiandum:
1123 3548 1219 3605 neque
1240 3530 1402 3590 hortulanis
1426 3534 1576 3605 indigebi-

215 3638 289 3693 mut,
314 3638 409 3695 nequo
432 3621 529 3693 tuleris,
554 3624 578 3677 si
604 3621 663 3679 illic
685 3619 804 3695 quidetrt
819 3638 898 3695 uqon
913 3620 978 3693 ipen
992 3635 1043 3695 per
1057 3634 1123 3677 sese
1138 3628 1242 3676 trnturn
1258 3619 1342 3678 adest
1356 3620 1454 3679 berbin
1469 3624 1577 3681 sitien·

216 3712 294 3769 tibus
309 3724 419 3782 utroquo
434 3710 510 3783 rigat
525 3708 645 3777 nlilustt,
670 3706 717 3766 ltio
734 3724 803 3766 vero
819 3707 933 3779 luteres,
957 3704 1047 3775 ligeto,
1070 3704 1193 3780 lepidos,
1219 3707 1403 3766 naturalibus
1418 3710 1577 3767 momentis

214 3804 243 3855 et
267 3796 387 3853 notibus
408 3797 530 3853 nitentia
554 3793 704 3853 decentem
721 3794 816 3853 loettrn
833 3809 1090 3868 eotrrnrennutnquo
1106 3802 1260 3867 occupant.
1285 3792 1336 3851 Sin
1353 3804 1452 3853 notem
1467 3793 1577 3871 lruJun·

215 3882 294 3941 modi
317 3884 412 3942 orntio
435 3880 649 3959 providentium
665 3898 780 3941 omnem
796 3881 873 3941 tollit
889 3880 1029 3952 fonditus,
1055 3880 1110 3939 liei
1136 3897 1205 3938 vero
1228 3884 1376 3956 proprium
1399 3894 1453 3951 est,
1477 3896 1577 3959 putres

214 3970 315 4029 mundi
338 3968 492 4043 disponere
515 3980 543 4027 et
567 3969 761 4039 distinguere,
785 3970 856 4045 quid
879 3968 955 4027 odeo
978 3970 1099 4035 oricum,
1122 3970 1148 4025 si
1170 3974 1275 4024 nntnrn
1298 3970 1340 4025 sic
1363 3979 1408 4029 est
1430 3968 1578 4045 disponite

214 4067 244 4116 et
267 4060 456 4127 concinnato,
481 4065 511 4114 ttt
535 4056 582 4114 lrio
604 4056 722 4131 quidem
745 4060 782 4115 sit
807 4060 897 4129 ignis,
922 4057 961 4113 tbi
986 4073 1055 4114 vero
1078 4064 1166 4123 oeten,
1190 4072 1302 4111 rursttm
1326 4054 1381 4113 linc
1404 4056 1523 4129 quidem
1546 4057 1577 4115 ln

218 4144 337 4217 regione
360 4142 450 4201 'l'erro
472 4144 509 4201 sit
532 4143 692 4214 colloreto,
716 4147 744 4202 in
767 4160 967 4221 superavero
993 4143 1089 4205 ltrrtrn,
1113 4140 1205 4199 multo
1228 4141 1338 4197 fortiori
1362 4146 1484 4203 rutionin
1508 4146 1578 4204 ritt-

215 4230 282 4289 uulo
305 4229 438 4301 reliputu,
462 4248 550 4305 qttnrn
574 4240 636 4289 erret
655 4234 781 4290 lotorum
797 4243 919 4291 nutnrne
935 4227 1111 4289 vinculum?
1141 4226 1284 4301 Adeoque
1299 4232 1324 4285 si
1339 4232 1437 4287 omnio
1452 4241 1578 4291 neturu-

217 4314 294 4375 libus
319 4326 433 4391 oportet
457 4320 509 4373 niti
532 4318 655 4391 lorriqrte
678 4322 842 4389 momentis,
866 4336 931 4393 ugo,
953 4334 991 4375 ne
1006 4315 1056 4373 Sol
1080 4314 1198 4391 quidem
1222 4326 1349 4391 eytetnr,
1373 4334 1469 4391 neque
1486 4318 1578 4379 Luci·

219 4405 269 4475 ier,
293 4420 390 4477 neque
413 4420 579 4478 qunoqnntn
603 4404 662 4463 nlin
685 4405 849 4464 stellarum:
880 4422 946 4463 rrnrrr
970 4420 1048 4477 qttne
1071 4402 1149 4462 levio
1171 4412 1239 4459 sunt
1261 4412 1291 4460 et
1313 4413 1434 4463 rtntnrun
1458 4407 1576 4479 igneae,

216 4506 330 4547 strrsntn
354 4508 389 4547 en
412 4494 551 4553 nituntur,
576 4508 632 4549 non
657 4494 686 4548 in
709 4491 857 4551 circulum.
904 4494 962 4549 Aut
985 4494 1009 4547 si
1034 4498 1144 4547 tuntum
1166 4492 1291 4547 eontinet
1313 4499 1418 4549 ttnturu
1439 4507 1578 4551 commu·

215 4580 356 4635 tutionem
380 4594 414 4634 er
439 4580 626 4637 contentione
650 4578 722 4639 loci,
755 4590 784 4637 ut
809 4579 855 4637 lrie
878 4576 996 4651 quirlorrr
1019 4578 1044 4635 ti
1069 4585 1192 4646 cupetur
1220 4578 1312 4647 ienis,
1339 4594 1455 4637 sursum
1477 4582 1577 4653 nbent,

216 4673 245 4719 ut
261 4664 311 4721 ubi
327 4666 356 4719 irr
372 4664 487 4722 coelunt
511 4682 603 4739 trsqrte
629 4668 753 4733 terserit,
773 4666 835 4739 jutn
859 4664 933 4722 coeli
957 4664 1091 4735 vertigini
1115 4660 1310 4734 obsecundet,
1339 4664 1425 4721 simol
1449 4668 1577 4725 eircum-

217 4750 294 4806 tens:
325 4767 376 4808 eut
399 4749 528 4810 lrrstrlerrrt
549 4750 625 4811 odeo
650 4752 796 4819 videntur,
819 4754 908 4809 etintrr
931 4752 975 4813 iis,
1000 4766 1077 4823 qone
1098 4752 1201 4823 gnevin
1226 4758 1293 4807 tutti
1315 4760 1344 4809 et
1367 4762 1490 4813 nnttttuo
1515 4764 1578 4815 ter·

216 4852 291 4909 rtttt,
317 4845 476 4913 postquem
497 4836 566 4897 irinc
588 4840 737 4899 eruerunt
759 4836 835 4897 idern
858 4836 1001 4907 occidere,
1026 4844 1058 4893 ut
1072 4838 1101 4893 iu
1116 4835 1207 4895 ulium
1223 4845 1319 4897 motus
1333 4842 1463 4915 speciem
1478 4850 1580 4905 trunt-
