3308 5534
425 392 606 457 emnium
623 394 763 457 mosee
778 395 968 456 maeoniae
985 394 1079 456 eacus
1096 395 1171 457 xli
1213 445 1215 448 ,
1423 397 1488 471 661

128 580 200 634 netu
222 575 392 634 rentmtiam
416 575 591 633 resuscitavit
613 583 642 632 et
663 582 802 647 receptam
825 576 921 633 mundi
950 578 1035 648 hujus
1058 579 1281 636 consecutionem
1308 578 1488 651 perennavit,

128 666 218 737 pnite
237 664 306 722 Bois
322 670 414 720 motus
432 671 547 735 experte
570 663 598 718 in
621 662 716 719 muudi
740 669 834 739 centro
853 663 994 735 Terraque
1016 666 1091 721 circa
1107 665 1199 722 Solem
1218 669 1376 739 oberrante,
1402 669 1487 739 supra

128 754 265 811 luerem
283 760 312 809 et
327 752 497 809 Mercurium
515 767 651 807 unacum
669 752 751 807 Luna
768 751 912 818 collocata¹
931 753 1003 822 quod
1023 760 1083 809 erat
1099 753 1128 808 in
1146 767 1245 822 causa,
1270 760 1301 809 ut
1318 753 1398 811 multi
1415 755 1488 810 hauc

128 842 280 899 munaus
296 845 347 896 aut
364 839 393 895 in
412 838 524 896 dubium
543 846 682 910 uocarent,
702 845 751 895 aut
769 841 793 896 si
811 857 924 912 prorsus
943 840 1119 898 admitterent
1136 841 1273 898 adhibitas
1291 847 1383 900 tamen
1400 842 1488 915 hypo-

128 928 218 987 theses
235 928 360 1000 portenti
377 930 465 984 instar
482 929 599 984 maxime
617 928 816 999 improbarent:
842 945 943 1000 operae
960 930 1078 1000 pretium
1102 945 1146 985 me
1163 931 1301 988 iacturum
1324 932 1487 1002 existimavi,

128 1017 146 1073 si
161 1016 349 1089 podiiouibns
367 1016 526 1086 hujusmodi
538 1016 647 1072 omuino
660 1017 771 1085 rejectis
785 1017 929 1088 (iopemici
947 1017 1190 1086 observationibus,
1209 1027 1305 1075 nostro
1317 1019 1382 1075 huic
1393 1020 1487 1078 seculo

128 1106 273 1163 ednodmn
290 1104 516 1176 congruentibus,
536 1105 604 1161 alies
622 1121 673 1174 ego
692 1121 790 1162 causas
808 1113 837 1161 et
854 1106 974 1163 rationes
992 1106 1239 1177 accommodarem,
1258 1122 1329 1177 quae
1348 1106 1486 1166 coelorum
1584 1160 1589 1167 .

128 1191 233 1250 minti
251 1199 347 1249 essem
363 1198 574 1249 nomentanus
600 1193 700 1250 Porro:
722 1195 792 1263 ,jam
806 1192 910 1251 dudum
927 1194 1094 1251 desiderium
1106 1195 1289 1251 aeconomiae
1301 1194 1487 1252 studiosorum

128 1280 186 1352 lu,
201 1281 325 1350 aliquem
343 1281 477 1338 coelestes
494 1287 585 1337 motus
603 1297 665 1337 cum
684 1282 923 1340 obseruationibus
941 1288 1124 1353 congruentes
1136 1299 1192 1340 non
1204 1284 1238 1339 ad
1252 1283 1388 1342 absurdas
1400 1283 1486 1356 hypo·

128 1366 232 1438 aaa,
255 1367 352 1439 quales
370 1367 538 1438 copernicus
561 1370 738 1439 confinxerit,
762 1371 812 1426 sed
830 1372 866 1428 ad
884 1386 939 1438 eas,
959 1387 1030 1441 quac
1047 1390 1064 1429 a
1083 1388 1147 1427 uero
1173 1373 1284 1429 minime
1306 1371 1486 1428 abhorrentes

128 1454 276 1526 suanm,
293 1454 399 1511 reiame
417 1464 445 1511 et
462 1463 616 1512 revocare.“
654 1457 690 1512 Be
707 1459 810 1528 ipsum,
829 1466 924 1519 censet
941 1461 1081 1532 Magiuus,
1105 1458 1187 1516 talem
1207 1476 1270 1517 csse
1288 1466 1484 1531 astronomum,

132 1544 174 1617 pi
189 1544 257 1600 huic
273 1543 411 1601 desiderio
429 1542 588 1599 satisfacere
613 1544 713 1614 possit,
739 1548 864 1617 pauculis
881 1553 987 1604 tentum
1005 1551 1033 1603 lu
1052 1549 1201 1604 Ptolemaei
1218 1549 1365 1620 hypothesi
1389 1548 1486 1605 imum

132 1628 201 1689 heb.
236 1631 323 1701 Bolis,
342 1632 457 1688 Veneris
475 1638 505 1688 et
520 1632 650 1688 Mercurii
668 1640 759 1690 motus
777 1633 948 1706 colligendos
967 1651 1028 1692 esse
1046 1636 1074 1692 iu
1093 1653 1176 1692 unum
1201 1635 1333 1693 circulum
1351 1636 1483 1692 eccentri-

134 1732 200 1787 n,
214 1721 244 1776 in
261 1721 343 1791 cuius
360 1728 456 1778 centm
475 1720 523 1776 Sol
540 1720 568 1775 in
588 1736 673 1791 paruo
693 1721 848 1793 ,epicyclo“
868 1728 1018 1792 mereatur,
1036 1739 1151 1795 magnus
1169 1739 1233 1780 vero
1254 1723 1425 1796 „epinyclus“
1445 1724 1486 1778 iu·

134 1808 227 1869 u'viat
245 1810 373 1867 maximis
395 1808 610 1881 digressionibus
627 1809 741 1864 Veneris
765 1816 794 1864 et
810 1810 952 1882 Mercurii,
976 1810 1066 1866 minor
1090 1812 1228 1883 epicyclns
1253 1813 1437 1870 constituatur
1455 1812 1484 1868 iu

136 1898 221 1959 Uien
242 1899 292 1956 illo
316 1899 454 1970 epicyclo‚
479 1895 650 1969 respondeus
672 1897 823 1953 minoribus
847 1897 1068 1967 digressionibus.
1104 1899 1231 1970 Reliquis
1249 1901 1367 1971 planetis
1384 1900 1483 1956 tribuit

131 1982 241 2051 italos
257 1986 361 2044 Terrae
378 1984 568 2043 concentricos
586 1990 614 2040 et
632 1983 782 2054 epicyclou
807 2001 922 2055 quornm
941 1992 1036 2061 centra
1054 2000 1164 2057 semper
1180 1993 1287 2043 mutent
1306 1986 1450 2043 distantias
1469 2001 1486 2041 a

128 2068 220 2151 imo
236 2072 347 2142 mnudi,
365 2073 394 2128 in
412 2070 455 2127 his
474 2072 570 2129 ducem
588 2079 700 2130 secutus
720 2071 922 2143 Purbaclrium;
948 2075 984 2131 ad
1003 2074 1181 2145 explicandus
1199 2074 1411 2144 inaequalitates
1428 2090 1486 2131 mo·

128 2166 203 2239 μ
218 2163 316 2220 Lunae
334 2179 390 2219 non
408 2161 556 2219 necessarii
575 2160 701 2216 ridentur
717 2160 828 2230 Magius
847 2161 978 2232 cpicycii,
998 2179 1113 2232 quorum
1130 2162 1192 2219 loco
1210 2178 1260 2219 sex
1279 2162 1423 2219 substituit
1440 2177 1486 2219 cc·

138 2246 269 2316 sum,
285 2267 404 2320 qnorum
421 2249 485 2316 dno,
505 2249 584 2319 quasi
603 2249 691 2305 reales
710 2253 800 2320 orbes,
818 2251 992 2322 inaequalem
1009 2252 1114 2309 habent
1132 2250 1284 2306 messuere
1304 2252 1331 2305 in
1351 2249 1485 2320 oppositis

128 2338 258 2417 ’.μω
295 2338 450 2408 0b1iqnitas
475 2337 579 2393 zodiaci
599 2337 771 2408 (eclipticas)
790 2339 890 2394 crescit
906 2340 984 2396 823ο
1001 2340 1044 2396 28’
1064 2353 1151 2409 nsque
1171 2338 1206 2394 ad
1221 2338 1269 2394 23⁰
1281 2338 1325 2394 52⁴
1343 2337 1484 2407 oriturque
1572 2368 1578 2393 ι

128 2420 195 2483 hta
209 2427 325 2483 cuneo
343 2426 545 2497 (,trepidstio“)
564 2442 581 2480 a
598 2430 676 2481 motu
693 2426 818 2497 polorum
838 2426 983 2497 eclipticas
1000 2427 1028 2483 in
1046 2426 1201 2499 peripheria
1224 2432 1342 2497 quatuor
1360 2423 1484 2481 circellu-

140 2524 199 2584 ΙΙ,
213 2513 292 2570 radio
311 2515 338 2569 θ’
355 2514 564 2582 descriptorum,
581 2528 697 2583 quorum
716 2513 770 2570 duo
788 2522 854 2569 suut
874 2514 1080 2581 ,deferentee“‚
1105 2514 1160 2570 dno
1178 2513 1308 2585 epicycli3
1330 2519 1422 2569 motus
1439 2512 1485 2569 hic

205 2601 349 2659 'Moris‘
369 2601 524 2656 absolvitur
540 2601 620 2656 annis
639 2601 775 2672 aegyptiis
793 2603 863 2661 etet
882 2603 978 2660 diebus
999 2607 1044 2675 103
1069 2601 1140 2658 alius
1162 2601 1238 2658 orbis
1256 2602 1385 2672 (sphaera
1402 2603 1484 2671 nom)

214 2691 222 2703 '
246 2689 385 2745 libcationi
398 2688 541 2760 eclipticas
553 2690 582 2745 in
596 2687 791 2757 longitudinem
805 2689 897 2757 (aunis
908 2702 967 2758 aeg.
985 2692 1052 2747 illl
1064 2688 1160 2744 diebus
1175 2689 1228 2759 iil,
1245 2689 1342 2744 tertius
1354 2688 1484 2758 (sphaera

140 2852 144 2865 Ι
218 2780 230 2849 l
247 2778 434 2848 praecessioni
451 2777 686 2847 aequinoctiorum
705 2777 797 2847 (anuis
815 2778 926 2848 2bBlb).
940 2809 973 2818 -
985 2779 1062 2833 Haec
1080 2795 1115 2834 ex
1129 2778 1270 2837 lineors'cc's
1280 2777 1394 2848 blagini,
1412 2776 1484 2832 libro

207 2866 339 2933 verboso,
362 2863 558 2935 desomsimus3
584 2864 702 2921 lectores
717 2865 859 2938 judicent,
884 2864 928 2921 cni
951 2866 1050 2922 nunni
1072 2865 1218 2921 tribuenda
1240 2863 1277 2919 eit
1299 2862 1484 2919 denominatio
1602 2870 1608 2883 ¹

245 2957 305 3023 ae‘,
323 2953 427 3021 Megim
444 2969 480 3008 au
499 2953 650 3022 Copernici.

128 3024 155 3109 {l
224 3041 424 3111 Ephemeridss
442 3041 546 3109 Magini
565 3041 680 3110 ejusque
703 3039 814 3097 tabulae
838 3040 1017 3097 diversimode
1040 3039 1188 3110 inscriptae
1210 3038 1329 3094 maxima
1353 3053 1387 3092 ex
1404 3045 1484 3108 parte

132 3124 139 3143 ⁵
209 3130 288 3200 ogiae
306 3129 467 3195 inserviunt,
487 3142 568 3197 qnam
587 3128 698 3183 maximi
716 3126 782 3182 lacit
799 3127 941 3198 professor
954 3128 1143 3185 Bononiensis.
1175 3127 1384 3197 astrologorum
1403 3141 1482 3182 nsum

128 3128 332 3367 &etiam
351 3216 474 3286 scriptis,
502 3214 602 3284 quibus
620 3215 803 3270 moonomice
821 3215 912 3271 etsrdia
929 3216 1048 3273 tradidit
1086 3218 1118 3273 ln
1137 3216 1221 3285 libro,
1247 3229 1329 3283 quem
1346 3213 1484 3284 inscripsit

131 3320 134 3325 ·
267 3305 374 3361 Mobile
390 3304 495 3372 (1609),
519 3305 570 3359 rite
594 3303 703 3372 quidem
722 3303 803 3358 docet
826 3303 1061 3374 trigonometriam
1085 3304 1119 3359 ad
1138 3303 1259 3359 calculos
1283 3301 1483 3358 astronomicus

212 3393 342 3450 mendam
361 3392 494 3459 (calculum
515 3399 551 3445 ibi
570 3396 780 3459 deprehendimur
801 3396 1124 3462 ,prosthaphaereticum“;
1145 3395 1188 3443 cir.
1207 3392 1258 3446 rol.
1276 3394 1310 3446 11.
1330 3390 1402 3459 439),
1420 3405 1483 3459 pro·

128 3550 130 3555 Ι
239 3484 242 3491 ’
261 3482 382 3553 explicat
400 3481 584 3538 mmonomiac
603 3480 765 3550 sphaericae
783 3480 850 3536 satis
868 3478 988 3536 dilucide
1006 3488 1033 3534 ct
1046 3479 1171 3536 doctriua
1184 3476 1329 3548 exquisita,
1348 3491 1406 3530 rem
1418 3490 1483 3530 uero

128 3554 206 3651 *aa
222 3569 259 3627 ad
278 3568 442 3638 astrologice
460 3569 655 3639 experimenta.
687 3567 808 3622 Tabulas
827 3567 1024 3623 astronomicas
1036 3564 1140 3635 Magini
1158 3563 1401 3635 ephemeridesqne
1421 3578 1483 3628 ,ac-

128 3658 249 3727 §rw
269 3657 394 3728 agnoscit
405 3655 543 3726 lieplerus
556 3656 618 3722 (sol.
631 3655 679 3711 vl.
698 3673 725 3724 p.
739 3655 801 3724 587)
819 3669 922 3722 easque
941 3653 1051 3723 saepius
1069 3654 1097 3708 in
1115 3652 1190 3707 libris
1210 3652 1266 3708 suis
1285 3651 1404 3722 adhibet,
1423 3650 1484 3706 diii·

261 3744 321 3813 eJus
339 3744 422 3800 talem
436 3744 548 3813 habens,
567 3749 598 3798 ut
613 3742 716 3797 socium
730 3757 793 3797 eum
803 3741 832 3796 in
845 3741 957 3798 edendis
969 3740 1188 3811 ephemeridibus
1205 3755 1346 3796 arcessere
1357 3739 1481 3794 voluerit

128 3744 340 4091 gurgini
358 3831 541 3900 geographica
563 3829 662 3899 (edidit
680 3829 829 3885 Ptolemaei
849 3829 1049 3900 Geographism
1076 3830 1249 3893 annorum)
1273 3827 1347 3885 hand
1370 3842 1481 3896 parvam

242 3919 366 3989 iaudem3
394 3920 480 3974 muita
497 3919 582 3975 babet
599 3920 668 3973 haec
693 3917 841 3973 Ptolemaei
866 3916 949 3972 editio
974 3934 1036 3973 cum
1059 3917 1163 3985 Magini
1180 3914 1387 3982 commentario,
1411 3929 1482 3984 quas

220 4008 306 4081 ,utne
323 4007 465 4063 historiam
483 4007 663 4077 locupletant,
681 4022 737 4060 non
754 4004 865 4073 indigna
883 4020 954 4074 quae
973 4005 1068 4059 harum
1088 4020 1177 4058 rerum
1190 4001 1297 4073 cupidis
1310 4000 1482 4072 inspicienda

128 4076 351 4161 findantur.
390 4096 476 4164 Quum
501 4095 567 4148 dicit
586 4095 806 4165 Descriptioacm
824 4093 930 4150 Italiae
953 4095 1013 4160 (vol.
1035 4097 1092 4148 Vll.
1111 4111 1137 4159 p.
1156 4092 1217 4159 aab)
1241 4088 1378 4159 inspicere
1401 4089 1481 4144 nobis

128 4184 177 4255 ᾖ
192 4185 318 4255 wntigit.
354 4185 446 4238 Minus
473 4182 628 4238 laudandus
648 4191 690 4236 est
708 4172 835 4250 hlaginus
860 4188 936 4237 stans
960 4179 1209 4235 cumadverseriis
1228 4177 1358 4247 Galileei,
1381 4176 1430 4232 lite
1452 4176 1481 4232 iu

218 4279 282 4330 orta
299 4272 332 4327 dc
350 4272 427 4328 lovis
446 4270 622 4338 satellitibus,
652 4286 712 4324 cum
732 4269 808 4338 prius
828 4267 953 4324 deridens
973 4266 1124 4324 Galilaeum
1152 4268 1212 4337 ejus
1231 4265 1435 4321 observationes
1452 4264 1481 4319 in

128 4270 235 4455 a»
250 4352 340 4429 uocet,
359 4367 458 4431 postca
476 4375 541 4416 vcro
560 4359 588 4415 iu
607 4358 703 4415 meiius
723 4357 809 4412 versis
822 4355 937 4412 Galilaei
955 4357 1035 4412 rebus
1049 4371 1158 4412 manum
1172 4352 1286 4410 dederit
1306 4356 1368 4416 loir.
1382 4356 1435 4409 sol.
1447 4356 1480 4413 ΙΙ.

153 4448 169 4525 ς
218 4451 319 4521 ‚sot

128 4454 336 4594 ¹urfa-luiterus
354 4536 399 4591 hic
415 4535 576 4591 inserendas
594 4550 750 4603 censemus,
770 4532 869 4602 quibus
887 4538 996 4587 mortno
1008 4533 1121 4602 Magius
1138 4516 1293 4588 loannei
1311 4530 1481 4590 Antonius

128 4618 295 4716 &ianus
307 4625 459 4696 (professor
470 4622 660 4695 philosophiae
672 4620 826 4688 Bononiae)
838 4620 989 4690 lieplerum
1000 4620 1111 4690 invitat,
1130 4625 1161 4675 nt
1178 4618 1331 4674 Bononiam
1348 4619 1377 4676 iu
1389 4619 1479 4676 locum

172 4704 230 4771 ‘''d
250 4712 393 4776 succedat,
423 4704 553 4767 nec'non
580 4709 693 4780 Kepleri
720 4707 932 4778 responsionem.
977 4707 1119 4765 Roiiemus
1144 4706 1228 4778 igitur
1257 4706 1381 4778 scripsit:
1413 4705 1479 4765 Per·
1564 4698 1567 4705 ’

136 4801 224 4871 qni
238 4810 268 4858 et
284 4799 359 4858 Cels⁰
379 4801 418 4856 De
440 4800 466 4856 J.
486 4799 619 4869 lieplero,
645 4797 840 4855 Mathematico
860 4797 1003 4868 Caesareo,
1028 4798 1172 4868 plurimum
1197 4795 1325 4853 colendo.
1358 4794 1427 4853 dion
1445 4803 1475 4855 te

139 4880 209 4958 Uet
222 4888 418 4961 mpimnssmc
435 4887 493 4955 Vir,
511 4880 653 4944 eum'essc
670 4885 777 4949 usuca
795 4883 981 4964 splendorem,
1001 4892 1032 4947 ut
1048 4885 1218 4958 ignorantiae
1230 4879 1350 4945 tenebris
1368 4882 1479 4947 delhna·
