3308 5534
938 167 948 201 l

161 409 248 482 1026
675 405 739 465 tua
756 404 1010 482 Joaunisliepleri.
1057 418 1062 445 ³

159 591 325 652 Harmonia
353 590 442 648 etiam
474 589 502 646 in
531 604 658 662 errores,
690 589 799 664 quibus
827 591 1027 650 astronomiae
1057 605 1137 648 nora
1164 588 1307 665 jacturas
1337 587 1513 649 luadameau

159 679 319 757 implicitus
342 684 413 749 erat,
436 692 496 735 uon
518 675 634 735 dubitet
656 675 793 738 iuducere
811 676 941 738 ‘lectores
964 679 1032 757 („ut
1062 685 1146 736 tanto
1175 676 1288 736 melius
1317 686 1448 748 constet,
1472 695 1513 735 aar

159 768 237 827 hauc
259 766 443 844 potissimum
466 765 546 823 viam
569 760 719 838 iverim‘).
751 764 924 841 Epitome
946 765 1207 825 astronomiae
1234 765 1513 842 Cupernicauae

160 871 247 927 vero,
270 852 309 912 ad
332 869 420 928 quam
443 867 521 910 nuuc
544 853 710 923 transimus,
733 849 763 909 id
786 852 876 912 habet
898 854 978 926 uori,
1001 851 1081 928 quud
1104 854 1133 908 iu
1157 869 1194 910 ea
1216 851 1374 930 Keplerus
1397 855 1513 928 napaei

158 944 222 1018 agit
243 948 341 1018 partes
365 947 393 999 et
417 938 497 1014 quod
518 955 634 999 summa
655 940 766 1015 ingenii
782 941 820 999 ri
841 941 1062 1017 excogitaverat
1090 930 1168 998 idem
1191 942 1272 999 mira
1302 940 1428 1000 solertis
1452 943 1513 998 tire·

158 1030 246 1089 nibus
275 1026 389 1086 tradere
412 1027 547 1086 instituit.
602 1023 661 1101 Qui
688 1026 763 1086 liber
791 1033 874 1087 tarra
904 1029 1085 1105 compositus
1113 1035 1161 1086 est
1190 1029 1411 1105 perspicuitate
1438 1038 1513 1102 areat

158 1115 320 1188 evidentia,
345 1121 378 1172 ut
400 1114 436 1171 iis
460 1115 510 1188 qui
534 1112 598 1188 ejus
622 1112 660 1172 de
682 1112 778 1173 Marte
794 1113 842 1172 rel
857 1113 895 1174 de
910 1113 1074 1174 Harmonia
1095 1113 1203 1173 librum
1219 1116 1425 1191 perlegerunt,
1446 1132 1513 1173 rua·

158 1221 237 1263 mam
260 1211 379 1261 moveat
403 1201 640 1274 admirationem,
664 1218 760 1277 neque
784 1200 904 1261 dubium
928 1209 981 1276 est,
1005 1204 1076 1279 quiu
1100 1218 1135 1261 ea
1158 1217 1206 1260 res
1231 1204 1292 1279 ipsi
1310 1205 1387 1261 mira
1400 1205 1437 1260 sit
1452 1206 1513 1261 risa.

157 1293 268 1368 quippo
291 1292 341 1364 qui
365 1287 452 1346 modu
473 1288 542 1361 ioco
566 1287 654 1346 modo
677 1291 753 1348 serio
776 1287 872 1348 soleat
894 1288 931 1349 de
945 1299 1054 1366 agnato
1071 1288 1265 1348 obscuritatis
1290 1292 1368 1348 sitio
1390 1291 1512 1364 coum

156 1377 254 1454 (velut
276 1377 445 1450 Brenggcro
469 1378 565 1433 amico
587 1375 702 1434 scribit:
738 1392 846 1455 „quam
870 1378 974 1436 intuo
998 1376 1078 1454 stylo
1101 1375 1260 1435 mirificam
1285 1378 1512 1454 perspicuitate·

157 1464 320 1537 exosculor,
345 1480 380 1521 ea
402 1462 474 1520 milri
498 1461 625 1521 naturali
650 1464 722 1521 uitio
750 1480 841 1541 saepe
864 1461 990 1536 dcest“).
1036 1462 1232 1538 Quinetiam
1264 1472 1352 1523 tauta
1380 1474 1426 1525 est
1445 1463 1511 1522 itt·

157 1553 307 1631 Epitomes
331 1549 525 1628 praestantia,
557 1558 590 1608 ut
612 1551 675 1609 siue
705 1567 812 1626 magno
839 1549 942 1611 labore
964 1554 994 1609 in
1024 1550 1237 1627 compendium
1263 1554 1463 1611 uuouomias
1481 1549 1511 1609 al

154 1638 245 1716 hujus
268 1640 374 1697 aetatis
398 1655 481 1695 usum
505 1638 600 1713 possit
622 1638 763 1710 converti,
787 1646 877 1715 atque
899 1640 962 1698 sine
985 1638 1077 1698 dubio
1100 1638 1209 1713 majori
1234 1641 1305 1697 usui
1337 1640 1414 1699 toret
1434 1656 1509 1714 aaa·

155 1727 240 1786 multi
267 1724 412 1802 ejusmodi
442 1725 526 1797 libri,
557 1740 631 1799 quos
662 1726 801 1800 proximis
830 1728 948 1802 triginta
976 1727 1061 1786 suuis
1091 1725 1204 1785 lilrrarii
1238 1744 1353 1800 magna
1376 1726 1509 1786 tronu-

155 1812 288 1874 discendi
310 1812 472 1887 cupiditate
496 1811 614 1888 impulsi
640 1811 844 1887 vulgaverunt.
889 1813 923 1871 Io
948 1830 982 1872 ea
1005 1813 1153 1873 elementa
1167 1817 1387 1885 astronomiae,
1409 1814 1510 1892 qualem

153 1900 302 1977 Keplerus
326 1918 390 1958 eam
415 1898 450 1957 de
474 1902 586 1974 integro
609 1898 798 1972 fundaverat,
827 1899 1058 1960 luculentissime
1087 1910 1281 1976 exponuntur
1305 1909 1336 1961 et
1359 1920 1407 1961 res
1427 1902 1462 1961 alt
1479 1917 1510 1960 es

153 1992 292 2049 inuentae
315 1987 455 2062 legesque
477 1987 515 2045 ab
532 2003 567 2046 eo
590 1994 720 2046 statutas
742 2003 808 2046 curu
831 1987 945 2063 reliqua
959 1989 1158 2047 astronomica
1181 1987 1348 2064 disciplina
1362 2000 1431 2065 apte
1450 2005 1509 2048 oos-

148 2076 323 2153 junguutur.
364 2074 501 2132 Alienum
518 2082 651 2132 anostra
673 2076 786 2132 ratione
809 2073 839 2133 id
863 2091 953 2134 unum
975 2084 1028 2148 est,
1052 2074 1132 2150 quod
1158 2092 1227 2133 earn
1245 2077 1509 2136 catecheticonore

152 2165 327 2240 composuit,
351 2178 530 2237 quamquam
556 2161 635 2219 illius
658 2154 797 2236 temporis
818 2159 976 2222 lectoribus
992 2181 1028 2222 ea
1043 2162 1137 2221 torma
1152 2179 1354 2239 nequaquam
1369 2182 1446 2222 uora
1458 2165 1509 2222 isit

151 2251 233 2325 ideo,
258 2266 347 2325 quum
376 2257 439 2308 tota
466 2251 590 2307 materia
616 2250 647 2304 iu
677 2251 919 2331 iuterrogatioues
946 2258 976 2309 et
998 2266 1140 2324 respousa
1168 2249 1340 2322 dirimatur,
1364 2269 1451 2329 saepe
1469 2266 1510 2309 ar·

115 2331 118 2337 ’
152 2338 231 2410 cidit,
257 2345 289 2396 ut
312 2339 557 2412 interrogationes
581 2337 667 2393 nimis
691 2335 778 2411 longe
800 2345 978 2414 repetantur.
1018 2336 1155 2397 Ceterum
1172 2336 1374 2414 plurimarum
1397 2337 1510 2414 discpli-

151 2443 254 2485 uarum
287 2423 430 2483 elementa
453 2432 515 2482 tum
538 2422 643 2487 codem
665 2423 753 2482 modo
775 2424 851 2482 tradi
872 2423 1021 2497 soieoanr,
1046 2441 1172 2500 eamque
1195 2426 1329 2484 sormam
1353 2436 1385 2485 ut
1408 2426 1510 2500 eligeret

151 2531 242 2589 quum
264 2511 331 2570 aliis
354 2512 442 2569 rebus
465 2520 525 2568 tum
550 2528 585 2569 ea
609 2509 860 2584 causaKeplerus
882 2510 998 2570 videtur
1019 2510 1167 2571 adductus
1181 2527 1266 2584 esse,
1300 2512 1384 2589 quod
1407 2517 1465 2590 ipse
1482 2528 1508 2569 ex

151 2599 301 2660 Massiliui
325 2598 401 2657 libro
418 2597 521 2658 eadem
543 2599 656 2656 ratione
672 2600 837 2674 conscripto
852 2598 1000 2674 quondam
1019 2602 1234 2658 astronomiam
1252 2601 1409 2660 didicerat
1438 2598 1509 2674 Quid

151 2688 231 2765 quod
255 2686 301 2747 vel
325 2688 402 2763 typis
425 2685 544 2761 ligneis,
569 2701 642 2760 quos
665 2683 841 2744 Massiliuus
854 2684 893 2744 ad
907 2703 990 2745 suam
1006 2686 1163 2763 Epitomeu
1179 2686 1394 2747 illustrandam
1416 2689 1509 2746 imiss-

151 2775 205 2836 dos
228 2782 391 2845 curaverat,
416 2776 459 2830 uti
483 2775 511 2828 iu
536 2775 634 2830 auimo
657 2771 770 2832 habuit.
810 2772 913 2848 Neque
937 2790 1006 2832 vero
1030 2782 1083 2843 est,
1107 2774 1188 2848 quod
1212 2774 1392 2848 doleamus,
1414 2775 1510 2833 lisan-

152 2864 245 2922 liuum
268 2861 397 2937 Keplero
421 2861 536 2934 roganti
559 2877 610 2917 eos
633 2876 690 2917 uon
714 2861 897 2934 permisisse:
929 2860 986 2918 illis
1008 2862 1086 2918 enirn
1115 2861 1217 2936 liguris
1247 2863 1395 2921 adiribitis
1419 2864 1462 2921 hie
1480 2858 1508 2917 sl

150 2950 307 3009 multorum
332 2951 558 3007 inveteratorum
575 2948 773 3005 astronomiae
796 2965 925 3006 errorum
948 2964 1101 3006 censuram
1125 2950 1267 3009 aberrare
1292 2962 1417 3009 coactus
1437 2960 1507 3007 esra.

150 3038 272 3114 Kepleri
295 3036 415 3111 figurae,
441 3052 619 3110 quamquam
642 3053 661 3091 a
683 3033 867 3110 xylographo
881 3052 982 3111 parum
999 3034 1152 3094 commode
1173 3054 1340 3111 expressae
1364 3041 1508 3114 partimque

149 3133 210 3184 tam
233 3122 310 3182 male
335 3122 481 3192 redditae,
506 3130 539 3179 ut
561 3119 719 3179 nonnullas
742 3120 838 3181 lineae
860 3129 890 3180 et
911 3121 1012 3181 literae
1040 3122 1078 3180 ad
1101 3127 1322 3183 sententiarum
1348 3126 1508 3184 intellectu

150 3229 269 3289 prorsus
293 3213 476 3270 necessariae
499 3227 585 3284 aegre
609 3219 821 3284 agnoscantur,
846 3216 943 3268 tamen
966 3209 1116 3268 iliaestlini
1139 3210 1247 3284 liguris
1271 3212 1370 3271 multo
1394 3212 1508 3271 meliores

150 3308 180 3359 et
202 3301 331 3375 aptiores
354 3306 430 3355 sunt.
471 3296 567 3372 Atque
591 3296 646 3354 hoc
661 3295 786 3370 aliisque
810 3298 936 3356 externis
959 3299 1102 3372 epitomes
1118 3296 1325 3372 Keplerianae
1343 3304 1424 3357 ritiis
1446 3314 1508 3375 ,per-

150 3394 307 3462 angustum
331 3387 407 3442 urrim
432 3394 477 3442 cst
499 3386 672 3459 paginarum
695 3385 838 3458 spatium,
862 3383 940 3460 quod
964 3384 1002 3442 ad
1025 3383 1177 3442 Massiliui
1201 3404 1283 3461 opus
1305 3389 1507 3446 accuratissinr

150 3471 403 3534 accommodatum
427 3481 486 3543 est,
518 3471 621 3530 literae
652 3479 754 3528 tenues
777 3479 807 3530 et
827 3488 917 3546 saepe
941 3472 1066 3547 pessime
1087 3489 1262 3547 expressae,
1287 3475 1393 3534 charta
1416 3472 1507 3531 riiiret

149 3561 289 3621 subiusca
314 3558 360 3618 vel
385 3555 588 3635 subsacrulea)
611 3559 719 3615 iactum
744 3575 808 3617 esse
833 3558 961 3630 videtur,
992 3568 1023 3617 ut
1052 3576 1149 3633 neque
1179 3570 1245 3618 tum
1276 3571 1352 3636 quot
1383 3580 1434 3638 par
1459 3572 1507 3619 eni

148 3648 275 3709 lectores
298 3655 385 3706 nacta
408 3650 459 3719 sit,
492 3655 521 3704 et
544 3646 754 3703 recentioribus
782 3663 876 3720 pocus
907 3648 1009 3719 ignota
1037 3648 1188 3705 manserit.
1239 3648 1305 3707 Nos
1328 3650 1437 3708 multas
1456 3648 1507 3703 ilias

148 3735 259 3811 figuras
289 3734 438 3810 pulchrius
471 3742 500 3791 et
530 3735 631 3807 purius
661 3734 821 3807 exprimere
852 3733 1031 3802 studuimus,
1068 3735 1180 3809 optimc
1222 3753 1281 3794 nos
1313 3737 1506 3811 adjus-anulus

148 3825 267 3898 egregio
290 3831 389 3881 nostro
413 3823 507 3878 amico
524 3819 652 3890 Kellero,
678 3820 840 3894 professore
862 3823 994 3896 picturae
1015 3818 1134 3878 linearis
1159 3823 1189 3878 in
1213 3823 1325 3882 schola
1340 3824 1413 3883 reali
1428 3824 1505 3881 Sum·

147 3911 282 3983 gartiana
313 3917 343 3967 et
366 3907 515 3981 Allgaiero
548 3916 577 3965 et
602 3906 682 3982 Siglc
715 3906 823 3964 inclitis
852 3907 1042 3985 xylograplris
1070 3907 1321 3984 Stuttgurtiauis,
1355 3913 1407 3987 qui
1434 3913 1504 3969 etis·

148 4004 260 4055 ceteras
284 3996 372 4070 lrujus
396 3994 461 4052 libri
485 3994 601 4053 tabulas
632 3995 710 4069 liguo
735 3994 938 4070 exprimendas
963 4002 1147 4053 curaverunt
1196 3996 1307 4071 Imago
1334 3999 1422 4057 titulo
1447 3997 1504 4055 sexti

148 4081 316 4153 voluminis,
341 4081 420 4156 quod
444 4078 598 4156 Epitomeu
621 4091 650 4141 ct
672 4081 812 4156 majorem
836 4089 948 4157 partem
966 4081 1146 4140 Tabularum
1164 4082 1430 4161 Rrrdolplrinarma
1448 4099 1504 4142 cos·

148 4170 235 4241 tinet,
267 4168 408 4244 adjuncta
430 4168 589 4227 secundum
613 4167 732 4243 Kepleri
763 4168 911 4244 exemplar
934 4189 952 4227 a
974 4168 1094 4228 Kellero
1118 4171 1292 4245 professore
1324 4173 1467 4233 delineata
1482 4180 1504 4227 ei

148 4270 173 4313 a
189 4255 363 4330 Dertingsro
387 4254 600 4330 Stuttgartiano
633 4254 848 4331 chalcographu
872 4273 981 4315 excusa
1003 4264 1056 4315 est.

256 4343 407 4418 Epitornes
436 4351 639 4416 argumentum
667 4343 729 4418 jam
762 4343 821 4404 vol.
847 4343 899 4403 Vl.
930 4360 998 4419 pag.
1028 4349 1133 4403 4-13
1170 4348 1330 4421 copiosius
1362 4346 1502 4407 uetulum

149 4425 275 4502 ideoque
299 4446 550 4503 supervacaneum
574 4440 618 4488 est
642 4429 698 4489 lroc
721 4428 750 4488 id
773 4430 839 4489 loco
861 4439 1002 4506 repetere.
1049 4430 1083 4488 ld
1108 4447 1200 4489 uuum
1226 4435 1402 4511 adjiciatur,
1423 4448 1502 4492 esras

146 4530 251 4586 rarum,
276 4516 383 4590 quibus
407 4516 464 4575 hoc
487 4516 608 4591 Kepleri
632 4534 707 4592 opus
731 4535 749 4577 a
774 4517 921 4577 similibus
952 4519 1068 4592 scriptis
1093 4528 1122 4576 et
1145 4519 1287 4594 ejusdcm
1313 4534 1344 4582 et
1367 4526 1463 4598 prioris
1479 4530 1502 4574 et

147 4601 355 4677 subsequentis
379 4605 517 4678 temporis
540 4604 634 4662 differt
659 4608 752 4679 iisque
774 4612 914 4680 praestat,
938 4622 996 4664 non
1020 4621 1108 4680 posse
1131 4624 1286 4667 summam
1312 4612 1432 4669 confici:
1451 4623 1501 4663 oa-

147 4686 233 4744 uibus
256 4691 332 4746 enim
362 4693 494 4763 partibus
519 4708 627 4750 novum
651 4701 741 4766 utque
769 4697 887 4752 unicum
910 4701 970 4764 est,
995 4701 1028 4750 ut
1049 4691 1174 4769 Kepleri
1198 4693 1316 4772 Optica
1338 4711 1369 4757 et
1391 4700 1457 4756 liber
1472 4691 1500 4748 dr

146 4768 242 4831 Marte
266 4779 456 4849 conscriptus,
481 4777 606 4853 ideoque
631 4779 742 4837 nullam
766 4783 886 4863 omniuo
909 4778 980 4840 licet
995 4785 1254 4855 comparationem
1272 4788 1425 4844 instituere
1442 4785 1500 4839 ’Μ

146 4855 219 4915 illud
243 4866 272 4918 et
296 4860 406 4922 debilia
430 4879 530 4923 eorum
553 4864 669 4942 studia,
694 4869 745 4943 qui
768 4876 821 4927 aut
844 4874 973 4929 vaterem
996 4872 1213 4930 astronomiam
1236 4890 1260 4933 a
1282 4877 1446 4935 rastimtorr
1462 4878 1499 4925 ὅ·
