3308 5534
792 380 870 442 teor.
1435 375 1498 450 777

248 551 391 612 Meusihus
409 555 540 613 J'anuario
558 563 587 615 et
603 556 703 614 Martio
715 556 853 629 Ksplerns
871 562 982 633 praeter
993 557 1027 613 eii
1044 569 1116 628 quae
1133 569 1217 627 supra
1236 554 1353 614 diximus
1372 555 1407 614 de
1423 555 1501 613 Hor·

138 644 238 699 nenia
255 642 435 700 Heruarto
453 646 594 716 respondit
613 647 649 701 ad
667 646 841 717 quaestiones
860 646 894 702 de
912 653 971 702 arte
986 644 1106 711 nautica,
1127 642 1262 719 quamvis:
1289 644 1340 711 ,de
1358 650 1418 700 arte
1434 658 1501 701 nau·

138 730 197 788 tica
213 729 351 788 sellicitus
368 732 501 789 hactenus
525 749 580 789 neu
603 733 657 803 sui,
683 733 785 804 quippe
810 733 961 790 latissimae
984 730 1149 788 continentis
1172 729 1325 805 alumnus“,
1350 728 1449 786 deinde
1467 730 1501 785 ds

138 831 213 891 anno
238 818 340 875 Christi
362 820 486 876 natalitio
506 819 567 889 (eir.
587 822 633 876 IV.
653 824 704 878 473
723 821 789 891 ss),
813 821 848 878 de
869 821 947 877 fluxu
971 827 1000 877 st
1021 818 1130 875 refluxu
1155 819 1237 873 muris
1257 818 1314 884 (ΙΙΙ.
1335 818 1397 885 dil)
1421 818 1501 873 etde

136 902 290 975 hypothesi
308 905 509 975 Copernicane:
538 925 609 973 „non
631 909 670 964 ita
688 908 837 965 absurdum
854 908 962 965 uidetur
978 907 1114 980 physicis,
1138 913 1212 961 stare
1232 906 1322 961 Solem
1346 922 1378 961 ac
1399 904 1503 961 moveri

138 992 289 1067 Terram“;
311 995 453 1064 virtutem,
476 998 579 1067 pergit,
603 995 675 1051 Solis
695 995 786 1052 dicere
811 1011 841 1051 se
859 998 1041 1067 magneticom
1058 992 1253 1065 intelligentiae
1272 1003 1300 1048 et
1319 991 1502 1049 similitudinis

138 1097 240 1151 caum,
265 1085 405 1140 coelestem
428 1084 518 1140 dicere
543 1099 572 1138 se
596 1082 731 1139 debuisse.
769 1082 846 1152 Quae
870 1080 904 1137 de
927 1082 1076 1154 asmologia
1093 1083 1234 1136 Heruerto
1259 1081 1355 1137 eodem
1378 1086 1504 1150 tempore

140 1168 271 1241 scripsit,
294 1172 424 1242 leguntur
448 1172 500 1228 rol.
520 1173 557 1228 11.
576 1191 603 1243 p.
623 1172 685 1228 581.
720 1172 817 1228 Mense
841 1170 987 1228 Novembri
1010 1170 1152 1241 quaerenti
1174 1170 1318 1227 Herumto
1343 1168 1378 1223 de
1401 1168 1503 1223 Terrae
1528 1188 1532 1193 ·

138 1254 246 1314 aruhitn
256 1258 342 1314 refert
350 1258 495 1330 lieplerus,
504 1276 585 1329 quam
595 1260 729 1316 rationem
741 1258 832 1314 inierit
841 1259 878 1313 sd
887 1258 958 1313 hanc
966 1259 1156 1329 quaestionem
1165 1257 1322 1313 solvendum
1332 1257 1503 1323 (daveda).

249 1354 416 1412 Fabricio
441 1370 521 1411 uuam
539 1362 645 1411 tantum
669 1355 745 1412 dedit
763 1355 908 1426 epistolem
925 1355 979 1411 hoe
997 1370 1068 1409 anno
1088 1353 1127 1410 sic
1150 1353 1233 1408 duem
1251 1352 1371 1409 faciens:
1397 1347 1504 1409 Obser-

141 1437 281 1499 vationes
304 1440 395 1502 mitte.
424 1438 488 1515 Ege
512 1443 661 1500 remissior
682 1439 744 1499 lieri
768 1442 887 1517 incipio.
919 1439 978 1498 Cur
1000 1441 1077 1498 enirn
1091 1439 1283 1497 morientibus
1303 1438 1502 1497 instrumentis

139 1526 316 1603 supervivat
338 1544 403 1587 rnea
425 1527 602 1587 observandi
633 1526 810 1604 diligentia?
847 1529 893 1603 (1.
917 1526 1061 1604 Augusti,
1094 1543 1159 1586 eum
1189 1519 1297 1585 Martio'
1330 1527 1504 1603 incepissem

140 1614 315 1692 intereaque
337 1617 539 1691 peregrinatus
556 1633 650 1674 essem
674 1618 704 1674 in
720 1615 868 1690 husatia.)
894 1619 936 1673 De
949 1616 1073 1673 Martis
1086 1616 1193 1673 theoria
1206 1632 1363 1685 egenorum
1376 1614 1503 1672 Fabricio

140 1703 228 1762 dubia
245 1704 306 1774 ejus
324 1704 359 1761 de
378 1705 466 1772 ,orali
483 1706 527 1761 vel
539 1707 672 1777 elliptieo“
692 1708 758 1763 orbe
776 1706 900 1763 refellere
917 1706 1026 1764 studet:
1051 1699 1171 1778 Fllrpats
1189 1710 1234 1761 est
1249 1700 1391 1760 naturalis
1405 1701 1504 1778 hypo·

141 1788 253 1863 thesis,
285 1789 411 1850 circulus
434 1790 549 1868 ellipsin
573 1792 726 1869 amplexus
750 1797 794 1851 est
822 1789 1025 1851 tantummodo
1049 1789 1260 1848 numerationis
1287 1805 1388 1849 eausa.
1432 1786 1503 1848 Jam

143 1879 262 1939 Mutari
284 1878 315 1936 in
337 1877 501 1951 Mercurio,
526 1878 610 1954 eujus
633 1889 679 1940 est
701 1878 812 1956 ellipsis
835 1879 1066 1939 evidentissime.
1105 1881 1173 1936 ltcm
1201 1880 1343 1949 quaerenti
1366 1880 1504 1948 Fabricio,

142 1982 217 2037 quae
234 1982 319 2023 causa
341 1969 377 2021 eit
397 1969 540 2040 ,physicae
562 1970 833 2043 multiplicationisl‘l
857 1969 1014 2040 respoudit:
1036 1965 1125 2041 ,dum
1147 1962 1310 2043 multiplico
1334 1967 1505 2025 eceentriei·

143 2054 215 2113 tatis
247 2051 400 2112 dimidium
430 2056 459 2111 in
480 2057 563 2115 siuns
586 2054 752 2117 anomaliae
774 2057 917 2128 eccentri,
950 2057 1098 2114 constituo
1127 2070 1278 2114 excessum
1308 2071 1394 2113 areae
1417 2070 1506 2130 snpra

141 2138 322 2201 momeliam
356 2145 490 2214 ceeentri,
525 2152 556 2202 et
585 2147 656 2221 qnia
685 2162 754 2205 arca
784 2144 901 2202 metitur
924 2141 1079 2201 distantias
1106 2157 1223 2214 omnes,
1255 2140 1413 2201 distantiae
1439 2157 1505 2200 mo-

141 2244 190 2291 ras
219 2245 274 2288 ssu
304 2238 433 2306 tempus,
464 2232 554 2307 igitur
581 2231 823 2308 multiplicatione
851 2230 976 2308 physica
998 2236 1113 2306 tempus
1137 2227 1244 2306 colligo
1277 2228 1407 2287 debitum
1436 2228 1506 2288 huic

141 2312 312 2377 anomaliae
342 2319 478 2380 eccentri.
523 2318 724 2380 subtilitatem
751 2335 847 2378 meam
875 2315 1103 2394 praedicandum
1132 2325 1234 2393 putas,
1267 2318 1292 2375 si
1316 2333 1374 2374 nou
1397 2333 1506 2394 repug-

141 2412 228 2465 naret
259 2413 391 2465 naturae.
447 2406 519 2482 bigo,
554 2409 594 2465 mi
626 2407 761 2480 Fabrici,
797 2404 904 2466 damno
936 2423 1052 2464 omnem
1085 2404 1278 2464 subtilitatem
1316 2402 1362 2463 vel
1396 2420 1505 2481 repug-

141 2499 263 2553 nantem
293 2502 430 2564 naturae,
455 2493 502 2552 rel
531 2511 588 2554 uon
617 2496 824 2557 neeessariam.
868 2494 948 2553 Dum
978 2509 1048 2553 vcro
1078 2490 1148 2555 mihi
1172 2492 1402 2569 copernicanam
1432 2492 1505 2550 sub-

143 2578 282 2639 tilitatem
312 2580 439 2656 exempli
468 2580 533 2641 loco
562 2584 648 2659 ponis
679 2582 717 2642 ob
754 2580 873 2656 oculos,
910 2583 1008 2659 inepte
1035 2580 1108 2638 lacis
1140 2597 1207 2639 eum
1234 2581 1329 2651 scias,
1362 2577 1441 2656 quod
1473 2587 1505 2637 tu

143 2666 266 2727 &naues
295 2668 324 2725 in
353 2667 516 2745 Cepernico
545 2688 592 2731 me
622 2670 741 2732 miridee
772 2668 935 2747 approbare
938 2710 1099 2730 .......
1144 2665 1265 2739 Mirum,
1298 2666 1401 2743 quales
1434 2665 1505 2726 mihl

143 2754 257 2815 aeribus
279 2753 360 2831 leges
385 2755 556 2817 condendae
581 2757 780 2836 hypotheseos
805 2775 842 2818 en
864 2764 916 2817 tno
939 2755 1075 2826 cerebro,
1098 2770 1157 2813 non
1182 2773 1216 2815 ex
1245 2754 1328 2815 coelo
1354 2752 1505 2814 deductas.

144 2844 274 2905 Directis
298 2843 396 2902 serbis
418 2861 455 2904 ea
477 2844 548 2904 mihi
572 2847 712 2923 imperas,
737 2862 813 2923 quae
837 2844 960 2904 totidem
982 2861 1037 2921 ego
1061 2841 1207 2920 capitibus
1231 2843 1259 2900 in
1283 2842 1508 2903 Commentariis

144 2929 282 2993 retusam.
326 2929 448 2991 Miseret
476 2950 523 2992 me
552 2935 595 2991 tui
627 2933 753 3008 laboris,
785 2934 836 3010 qui
866 2939 911 2991 tet
933 2933 996 3007 jam
1020 2931 1105 2989 annis
1128 2926 1260 2991 edocere
1291 2937 1386 2990 tentas
1418 2937 1448 2991 el
1477 2932 1508 2991 iu

144 3036 252 3101 genere
275 3024 374 3078 aetem
396 3021 469 3096 agis.
500 3021 640 3080 Inventas
663 3022 741 3080 enirn
764 3037 850 3080 veras
871 3026 1005 3079 rnotnum
1027 3034 1141 3092 causas,
1165 3024 1311 3093 quatenns
1335 3018 1372 3076 ab
1389 3016 1507 3079 homine

145 3104 353 3185 comprehendi
370 3113 504 3183 possunt,
522 3110 758 3168 constantissime
774 3124 874 3167 assero
877 3149 968 3169 .....
1007 3106 1240 3165 commentarios
1255 3114 1289 3164 nt
1304 3104 1389 3165 edam
1405 3105 1509 3167 laboro

146 3195 311 3273 diligenter.
357 3194 482 3255 Videtur
513 3195 715 3274 Tenguaglius
746 3212 956 3264 concessurus,
986 3195 1010 3252 si
1040 3194 1205 3269 permittam
1237 3194 1293 3269 ipsi
1324 3193 1508 3268 quorundam

146 3283 391 3354 mandationem,
415 3283 495 3360 quod
518 3284 589 3344 mihi
612 3302 703 3361 grave
725 3292 771 3345 est
774 3327 882 3345 .....
926 3282 1065 3341 Irasceris
1088 3279 1182 3340 valeri
1198 3299 1294 3353 areae,
1319 3298 1385 3340 eum
1401 3290 1507 3358 agatur

148 3370 303 3442 deliacis,
327 3386 415 3429 cacco
439 3371 557 3448 quidem
580 3373 700 3451 impetu.
744 3371 821 3431 Nem
843 3377 873 3432 et
895 3386 964 3429 area
986 3368 1194 3446 geometricum
1222 3369 1292 3446 qnld
1316 3377 1372 3428 est.
1418 3367 1505 3446 Quod

148 3478 218 3525 sero
247 3460 408 3519 astronomi
438 3458 581 3520 hactenus
603 3460 701 3519 nullas
723 3476 807 3520 areas
836 3456 1048 3531 adhibuerunt,
1080 3455 1188 3516 lactum
1212 3463 1257 3515 est
1280 3473 1317 3516 ex
1340 3457 1507 3532 ignorantia

149 3564 305 3614 marum
328 3543 526 3623 physicarum,
550 3550 675 3624 quasin
699 3547 795 3608 lucem
814 3546 878 3624 jum
900 3543 1020 3622 protuli.
1064 3543 1099 3603 In
1121 3546 1199 3603 omni
1223 3546 1355 3605 novitate
1380 3546 1506 3622 imperiti

149 3642 321 3701 munius.
344 3671 377 3680 -
390 3639 515 3695 Fabricio
528 3638 654 3707 instanti,
673 3639 770 3693 Martis
788 3644 891 3692 motum
901 3635 1063 3693 circularem
1077 3649 1137 3690 esse
1151 3640 1180 3689 et
1192 3635 1342 3702 asserenti,
1359 3641 1459 3705 putare
1477 3650 1508 3691 se
1608 3692 1611 3697 ,

150 3730 265 3789 mm
289 3727 325 3781 ad
351 3728 438 3781 latera
456 3727 550 3780 circuli
568 3743 622 3780 non
647 3726 767 3796 ingredi,
791 3726 840 3781 sed
864 3725 956 3795 potius
979 3724 1124 3790 excedere,
1150 3723 1193 3777 his
1218 3722 1336 3777 occurrit
1353 3723 1506 3793 Keplerus:

150 3812 255 3877 ulum
280 3819 360 3870 tuam
384 3808 557 3870 audaciam!
593 3810 677 3870 Tune
701 3828 746 3870 rue
768 3826 912 3887 provoces
935 3807 1136 3884 contingendis
1159 3805 1398 3885 hypothesibus?
1434 3806 1507 3864 Cum

153 3916 205 3981 ege
226 3898 378 3978 planetam
401 3914 420 3955 a
442 3897 551 3956 circulo
575 3897 669 3957 dicam
693 3898 824 3973 ingredi,
846 3905 878 3957 tu
902 3899 986 3973 paria
1007 3897 1118 3955 iaciens
1142 3893 1214 3952 dieis
1238 3892 1346 3968 egredi.
1383 3893 1446 3969 ligo
1469 3895 1509 3951 rui

154 3990 267 4052 Fabrici
291 4005 351 4047 uon
375 3986 484 4060 ingenii
507 3985 703 4058 volubilitate,
727 4003 785 4044 non
809 3987 927 4062 poetica
949 3990 1001 4044 aut
1022 3984 1147 4061 pictoria
1161 3981 1288 4054 fingendi
1309 3980 1430 4040 licentia
1444 3998 1508 4040 snm

155 4077 304 4149 inductus,
335 4072 389 4134 sed
418 4073 657 4132 observationum
689 4072 907 4133 Brahennarum
937 4072 1016 4130 iilum
1041 4070 1363 4144 demonstrationesqne
1391 4062 1525 4128 secutns'

157 4166 278 4226 invictas
280 4202 387 4224 .....
418 4160 493 4219 Dico
518 4160 580 4232 tibi,
603 4165 628 4221 si
644 4170 760 4221 eentum
783 4167 971 4239 superessent
992 4159 1139 4236 planetae,
1164 4155 1323 4215 dnmmodo
1346 4155 1421 4216 tales
1445 4155 1508 4231 ejus

159 4251 375 4314 observationes
398 4247 582 4321 haberemus,
607 4250 708 4324 quales
732 4251 761 4306 iu
784 4248 888 4320 hlerte,
913 4250 986 4307 meis
1009 4248 1135 4306 irruentis
1159 4244 1197 4304 ad
1213 4261 1313 4304 eorum
1330 4242 1509 4322 hypotheses

159 4339 296 4419 perveniri
321 4353 418 4414 posse,
442 4335 587 4412 siqnidem
610 4336 654 4395 illi
677 4344 812 4396 naturam
835 4334 938 4394 horum
963 4342 979 4394 7
1005 4334 1189 4412 planetarum
1214 4334 1404 4392 imitarentur.

164 4508 238 4561 iehan
257 4511 378 4573 chpler,
399 4510 443 4558 der
461 4509 534 4562 Riim.
552 4511 624 4562 Kale.
643 4511 700 4562 Mtt.
719 4509 916 4559 Mathematicus
935 4509 1041 4574 belrheu,
1061 4507 1105 4556 das
1124 4507 1167 4556 der
1185 4508 1309 4556 lihrurest
1326 4506 1376 4554 rud
1394 4506 1510 4555 ffirnehm

166 4580 219 4631 llerr
234 4581 322 4632 Hanss
340 4580 490 4640 lildenauss,
508 4577 604 4641 Burger
622 4597 651 4630 zu
672 4582 745 4630 Grlitz
763 4581 814 4628 und
833 4581 1055 4639 rathseersranter,
1075 4592 1123 4626 rou
1143 4578 1291 4638 denJenlgen
1313 4577 1382 4626 1000
1401 4575 1509 4639 Gnidon,

168 4650 270 4701 stltlehc
288 4651 341 4699 lme
360 4664 420 4698 auss
438 4650 533 4699 melner
551 4652 713 4700 Stieltochter
725 4651 823 4711 Regina
835 4651 968 4699 Lorentzin
987 4647 1148 4697 ritcrllchem
1161 4649 1258 4706 Erbgut
1271 4647 1429 4708 dargeliehen
1444 4661 1509 4695 ιιοι-

169 4717 215 4781 ion,
229 4723 275 4771 das
293 4719 448 4770 ordentliehs
466 4722 587 4770 Interesse
605 4736 655 4770 vnn
668 4724 684 4770 2
696 4720 799 4782 Jahren,
817 4734 873 4769 rom
894 4723 936 4773 id.
954 4718 1008 4769 iuli
1029 4720 1097 4770 1605
1115 4720 1169 4767 bles
1183 4719 1250 4767 1007
1270 4717 1448 4783 succensus,
1467 4732 1510 4766 au·

171 4800 241 4927 mn
258 4795 286 4841 ln
305 4793 374 4841 einer
391 4790 494 4839 Summa
512 4806 561 4840 von
576 4794 627 4843 120
640 4790 740 4843 Gnidon
759 4805 788 4841 au
807 4792 902 4841 malusr
920 4791 1034 4841 slehcrcn
1047 4790 1121 4839 Hand
1134 4789 1270 4851 sucgestslt
1287 4787 1339 4839 tud
1350 4788 1435 4838 bezalt
1447 4788 1510 4840 hatt.

239 4862 288 4913 dan
305 4864 331 4914 0.
350 4862 450 4923 amma
469 4862 546 4914 1007.
