<?xml version="1.0" encoding="UTF-8"?>
<!DOCTYPE html PUBLIC "-//W3C//DTD XHTML 1.0 Transitional//EN"
    "http://www.w3.org/TR/xhtml1/DTD/xhtml1-transitional.dtd">
<html xmlns="http://www.w3.org/1999/xhtml" xml:lang="en" lang="en">
 <head>
  <title>
</title>
<meta http-equiv="Content-Type" content="text/html;charset=utf-8" />
  <meta name='ocr-system' content='tesseract 3.04.00' />
  <meta name='ocr-capabilities' content='ocr_page ocr_carea ocr_par ocr_line ocrx_word'/>
</head>
<body>
  <div class='ocr_page' id='page_1' title='image "./joanniskepleria00frisgoog/joanniskepleria00frisgoog_0650.png"; bbox 0 0 3308 5534; ppageno 0'>
   <div class='ocr_carea' id='block_1_1' title="bbox 146 334 1203 437">
    <p class='ocr_par' dir='ltr' id='par_1_1' title="bbox 146 334 1203 437">
     <span class='ocr_line' id='line_1_1' title="bbox 146 334 1203 437; baseline -0.01 -21"><span class='ocrx_word' id='word_1_1' title='bbox 146 364 211 437; x_wconf 72' lang='lat'><strong>545</strong></span> <span class='ocrx_word' id='word_1_2' title='bbox 452 355 636 417; x_wconf 62' lang='lat' dir='ltr'><strong>&amp;namatium</strong></span> <span class='ocrx_word' id='word_1_3' title='bbox 651 350 792 410; x_wconf 72' lang='lat' dir='ltr'><strong>necocia«</strong></span> <span class='ocrx_word' id='word_1_4' title='bbox 807 340 1007 407; x_wconf 70' lang='lat' dir='ltr'><strong>Atuemmiaal</strong></span> <span class='ocrx_word' id='word_1_5' title='bbox 1016 334 1112 407; x_wconf 66' lang='lat' dir='ltr'><strong>nenio</strong></span> <span class='ocrx_word' id='word_1_6' title='bbox 1126 344 1203 405; x_wconf 79' lang='lat' dir='ltr'><strong>m.</strong></span> 
     </span>
    </p>
   </div>
   <div class='ocr_carea' id='block_1_2' title="bbox 146 520 1500 1569">
    <p class='ocr_par' dir='ltr' id='par_1_2' title="bbox 146 520 1500 873">
     <span class='ocr_line' id='line_1_2' title="bbox 148 520 1498 613; baseline -0.013 -14"><span class='ocrx_word' id='word_1_7' title='bbox 148 547 267 613; x_wconf 68' lang='lat' dir='ltr'><strong>qaanue</strong></span> <span class='ocrx_word' id='word_1_8' title='bbox 284 544 349 596; x_wconf 89' lang='lat' dir='ltr'><strong>aunt</strong></span> <span class='ocrx_word' id='word_1_9' title='bbox 367 537 441 608; x_wconf 88' lang='lat' dir='ltr'><strong>apud</strong></span> <span class='ocrx_word' id='word_1_10' title='bbox 458 539 533 591; x_wconf 83' lang='lat' dir='ltr'><strong>vos.“</strong></span> <span class='ocrx_word' id='word_1_11' title='bbox 570 532 635 602; x_wconf 89' lang='lat' dir='ltr'><strong>His,</strong></span> <span class='ocrx_word' id='word_1_12' title='bbox 657 548 729 600; x_wconf 86' lang='lat' dir='ltr'><strong>qaae</strong></span> <span class='ocrx_word' id='word_1_13' title='bbox 746 531 859 589; x_wconf 81' lang='lat' dir='ltr'>Octobri</span> <span class='ocrx_word' id='word_1_14' title='bbox 875 532 941 588; x_wconf 87' lang='lat' dir='ltr'><strong>anni</strong></span> <span class='ocrx_word' id='word_1_15' title='bbox 957 529 1028 587; x_wconf 82' lang='grc'>1587</span> <span class='ocrx_word' id='word_1_16' title='bbox 1045 526 1211 601; x_wconf 67' lang='lat' dir='ltr'><strong>scripserit,</strong></span> <span class='ocrx_word' id='word_1_17' title='bbox 1235 520 1386 585; x_wconf 72' lang='lat' dir='ltr'><strong>Novembri</strong></span> <span class='ocrx_word' id='word_1_18' title='bbox 1402 540 1498 583; x_wconf 78' lang='lat' dir='ltr'><strong>eones·</strong></span> 
     </span>
     <span class='ocr_line' id='line_1_3' title="bbox 146 612 1499 691; baseline -0.013 -5"><span class='ocrx_word' id='word_1_19' title='bbox 146 632 251 688; x_wconf 91' lang='lat' dir='ltr'><strong>tionem</strong></span> <span class='ocrx_word' id='word_1_20' title='bbox 269 627 347 683; x_wconf 90' lang='lat' dir='ltr'><strong>addit</strong></span> <span class='ocrx_word' id='word_1_21' title='bbox 363 625 564 691; x_wconf 85' lang='lat' dir='ltr'><strong>Rothmannus,</strong></span> <span class='ocrx_word' id='word_1_22' title='bbox 583 636 634 691; x_wconf 92' lang='lat' dir='ltr'><strong>pre</strong></span> <span class='ocrx_word' id='word_1_23' title='bbox 652 621 853 677; x_wconf 72' lang='lat' dir='ltr'><strong>semidiametro</strong></span> <span class='ocrx_word' id='word_1_24' title='bbox 865 620 967 676; x_wconf 79' lang='lat' dir='ltr'>Terrae</span> <span class='ocrx_word' id='word_1_25' title='bbox 978 616 1176 691; x_wconf 70' lang='lat' dir='ltr'><strong>sexagesimam</strong></span> <span class='ocrx_word' id='word_1_26' title='bbox 1195 612 1392 676; x_wconf 85' lang='lat' dir='ltr'><strong>semidiametri</strong></span> <span class='ocrx_word' id='word_1_27' title='bbox 1404 622 1499 683; x_wconf 76' lang='lat' dir='ltr'><strong>purten</strong></span> 
     </span>
     <span class='ocr_line' id='line_1_4' title="bbox 146 694 1500 790; baseline -0.013 -17"><span class='ocrx_word' id='word_1_28' title='bbox 146 731 198 790; x_wconf 89' lang='lat' dir='ltr'><strong>pro</strong></span> <span class='ocrx_word' id='word_1_29' title='bbox 216 714 359 773; x_wconf 86' lang='lat' dir='ltr'><strong>altitudine</strong></span> <span class='ocrx_word' id='word_1_30' title='bbox 372 712 444 766; x_wconf 76' lang='lat' dir='ltr'><strong>aeris</strong></span> <span class='ocrx_word' id='word_1_31' title='bbox 454 709 613 766; x_wconf 74' lang='lat' dir='ltr'><strong>sumendam</strong></span> <span class='ocrx_word' id='word_1_32' title='bbox 631 722 692 764; x_wconf 88' lang='lat' dir='ltr'><strong>esse</strong></span> <span class='ocrx_word' id='word_1_33' title='bbox 705 716 733 764; x_wconf 91' lang='lat' dir='ltr'><strong>et</strong></span> <span class='ocrx_word' id='word_1_34' title='bbox 745 710 855 765; x_wconf 88' lang='lat' dir='ltr'><strong>schema</strong></span> <span class='ocrx_word' id='word_1_35' title='bbox 871 709 912 765; x_wconf 88' lang='lat' dir='ltr'><strong>ita</strong></span> <span class='ocrx_word' id='word_1_36' title='bbox 927 701 1132 779; x_wconf 88' lang='lat' dir='ltr'><strong>corrigendum,</strong></span> <span class='ocrx_word' id='word_1_37' title='bbox 1149 713 1181 763; x_wconf 89' lang='lat' dir='ltr'><strong>at</strong></span> <span class='ocrx_word' id='word_1_38' title='bbox 1193 694 1242 761; x_wconf 77' lang='lat' dir='ltr'><strong>iil)</strong></span> <span class='ocrx_word' id='word_1_39' title='bbox 1262 703 1367 761; x_wconf 82' lang='lat' dir='ltr'><strong>lineam</strong></span> <span class='ocrx_word' id='word_1_40' title='bbox 1377 700 1428 757; x_wconf 82' lang='lat' dir='ltr'><strong>HL</strong></span> <span class='ocrx_word' id='word_1_41' title='bbox 1437 700 1500 757; x_wconf 79' lang='lat' dir='ltr'><strong>infra</strong></span> 
     </span>
     <span class='ocr_line' id='line_1_5' title="bbox 148 798 1189 873; baseline -0.012 -12"><span class='ocrx_word' id='word_1_42' title='bbox 148 810 245 873; x_wconf 77' lang='lat' dir='ltr'><strong>angat</strong></span> <span class='ocrx_word' id='word_1_43' title='bbox 262 802 292 857; x_wconf 87' lang='lat' dir='ltr'><strong>in</strong></span> <span class='ocrx_word' id='word_1_44' title='bbox 308 801 334 857; x_wconf 81' lang='lat' dir='ltr'>A</span> <span class='ocrx_word' id='word_1_45' title='bbox 350 800 516 868; x_wconf 80' lang='lat' dir='ltr'><strong>(Rothmaunt</strong></span> <span class='ocrx_word' id='word_1_46' title='bbox 534 803 713 850; x_wconf 71' lang='lat' dir='ltr'><strong>correctionem</strong></span> <span class='ocrx_word' id='word_1_47' title='bbox 730 798 774 861; x_wconf 82' lang='lat' dir='ltr'><strong>fig.</strong></span> <span class='ocrx_word' id='word_1_48' title='bbox 795 803 835 851; x_wconf 82' lang='grc'><strong>15.</strong></span> <span class='ocrx_word' id='word_1_49' title='bbox 856 802 959 864; x_wconf 68' lang='lat' dir='ltr'><strong>parate</strong></span> <span class='ocrx_word' id='word_1_50' title='bbox 977 798 1138 866; x_wconf 79' lang='lat' dir='ltr'><strong>notavimus).</strong></span> <span class='ocrx_word' id='word_1_51' title='bbox 1153 827 1189 847; x_wconf 95' lang='lat'><strong>.-</strong></span> 
     </span>
    </p>

    <p class='ocr_par' dir='ltr' id='par_1_3' title="bbox 148 882 1499 1569">
     <span class='ocr_line' id='line_1_6' title="bbox 252 882 1499 955; baseline 0.001 -13"><span class='ocrx_word' id='word_1_52' title='bbox 252 885 396 942; x_wconf 89' lang='lat' dir='ltr'><strong>Peeuliare</strong></span> <span class='ocrx_word' id='word_1_53' title='bbox 416 886 449 940; x_wconf 88' lang='lat' dir='ltr'><strong>de</strong></span> <span class='ocrx_word' id='word_1_54' title='bbox 467 884 653 939; x_wconf 80' lang='lat' dir='ltr'><strong>instrumentis</strong></span> <span class='ocrx_word' id='word_1_55' title='bbox 677 884 733 940; x_wconf 91' lang='lat' dir='ltr'><strong>suis</strong></span> <span class='ocrx_word' id='word_1_56' title='bbox 752 883 838 939; x_wconf 83' lang='lat' dir='ltr'><strong>edidit</strong></span> <span class='ocrx_word' id='word_1_57' title='bbox 855 882 949 954; x_wconf 74' lang='lat' dir='ltr'><strong>Tycha</strong></span> <span class='ocrx_word' id='word_1_58' title='bbox 968 900 1054 953; x_wconf 91' lang='lat' dir='ltr'><strong>epus,</strong></span> <span class='ocrx_word' id='word_1_59' title='bbox 1073 885 1234 955; x_wconf 87' lang='lat' dir='ltr'><strong>inscriptam</strong></span> <span class='ocrx_word' id='word_1_60' title='bbox 1252 887 1450 944; x_wconf 61' lang='lat' dir='ltr'><strong>Adresoninc</strong></span> <span class='ocrx_word' id='word_1_61' title='bbox 1464 889 1499 943; x_wconf 65' lang='lat' dir='ltr'><strong>ie</strong></span> 
     </span>
     <span class='ocr_line' id='line_1_7' title="bbox 148 970 1498 1042; baseline -0.005 -8"><span class='ocrx_word' id='word_1_62' title='bbox 148 982 293 1034; x_wconf 71' lang='lat' dir='ltr'><strong>stauretur</strong></span> <span class='ocrx_word' id='word_1_63' title='bbox 311 971 491 1037; x_wconf 82' lang='lat' dir='ltr'><strong>Mccbeaica,</strong></span> <span class='ocrx_word' id='word_1_64' title='bbox 510 972 712 1042; x_wconf 88' lang='lat' dir='ltr'><strong>Wandesbargi</strong></span> <span class='ocrx_word' id='word_1_65' title='bbox 725 970 803 1027; x_wconf 81' lang='grc'>1598.</span> <span class='ocrx_word' id='word_1_66' title='bbox 828 972 1027 1027; x_wconf 86' lang='lat' dir='ltr'><strong>Describuntur</strong></span> <span class='ocrx_word' id='word_1_67' title='bbox 1045 973 1225 1029; x_wconf 83' lang='lat' dir='ltr'><strong>instrumente</strong></span> <span class='ocrx_word' id='word_1_68' title='bbox 1244 990 1360 1029; x_wconf 68' lang='lat' dir='ltr'><strong>numero</strong></span> <span class='ocrx_word' id='word_1_69' title='bbox 1373 974 1415 1035; x_wconf 69' lang='lat' dir='ltr'><strong>lt.</strong></span> <span class='ocrx_word' id='word_1_70' title='bbox 1432 990 1498 1028; x_wconf 83' lang='lat' dir='ltr'><strong>enar·</strong></span> 
     </span>
     <span class='ocr_line' id='line_1_8' title="bbox 150 1058 1498 1133; baseline -0.001 -15"><span class='ocrx_word' id='word_1_71' title='bbox 150 1064 215 1118; x_wconf 90' lang='lat' dir='ltr'><strong>ratis</strong></span> <span class='ocrx_word' id='word_1_72' title='bbox 229 1060 309 1116; x_wconf 89' lang='lat' dir='ltr'><strong>simul</strong></span> <span class='ocrx_word' id='word_1_73' title='bbox 322 1061 402 1115; x_wconf 89' lang='lat' dir='ltr'><strong>rebus</strong></span> <span class='ocrx_word' id='word_1_74' title='bbox 417 1059 514 1128; x_wconf 89' lang='lat' dir='ltr'><strong>quibus</strong></span> <span class='ocrx_word' id='word_1_75' title='bbox 527 1058 707 1113; x_wconf 87' lang='lat' dir='ltr'><strong>inservierant</strong></span> <span class='ocrx_word' id='word_1_76' title='bbox 724 1059 907 1131; x_wconf 79' lang='lat' dir='ltr'><strong>observandis,</strong></span> <span class='ocrx_word' id='word_1_77' title='bbox 926 1060 1068 1132; x_wconf 82' lang='lat' dir='ltr'><strong>relatoqae</strong></span> <span class='ocrx_word' id='word_1_78' title='bbox 1086 1070 1217 1133; x_wconf 89' lang='lat' dir='ltr'><strong>ternpore,</strong></span> <span class='ocrx_word' id='word_1_79' title='bbox 1236 1080 1292 1132; x_wconf 85' lang='lat' dir='ltr'><strong>qtro</strong></span> <span class='ocrx_word' id='word_1_80' title='bbox 1310 1064 1498 1133; x_wconf 68' lang='lat' dir='ltr'><strong>excogitarent</strong></span> 
     </span>
     <span class='ocr_line' id='line_1_9' title="bbox 149 1147 1496 1224; baseline -0.001 -16"><span class='ocrx_word' id='word_1_81' title='bbox 149 1153 243 1224; x_wconf 80' lang='lat' dir='ltr'><strong>Tycha</strong></span> <span class='ocrx_word' id='word_1_82' title='bbox 256 1165 327 1207; x_wconf 84' lang='lat' dir='ltr'><strong>nora</strong></span> <span class='ocrx_word' id='word_1_83' title='bbox 339 1165 387 1203; x_wconf 90' lang='lat' dir='ltr'><strong>seu</strong></span> <span class='ocrx_word' id='word_1_84' title='bbox 400 1147 592 1204; x_wconf 75' lang='lat' dir='ltr'><strong>emendaverat</strong></span> <span class='ocrx_word' id='word_1_85' title='bbox 604 1148 754 1202; x_wconf 87' lang='lat' dir='ltr'><strong>inveterata</strong></span> <span class='ocrx_word' id='word_1_86' title='bbox 766 1148 955 1204; x_wconf 88' lang='lat' dir='ltr'><strong>instrumenta.</strong></span> <span class='ocrx_word' id='word_1_87' title='bbox 981 1147 1012 1205; x_wconf 91' lang='lat' dir='ltr'><strong>ln</strong></span> <span class='ocrx_word' id='word_1_88' title='bbox 1025 1168 1098 1206; x_wconf 91' lang='lat' dir='ltr'><strong>nam.</strong></span> <span class='ocrx_word' id='word_1_89' title='bbox 1112 1152 1137 1219; x_wconf 84' lang='lat'><strong>2,</strong></span> <span class='ocrx_word' id='word_1_90' title='bbox 1159 1150 1330 1221; x_wconf 84' lang='lat' dir='ltr'><strong>„quadrante</strong></span> <span class='ocrx_word' id='word_1_91' title='bbox 1348 1152 1496 1207; x_wconf 53' lang='lat' dir='ltr'><strong>edebat&amp;</strong></span> 
     </span>
     <span class='ocr_line' id='line_1_10' title="bbox 150 1236 1494 1307; baseline -0.001 -11"><span class='ocrx_word' id='word_1_92' title='bbox 150 1239 340 1307; x_wconf 78' lang='lat' dir='ltr'><strong>azimnthali“,</strong></span> <span class='ocrx_word' id='word_1_93' title='bbox 360 1252 414 1306; x_wconf 91' lang='lat' dir='ltr'><strong>qno</strong></span> <span class='ocrx_word' id='word_1_94' title='bbox 434 1252 500 1290; x_wconf 86' lang='lat' dir='ltr'><strong>aeus</strong></span> <span class='ocrx_word' id='word_1_95' title='bbox 520 1244 563 1290; x_wconf 90' lang='lat' dir='ltr'><strong>est</strong></span> <span class='ocrx_word' id='word_1_96' title='bbox 580 1237 607 1290; x_wconf 93' lang='lat' dir='ltr'><strong>in</strong></span> <span class='ocrx_word' id='word_1_97' title='bbox 627 1236 863 1293; x_wconf 84' lang='lat' dir='ltr'><strong>observationibus</strong></span> <span class='ocrx_word' id='word_1_98' title='bbox 881 1245 1003 1292; x_wconf 87' lang='lat' dir='ltr'><strong>cometae</strong></span> <span class='ocrx_word' id='word_1_99' title='bbox 1027 1238 1091 1293; x_wconf 87' lang='lat' dir='ltr'><strong>anni</strong></span> <span class='ocrx_word' id='word_1_100' title='bbox 1111 1240 1191 1307; x_wconf 71' lang='lat' dir='ltr'><strong>isti,</strong></span> <span class='ocrx_word' id='word_1_101' title='bbox 1217 1239 1329 1307; x_wconf 79' lang='lat' dir='ltr'><strong>praeter</strong></span> <span class='ocrx_word' id='word_1_102' title='bbox 1346 1239 1429 1294; x_wconf 67' lang='lat' dir='ltr'><strong>Nouii</strong></span> <span class='ocrx_word' id='word_1_103' title='bbox 1444 1242 1494 1295; x_wconf 78' lang='lat' dir='ltr'><strong>sab</strong></span> 
     </span>
     <span class='ocr_line' id='line_1_11' title="bbox 154 1322 1495 1395; baseline -0.001 -11"><span class='ocrx_word' id='word_1_104' title='bbox 154 1327 312 1384; x_wconf 90' lang='lat' dir='ltr'><strong>divisionem</strong></span> <span class='ocrx_word' id='word_1_105' title='bbox 333 1323 563 1393; x_wconf 79' lang='lat' dir='ltr'><strong>deprehendimus</strong></span> <span class='ocrx_word' id='word_1_106' title='bbox 582 1322 657 1377; x_wconf 91' lang='lat' dir='ltr'><strong>illam</strong></span> <span class='ocrx_word' id='word_1_107' title='bbox 676 1325 762 1393; x_wconf 92' lang='lat' dir='ltr'><strong>ipsius</strong></span> <span class='ocrx_word' id='word_1_108' title='bbox 781 1325 933 1395; x_wconf 82' lang='lat' dir='ltr'><strong>Tycbenis:</strong></span> <span class='ocrx_word' id='word_1_109' title='bbox 959 1325 1058 1395; x_wconf 85' lang='lat' dir='ltr'><strong>singuli</strong></span> <span class='ocrx_word' id='word_1_110' title='bbox 1082 1327 1166 1380; x_wconf 91' lang='lat' dir='ltr'><strong>totins</strong></span> <span class='ocrx_word' id='word_1_111' title='bbox 1185 1325 1350 1394; x_wconf 78' lang='lat' dir='ltr'><strong>quadrantis</strong></span> <span class='ocrx_word' id='word_1_112' title='bbox 1368 1327 1495 1395; x_wconf 61' lang='lat' dir='ltr'><strong>masa</strong></span> 
     </span>
     <span class='ocr_line' id='line_1_12' title="bbox 150 1411 1492 1484; baseline -0.001 -13"><span class='ocrx_word' id='word_1_113' title='bbox 150 1431 231 1473; x_wconf 85' lang='lat' dir='ltr'><strong>senae</strong></span> <span class='ocrx_word' id='word_1_114' title='bbox 248 1411 398 1484; x_wconf 88' lang='lat' dir='ltr'><strong>particulas</strong></span> <span class='ocrx_word' id='word_1_115' title='bbox 418 1428 502 1481; x_wconf 85' lang='lat' dir='ltr'><strong>supra</strong></span> <span class='ocrx_word' id='word_1_116' title='bbox 522 1418 549 1465; x_wconf 90' lang='lat' dir='ltr'><strong>et</strong></span> <span class='ocrx_word' id='word_1_117' title='bbox 566 1411 636 1465; x_wconf 88' lang='lat' dir='ltr'><strong>infra</strong></span> <span class='ocrx_word' id='word_1_118' title='bbox 650 1412 814 1483; x_wconf 87' lang='lat' dir='ltr'><strong>dividuntur,</strong></span> <span class='ocrx_word' id='word_1_119' title='bbox 833 1428 903 1483; x_wconf 88' lang='lat' dir='ltr'><strong>qnae</strong></span> <span class='ocrx_word' id='word_1_120' title='bbox 922 1423 949 1467; x_wconf 89' lang='lat' dir='ltr'><strong>et</strong></span> <span class='ocrx_word' id='word_1_121' title='bbox 963 1413 1038 1482; x_wconf 89' lang='lat' dir='ltr'><strong>ipsae</strong></span> <span class='ocrx_word' id='word_1_122' title='bbox 1051 1429 1101 1482; x_wconf 88' lang='lat' dir='ltr'><strong>per</strong></span> <span class='ocrx_word' id='word_1_123' title='bbox 1114 1413 1199 1467; x_wconf 89' lang='lat' dir='ltr'><strong>lineas</strong></span> <span class='ocrx_word' id='word_1_124' title='bbox 1217 1414 1419 1471; x_wconf 72' lang='lat' dir='ltr'><strong>unsversales</strong></span> <span class='ocrx_word' id='word_1_125' title='bbox 1430 1413 1492 1469; x_wconf 85' lang='lat' dir='ltr'><strong>aiter·</strong></span> 
     </span>
     <span class='ocr_line' id='line_1_13' title="bbox 150 1498 1492 1569; baseline -0.002 -11"><span class='ocrx_word' id='word_1_126' title='bbox 150 1502 236 1558; x_wconf 90' lang='lat' dir='ltr'><strong>natim</strong></span> <span class='ocrx_word' id='word_1_127' title='bbox 254 1500 350 1556; x_wconf 87' lang='lat' dir='ltr'><strong>ductas</strong></span> <span class='ocrx_word' id='word_1_128' title='bbox 368 1500 396 1553; x_wconf 92' lang='lat' dir='ltr'><strong>in</strong></span> <span class='ocrx_word' id='word_1_129' title='bbox 416 1500 486 1553; x_wconf 88' lang='lat' dir='ltr'><strong>dena</strong></span> <span class='ocrx_word' id='word_1_130' title='bbox 505 1498 657 1568; x_wconf 88' lang='lat' dir='ltr'><strong>aequaliter</strong></span> <span class='ocrx_word' id='word_1_131' title='bbox 676 1499 805 1554; x_wconf 89' lang='lat' dir='ltr'><strong>distentia</strong></span> <span class='ocrx_word' id='word_1_132' title='bbox 827 1508 929 1569; x_wconf 91' lang='lat' dir='ltr'><strong>punctu</strong></span> <span class='ocrx_word' id='word_1_133' title='bbox 948 1499 1049 1555; x_wconf 89' lang='lat' dir='ltr'><strong>divisae</strong></span> <span class='ocrx_word' id='word_1_134' title='bbox 1068 1500 1176 1569; x_wconf 86' lang='lat' dir='ltr'><strong>singula</strong></span> <span class='ocrx_word' id='word_1_135' title='bbox 1198 1501 1306 1556; x_wconf 86' lang='lat' dir='ltr'><strong>minata</strong></span> <span class='ocrx_word' id='word_1_136' title='bbox 1330 1501 1445 1557; x_wconf 73' lang='grc' dir='ltr'><strong>ιίιιηιι</strong></span> <span class='ocrx_word' id='word_1_137' title='bbox 1458 1518 1492 1555; x_wconf 83' lang='lat' dir='ltr'><strong>es·</strong></span> 
     </span>
    </p>
   </div>
   <div class='ocr_carea' id='block_1_3' title="bbox 43 1585 1489 1659">
    <p class='ocr_par' dir='ltr' id='par_1_4' title="bbox 43 1585 1489 1659">
     <span class='ocr_line' id='line_1_14' title="bbox 43 1585 1489 1659; baseline -0.001 -15"><span class='ocrx_word' id='word_1_138' title='bbox 43 1623 46 1627; x_wconf 59' lang='lat'>&gt;</span> <span class='ocrx_word' id='word_1_139' title='bbox 152 1591 255 1645; x_wconf 82' lang='lat' dir='ltr'><strong>hibent</strong></span> <span class='ocrx_word' id='word_1_140' title='bbox 294 1587 394 1655; x_wconf 87' lang='lat' dir='ltr'><strong>,Cujus</strong></span> <span class='ocrx_word' id='word_1_141' title='bbox 418 1586 557 1643; x_wconf 83' lang='lat' dir='ltr'><strong>divisionis</strong></span> <span class='ocrx_word' id='word_1_142' title='bbox 581 1585 776 1641; x_wconf 83' lang='lat' dir='ltr'><strong>demonstratio</strong></span> <span class='ocrx_word' id='word_1_143' title='bbox 801 1586 867 1642; x_wconf 90' lang='lat' dir='ltr'><strong>licet</strong></span> <span class='ocrx_word' id='word_1_144' title='bbox 889 1588 917 1640; x_wconf 93' lang='lat' dir='ltr'><strong>in</strong></span> <span class='ocrx_word' id='word_1_145' title='bbox 942 1588 1089 1643; x_wconf 87' lang='lat' dir='ltr'><strong>rectilineis</strong></span> <span class='ocrx_word' id='word_1_146' title='bbox 1112 1588 1378 1657; x_wconf 78' lang='lat' dir='ltr'><strong>parallelogrammis</strong></span> <span class='ocrx_word' id='word_1_147' title='bbox 1401 1590 1489 1659; x_wconf 77' lang='lat' dir='ltr'><strong>proprie</strong></span> 
     </span>
    </p>
   </div>
   <div class='ocr_carea' id='block_1_4' title="bbox 119 1674 1526 4823">
    <p class='ocr_par' dir='ltr' id='par_1_5' title="bbox 151 1674 1526 3412">
     <span class='ocr_line' id='line_1_15' title="bbox 153 1674 1489 1747; baseline -0.002 -14"><span class='ocrx_word' id='word_1_148' title='bbox 153 1676 311 1740; x_wconf 89' lang='lat' dir='ltr'><strong>conveniat,</strong></span> <span class='ocrx_word' id='word_1_149' title='bbox 338 1674 514 1729; x_wconf 83' lang='lat' dir='ltr'><strong>nihilominus</strong></span> <span class='ocrx_word' id='word_1_150' title='bbox 533 1674 688 1728; x_wconf 89' lang='lat' dir='ltr'><strong>arcualibas</strong></span> <span class='ocrx_word' id='word_1_151' title='bbox 714 1675 795 1729; x_wconf 88' lang='lat' dir='ltr'><strong>ctiam</strong></span> <span class='ocrx_word' id='word_1_152' title='bbox 818 1675 897 1731; x_wconf 90' lang='lat' dir='ltr'><strong>lineis</strong></span> <span class='ocrx_word' id='word_1_153' title='bbox 912 1676 939 1729; x_wconf 92' lang='lat' dir='ltr'><strong>in</strong></span> <span class='ocrx_word' id='word_1_154' title='bbox 958 1684 1013 1730; x_wconf 85' lang='lat' dir='ltr'><strong>tam</strong></span> <span class='ocrx_word' id='word_1_155' title='bbox 1036 1676 1100 1730; x_wconf 84' lang='lat' dir='ltr'><strong>exili</strong></span> <span class='ocrx_word' id='word_1_156' title='bbox 1125 1676 1285 1745; x_wconf 82' lang='lat' dir='ltr'><strong>intervallo,</strong></span> <span class='ocrx_word' id='word_1_157' title='bbox 1312 1676 1388 1747; x_wconf 86' lang='lat' dir='ltr'><strong>quod</strong></span> <span class='ocrx_word' id='word_1_158' title='bbox 1405 1694 1421 1732; x_wconf 85' lang='lat' dir='ltr'><strong>a</strong></span> <span class='ocrx_word' id='word_1_159' title='bbox 1436 1676 1489 1730; x_wconf 85' lang='lat' dir='ltr'><strong>linea</strong></span> 
     </span>
     <span class='ocr_line' id='line_1_16' title="bbox 153 1762 1526 1834; baseline -0.004 -13"><span class='ocrx_word' id='word_1_160' title='bbox 153 1773 228 1821; x_wconf 88' lang='lat' dir='ltr'><strong>recta</strong></span> <span class='ocrx_word' id='word_1_161' title='bbox 246 1765 285 1819; x_wconf 88' lang='lat' dir='ltr'><strong>ita</strong></span> <span class='ocrx_word' id='word_1_162' title='bbox 303 1771 333 1818; x_wconf 90' lang='lat' dir='ltr'><strong>ut</strong></span> <span class='ocrx_word' id='word_1_163' title='bbox 351 1764 397 1818; x_wconf 86' lang='lat' dir='ltr'><strong>vix</strong></span> <span class='ocrx_word' id='word_1_164' title='bbox 417 1762 642 1832; x_wconf 68' lang='lat' dir='ltr'><strong>certitudinem,</strong></span> <span class='ocrx_word' id='word_1_165' title='bbox 669 1765 863 1822; x_wconf 85' lang='lat' dir='ltr'><strong>convenienter</strong></span> <span class='ocrx_word' id='word_1_166' title='bbox 887 1765 1066 1834; x_wconf 71' lang='lat' dir='ltr'><strong>applicatar·“</strong></span> <span class='ocrx_word' id='word_1_167' title='bbox 1105 1763 1183 1818; x_wconf 91' lang='lat' dir='ltr'><strong>ilanc</strong></span> <span class='ocrx_word' id='word_1_168' title='bbox 1207 1763 1371 1819; x_wconf 85' lang='lat' dir='ltr'><strong>divisionem</strong></span> <span class='ocrx_word' id='word_1_169' title='bbox 1397 1764 1488 1819; x_wconf 72' lang='lat' dir='ltr'><strong>abach</strong></span> <span class='ocrx_word' id='word_1_170' title='bbox 1524 1810 1526 1815; x_wconf 92' lang='lat'><em>.</em></span> 
     </span>
     <span class='ocr_line' id='line_1_17' title="bbox 155 1849 1487 1922; baseline -0.004 -12"><span class='ocrx_word' id='word_1_171' title='bbox 155 1854 301 1910; x_wconf 86' lang='lat' dir='ltr'><strong>Germania</strong></span> <span class='ocrx_word' id='word_1_172' title='bbox 319 1852 371 1906; x_wconf 89' lang='lat' dir='ltr'><strong>sibi</strong></span> <span class='ocrx_word' id='word_1_173' title='bbox 389 1849 546 1907; x_wconf 85' lang='lat' dir='ltr'><strong>attribuisse</strong></span> <span class='ocrx_word' id='word_1_174' title='bbox 565 1850 689 1919; x_wconf 90' lang='lat' dir='ltr'><strong>queritur</strong></span> <span class='ocrx_word' id='word_1_175' title='bbox 707 1852 814 1921; x_wconf 84' lang='lat' dir='ltr'><strong>Tycha,</strong></span> <span class='ocrx_word' id='word_1_176' title='bbox 840 1868 923 1922; x_wconf 86' lang='lat' dir='ltr'><strong>quam</strong></span> <span class='ocrx_word' id='word_1_177' title='bbox 942 1852 1050 1920; x_wconf 89' lang='lat' dir='ltr'><strong>quidem</strong></span> <span class='ocrx_word' id='word_1_178' title='bbox 1069 1867 1136 1905; x_wconf 81' lang='lat' dir='ltr'><strong>sarae</strong></span> <span class='ocrx_word' id='word_1_179' title='bbox 1154 1850 1228 1906; x_wconf 91' lang='lat' dir='ltr'><strong>domi</strong></span> <span class='ocrx_word' id='word_1_180' title='bbox 1246 1856 1421 1921; x_wconf 84' lang='lat' dir='ltr'><strong>conspectam</strong></span> <span class='ocrx_word' id='word_1_181' title='bbox 1436 1851 1487 1905; x_wconf 81' lang='lat' dir='ltr'><strong>tva·</strong></span> 
     </span>
     <span class='ocr_line' id='line_1_18' title="bbox 151 1936 1488 2008; baseline -0.005 -10"><span class='ocrx_word' id='word_1_182' title='bbox 151 1941 251 1999; x_wconf 88' lang='lat' dir='ltr'><strong>tiebias</strong></span> <span class='ocrx_word' id='word_1_183' title='bbox 266 1957 320 1995; x_wconf 89' lang='lat' dir='ltr'><strong>aaa</strong></span> <span class='ocrx_word' id='word_1_184' title='bbox 333 1956 394 1994; x_wconf 90' lang='lat' dir='ltr'><strong>curn</strong></span> <span class='ocrx_word' id='word_1_185' title='bbox 407 1937 622 2007; x_wconf 89' lang='lat' dir='ltr'><strong>pinnacidieram</strong></span> <span class='ocrx_word' id='word_1_186' title='bbox 635 1939 740 1994; x_wconf 89' lang='lat' dir='ltr'><strong>ratione</strong></span> <span class='ocrx_word' id='word_1_187' title='bbox 754 1939 882 1995; x_wconf 76' lang='lat' dir='ltr'><strong>cassellis</strong></span> <span class='ocrx_word' id='word_1_188' title='bbox 894 1937 1055 2008; x_wconf 82' lang='lat' dir='ltr'><strong>patefecerit</strong></span> <span class='ocrx_word' id='word_1_189' title='bbox 1067 1945 1095 1991; x_wconf 91' lang='lat' dir='ltr'><strong>et</strong></span> <span class='ocrx_word' id='word_1_190' title='bbox 1107 1936 1177 1991; x_wconf 89' lang='lat' dir='ltr'><strong>forte</strong></span> <span class='ocrx_word' id='word_1_191' title='bbox 1190 1939 1273 1992; x_wconf 90' lang='lat' dir='ltr'><strong>etiam</strong></span> <span class='ocrx_word' id='word_1_192' title='bbox 1293 1955 1345 2008; x_wconf 92' lang='lat' dir='ltr'><strong>pro</strong></span> <span class='ocrx_word' id='word_1_193' title='bbox 1358 1954 1406 1994; x_wconf 88' lang='lat' dir='ltr'><strong>saa</strong></span> <span class='ocrx_word' id='word_1_194' title='bbox 1418 1936 1488 1991; x_wconf 85' lang='lat' dir='ltr'><strong>rendi·</strong></span> 
     </span>
     <span class='ocr_line' id='line_1_19' title="bbox 151 2024 1486 2093; baseline -0.001 -10"><span class='ocrx_word' id='word_1_195' title='bbox 151 2027 258 2084; x_wconf 89' lang='lat' dir='ltr'><strong>taverit.</strong></span> <span class='ocrx_word' id='word_1_196' title='bbox 295 2028 378 2082; x_wconf 86' lang='lat' dir='ltr'><strong>Num.</strong></span> <span class='ocrx_word' id='word_1_197' title='bbox 396 2027 421 2079; x_wconf 81' lang='grc' dir='ltr'><strong>ι.</strong></span> <span class='ocrx_word' id='word_1_198' title='bbox 440 2032 632 2079; x_wconf 86' lang='lat' dir='ltr'><strong>sextantem</strong></span> <span class='ocrx_word' id='word_1_199' title='bbox 653 2025 843 2081; x_wconf 86' lang='lat' dir='ltr'><strong>altitudinibus</strong></span> <span class='ocrx_word' id='word_1_200' title='bbox 860 2026 1051 2081; x_wconf 82' lang='lat' dir='ltr'><strong>inservientem</strong></span> <span class='ocrx_word' id='word_1_201' title='bbox 1070 2025 1253 2093; x_wconf 83' lang='lat' dir='ltr'><strong>excogitatum</strong></span> <span class='ocrx_word' id='word_1_202' title='bbox 1272 2041 1337 2080; x_wconf 86' lang='lat' dir='ltr'><strong>esse</strong></span> <span class='ocrx_word' id='word_1_203' title='bbox 1355 2042 1379 2080; x_wconf 91' lang='lat' dir='ltr'><strong>c.</strong></span> <span class='ocrx_word' id='word_1_204' title='bbox 1392 2042 1416 2080; x_wconf 87' lang='lat' dir='ltr'><strong>a.</strong></span> <span class='ocrx_word' id='word_1_205' title='bbox 1431 2024 1486 2081; x_wconf 74' lang='lat' dir='ltr'><strong>tata</strong></span> 
     </span>
     <span class='ocr_line' id='line_1_20' title="bbox 151 2113 1486 2187; baseline 0.001 -18"><span class='ocrx_word' id='word_1_206' title='bbox 151 2116 218 2172; x_wconf 91' lang='lat' dir='ltr'><strong>lieet</strong></span> <span class='ocrx_word' id='word_1_207' title='bbox 234 2117 280 2171; x_wconf 88' lang='lat' dir='ltr'><strong>alii</strong></span> <span class='ocrx_word' id='word_1_208' title='bbox 304 2124 402 2187; x_wconf 86' lang='lat' dir='ltr'><strong>postea</strong></span> <span class='ocrx_word' id='word_1_209' title='bbox 427 2114 486 2182; x_wconf 87' lang='lat' dir='ltr'><strong>ejus</strong></span> <span class='ocrx_word' id='word_1_210' title='bbox 513 2113 698 2168; x_wconf 87' lang='lat' dir='ltr'><strong>inventionem</strong></span> <span class='ocrx_word' id='word_1_211' title='bbox 723 2113 775 2167; x_wconf 93' lang='lat' dir='ltr'><strong>sibi</strong></span> <span class='ocrx_word' id='word_1_212' title='bbox 801 2113 953 2181; x_wconf 89' lang='lat' dir='ltr'><strong>arrogarint</strong></span> <span class='ocrx_word' id='word_1_213' title='bbox 972 2113 1131 2182; x_wconf 85' lang='lat' dir='ltr'><strong>formaeque</strong></span> <span class='ocrx_word' id='word_1_214' title='bbox 1155 2117 1336 2172; x_wconf 85' lang='lat' dir='ltr'><strong>variationem</strong></span> <span class='ocrx_word' id='word_1_215' title='bbox 1354 2116 1486 2172; x_wconf 76' lang='lat' dir='ltr'><strong>nomades</strong></span> 
     </span>
     <span class='ocr_line' id='line_1_21' title="bbox 152 2200 1485 2273; baseline 0.001 -15"><span class='ocrx_word' id='word_1_216' title='bbox 152 2204 316 2259; x_wconf 81' lang='lat' dir='ltr'><strong>effinxerint.</strong></span> <span class='ocrx_word' id='word_1_217' title='bbox 335 2203 416 2257; x_wconf 88' lang='lat' dir='ltr'><strong>Nam.</strong></span> <span class='ocrx_word' id='word_1_218' title='bbox 431 2204 455 2256; x_wconf 91' lang='grc'><strong>5.</strong></span> <span class='ocrx_word' id='word_1_219' title='bbox 469 2200 646 2271; x_wconf 83' lang='lat' dir='ltr'><strong>quadrans</strong></span> <span class='ocrx_word' id='word_1_220' title='bbox 664 2200 803 2256; x_wconf 88' lang='lat' dir='ltr'><strong>muralis</strong></span> <span class='ocrx_word' id='word_1_221' title='bbox 822 2201 892 2269; x_wconf 80' lang='lat' dir='ltr'><strong>(sive</strong></span> <span class='ocrx_word' id='word_1_222' title='bbox 905 2200 1090 2270; x_wconf 82' lang='lat' dir='ltr'><strong>Tychonicas)</strong></span> <span class='ocrx_word' id='word_1_223' title='bbox 1104 2203 1225 2272; x_wconf 86' lang='lat' dir='ltr'><strong>perbelle</strong></span> <span class='ocrx_word' id='word_1_224' title='bbox 1239 2220 1358 2259; x_wconf 86' lang='lat' dir='ltr'><strong>excusas</strong></span> <span class='ocrx_word' id='word_1_225' title='bbox 1376 2212 1428 2273; x_wconf 75' lang='lat' dir='ltr'><strong>est,</strong></span> <span class='ocrx_word' id='word_1_226' title='bbox 1440 2220 1485 2259; x_wconf 79' lang='lat' dir='ltr'><strong>res</strong></span> 
     </span>
     <span class='ocr_line' id='line_1_22' title="bbox 152 2288 1526 2362; baseline -0.001 -13"><span class='ocrx_word' id='word_1_227' title='bbox 152 2292 306 2362; x_wconf 86' lang='lat' dir='ltr'><strong>spiciuntur</strong></span> <span class='ocrx_word' id='word_1_228' title='bbox 323 2294 524 2358; x_wconf 85' lang='lat' dir='ltr'><strong>observatores,</strong></span> <span class='ocrx_word' id='word_1_229' title='bbox 544 2288 659 2357; x_wconf 87' lang='lat' dir='ltr'><strong>scribae,</strong></span> <span class='ocrx_word' id='word_1_230' title='bbox 678 2288 829 2358; x_wconf 83' lang='lat' dir='ltr'><strong>horologia,</strong></span> <span class='ocrx_word' id='word_1_231' title='bbox 847 2290 907 2358; x_wconf 90' lang='lat' dir='ltr'><strong>ipse</strong></span> <span class='ocrx_word' id='word_1_232' title='bbox 925 2290 1019 2359; x_wconf 79' lang='lat' dir='ltr'><strong>Tycha</strong></span> <span class='ocrx_word' id='word_1_233' title='bbox 1038 2290 1160 2358; x_wconf 84' lang='lat' dir='ltr'><strong>adstans,</strong></span> <span class='ocrx_word' id='word_1_234' title='bbox 1179 2293 1259 2359; x_wconf 87' lang='lat' dir='ltr'><strong>quasi</strong></span> <span class='ocrx_word' id='word_1_235' title='bbox 1278 2291 1402 2348; x_wconf 86' lang='lat' dir='ltr'><strong>indicant</strong></span> <span class='ocrx_word' id='word_1_236' title='bbox 1418 2292 1485 2359; x_wconf 69' lang='lat' dir='ltr'><strong>ncta</strong></span> <span class='ocrx_word' id='word_1_237' title='bbox 1524 2288 1526 2339; x_wconf 75' lang='lat' dir='ltr'><strong>i</strong></span> 
     </span>
     <span class='ocr_line' id='line_1_23' title="bbox 154 2375 1485 2451; baseline 0 -17"><span class='ocrx_word' id='word_1_238' title='bbox 154 2380 219 2450; x_wconf 89' lang='lat' dir='ltr'><strong>quid</strong></span> <span class='ocrx_word' id='word_1_239' title='bbox 238 2379 436 2434; x_wconf 90' lang='lat' dir='ltr'><strong>observandum</strong></span> <span class='ocrx_word' id='word_1_240' title='bbox 454 2379 499 2434; x_wconf 89' lang='lat' dir='ltr'><strong>sit.</strong></span> <span class='ocrx_word' id='word_1_241' title='bbox 532 2377 625 2441; x_wconf 87' lang='lat' dir='ltr'><strong>,llane</strong></span> <span class='ocrx_word' id='word_1_242' title='bbox 644 2375 767 2444; x_wconf 58' lang='lat' dir='ltr'><strong>arfinan,</strong></span> <span class='ocrx_word' id='word_1_243' title='bbox 778 2392 879 2445; x_wconf 85' lang='lat' dir='ltr'><strong>magna</strong></span> <span class='ocrx_word' id='word_1_244' title='bbox 898 2377 1009 2432; x_wconf 87' lang='lat' dir='ltr'><strong>solertia</strong></span> <span class='ocrx_word' id='word_1_245' title='bbox 1028 2378 1164 2448; x_wconf 82' lang='lat' dir='ltr'><strong>expressit</strong></span> <span class='ocrx_word' id='word_1_246' title='bbox 1176 2378 1299 2434; x_wconf 85' lang='lat' dir='ltr'><strong>Thomas</strong></span> <span class='ocrx_word' id='word_1_247' title='bbox 1314 2380 1485 2451; x_wconf 80' lang='lat' dir='ltr'><strong>tiemperliau,</strong></span> 
     </span>
     <span class='ocr_line' id='line_1_24' title="bbox 154 2462 1526 2539; baseline 0.001 -18"><span class='ocrx_word' id='word_1_248' title='bbox 154 2468 239 2536; x_wconf 83' lang='lat' dir='ltr'><strong>idque</strong></span> <span class='ocrx_word' id='word_1_249' title='bbox 257 2473 312 2521; x_wconf 73' lang='lat' dir='ltr'><strong>mm</strong></span> <span class='ocrx_word' id='word_1_250' title='bbox 331 2473 529 2535; x_wconf 88' lang='lat' dir='ltr'><strong>competenter,</strong></span> <span class='ocrx_word' id='word_1_251' title='bbox 550 2473 580 2520; x_wconf 92' lang='lat' dir='ltr'><strong>ut</strong></span> <span class='ocrx_word' id='word_1_252' title='bbox 597 2465 641 2517; x_wconf 87' lang='lat' dir='ltr'><strong>vix</strong></span> <span class='ocrx_word' id='word_1_253' title='bbox 661 2462 775 2518; x_wconf 88' lang='lat' dir='ltr'><strong>similior</strong></span> <span class='ocrx_word' id='word_1_254' title='bbox 788 2464 845 2518; x_wconf 88' lang='lat' dir='ltr'><strong>dari</strong></span> <span class='ocrx_word' id='word_1_255' title='bbox 864 2466 977 2534; x_wconf 77' lang='lat' dir='ltr'><strong>pessit.“</strong></span> <span class='ocrx_word' id='word_1_256' title='bbox 1005 2465 1035 2518; x_wconf 91' lang='grc' dir='ltr'><strong>Ιιι</strong></span> <span class='ocrx_word' id='word_1_257' title='bbox 1049 2465 1100 2519; x_wconf 83' lang='lat' dir='ltr'><strong>linc</strong></span> <span class='ocrx_word' id='word_1_258' title='bbox 1115 2466 1185 2519; x_wconf 87' lang='lat' dir='ltr'><strong>sieut</strong></span> <span class='ocrx_word' id='word_1_259' title='bbox 1204 2466 1233 2521; x_wconf 88' lang='lat' dir='ltr'><strong>in</strong></span> <span class='ocrx_word' id='word_1_260' title='bbox 1246 2467 1310 2524; x_wconf 85' lang='lat' dir='ltr'><strong>eliis</strong></span> <span class='ocrx_word' id='word_1_261' title='bbox 1324 2468 1487 2539; x_wconf 73' lang='lat' dir='ltr'><strong>quaeipsis·</strong></span> <span class='ocrx_word' id='word_1_262' title='bbox 1524 2484 1526 2491; x_wconf 90' lang='lat'>·</span> 
     </span>
     <span class='ocr_line' id='line_1_25' title="bbox 154 2551 1487 2625; baseline 0 -16"><span class='ocrx_word' id='word_1_263' title='bbox 154 2555 197 2610; x_wconf 88' lang='lat' dir='ltr'><strong>ais</strong></span> <span class='ocrx_word' id='word_1_264' title='bbox 215 2553 339 2609; x_wconf 88' lang='lat' dir='ltr'><strong>referunt</strong></span> <span class='ocrx_word' id='word_1_265' title='bbox 357 2553 477 2621; x_wconf 87' lang='lat' dir='ltr'><strong>effigiem</strong></span> <span class='ocrx_word' id='word_1_266' title='bbox 494 2552 596 2609; x_wconf 89' lang='lat' dir='ltr'><strong>tabulis</strong></span> <span class='ocrx_word' id='word_1_267' title='bbox 616 2552 784 2620; x_wconf 89' lang='lat' dir='ltr'><strong>conspicitur</strong></span> <span class='ocrx_word' id='word_1_268' title='bbox 796 2551 944 2619; x_wconf 86' lang='lat' dir='ltr'><strong>singularis</strong></span> <span class='ocrx_word' id='word_1_269' title='bbox 957 2551 1092 2618; x_wconf 82' lang='lat' dir='ltr'><strong>quaedam</strong></span> <span class='ocrx_word' id='word_1_270' title='bbox 1108 2552 1216 2606; x_wconf 86' lang='lat' dir='ltr'><strong>narium</strong></span> <span class='ocrx_word' id='word_1_271' title='bbox 1236 2553 1333 2619; x_wconf 76' lang='lat' dir='ltr'><strong>forma,</strong></span> <span class='ocrx_word' id='word_1_272' title='bbox 1351 2556 1393 2612; x_wconf 89' lang='lat' dir='ltr'><strong>ita</strong></span> <span class='ocrx_word' id='word_1_273' title='bbox 1408 2566 1487 2625; x_wconf 64' lang='lat' dir='ltr'><strong>arpo</strong></span> 
     </span>
     <span class='ocr_line' id='line_1_26' title="bbox 155 2636 1490 2713; baseline 0.003 -18"><span class='ocrx_word' id='word_1_274' title='bbox 155 2639 281 2713; x_wconf 86' lang='lat' dir='ltr'><strong>spicuam</strong></span> <span class='ocrx_word' id='word_1_275' title='bbox 299 2641 344 2707; x_wconf 91' lang='lat' dir='ltr'><strong>eit,</strong></span> <span class='ocrx_word' id='word_1_276' title='bbox 362 2639 519 2695; x_wconf 88' lang='lat' dir='ltr'><strong>inferiorem</strong></span> <span class='ocrx_word' id='word_1_277' title='bbox 532 2647 636 2709; x_wconf 87' lang='lat' dir='ltr'><strong>partem</strong></span> <span class='ocrx_word' id='word_1_278' title='bbox 656 2646 715 2694; x_wconf 87' lang='lat' dir='ltr'><strong>arte</strong></span> <span class='ocrx_word' id='word_1_279' title='bbox 728 2636 845 2706; x_wconf 91' lang='lat' dir='ltr'><strong>quadam</strong></span> <span class='ocrx_word' id='word_1_280' title='bbox 859 2637 994 2706; x_wconf 89' lang='lat' dir='ltr'><strong>superiori</strong></span> <span class='ocrx_word' id='word_1_281' title='bbox 1007 2636 1118 2693; x_wconf 83' lang='lat' dir='ltr'><strong>affixam</strong></span> <span class='ocrx_word' id='word_1_282' title='bbox 1131 2653 1202 2708; x_wconf 84' lang='lat' dir='ltr'><strong>esse,</strong></span> <span class='ocrx_word' id='word_1_283' title='bbox 1220 2641 1297 2709; x_wconf 87' lang='lat' dir='ltr'><strong>quod</strong></span> <span class='ocrx_word' id='word_1_284' title='bbox 1310 2639 1382 2697; x_wconf 87' lang='lat' dir='ltr'><strong>idem</strong></span> <span class='ocrx_word' id='word_1_285' title='bbox 1394 2650 1490 2699; x_wconf 65' lang='lat' dir='ltr'><strong>mutat</strong></span> 
     </span>
     <span class='ocr_line' id='line_1_27' title="bbox 152 2725 1489 2798; baseline 0.001 -17"><span class='ocrx_word' id='word_1_286' title='bbox 152 2735 358 2784; x_wconf 87' lang='lat' dir='ltr'><strong>monumentum</strong></span> <span class='ocrx_word' id='word_1_287' title='bbox 377 2728 524 2798; x_wconf 77' lang='lat' dir='ltr'><strong>Tyebouis,</strong></span> <span class='ocrx_word' id='word_1_288' title='bbox 543 2727 618 2798; x_wconf 89' lang='lat' dir='ltr'><strong>qued</strong></span> <span class='ocrx_word' id='word_1_289' title='bbox 637 2743 701 2782; x_wconf 88' lang='lat' dir='ltr'><strong>aero</strong></span> <span class='ocrx_word' id='word_1_290' title='bbox 718 2725 866 2783; x_wconf 87' lang='lat' dir='ltr'><strong>conflatum</strong></span> <span class='ocrx_word' id='word_1_291' title='bbox 884 2726 913 2779; x_wconf 88' lang='lat' dir='ltr'><strong>in</strong></span> <span class='ocrx_word' id='word_1_292' title='bbox 931 2725 1000 2778; x_wconf 88' lang='lat' dir='ltr'><strong>aede</strong></span> <span class='ocrx_word' id='word_1_293' title='bbox 1017 2725 1151 2792; x_wconf 86' lang='lat' dir='ltr'><strong>Prugensi</strong></span> <span class='ocrx_word' id='word_1_294' title='bbox 1169 2725 1337 2783; x_wconf 84' lang='lat' dir='ltr'><strong>collocatum</strong></span> <span class='ocrx_word' id='word_1_295' title='bbox 1355 2736 1406 2786; x_wconf 80' lang='lat' dir='ltr'><strong>est</strong></span> <span class='ocrx_word' id='word_1_296' title='bbox 1437 2730 1489 2785; x_wconf 58' lang='lat' dir='ltr'><strong>(h-</strong></span> 
     </span>
     <span class='ocr_line' id='line_1_28' title="bbox 151 2812 1490 2885; baseline 0.003 -16"><span class='ocrx_word' id='word_1_297' title='bbox 151 2820 220 2882; x_wconf 87' lang='lat' dir='ltr'><strong>stat,</strong></span> <span class='ocrx_word' id='word_1_298' title='bbox 234 2812 330 2882; x_wconf 86' lang='lat' dir='ltr'><strong>juveni</strong></span> <span class='ocrx_word' id='word_1_299' title='bbox 349 2814 473 2882; x_wconf 77' lang='lat' dir='ltr'><strong>Tychoni</strong></span> <span class='ocrx_word' id='word_1_300' title='bbox 491 2814 634 2871; x_wconf 83' lang='lat' dir='ltr'><strong>Restockii</strong></span> <span class='ocrx_word' id='word_1_301' title='bbox 647 2831 718 2870; x_wconf 90' lang='lat' dir='ltr'><strong>anno</strong></span> <span class='ocrx_word' id='word_1_302' title='bbox 732 2816 800 2871; x_wconf 79' lang='lat' dir='ltr'><strong>reae</strong></span> <span class='ocrx_word' id='word_1_303' title='bbox 819 2815 996 2869; x_wconf 81' lang='lat' dir='ltr'><strong>commoranti</strong></span> <span class='ocrx_word' id='word_1_304' title='bbox 1016 2816 1043 2869; x_wconf 93' lang='lat' dir='ltr'><strong>in</strong></span> <span class='ocrx_word' id='word_1_305' title='bbox 1056 2813 1205 2868; x_wconf 88' lang='lat' dir='ltr'><strong>certamina</strong></span> <span class='ocrx_word' id='word_1_306' title='bbox 1223 2815 1360 2885; x_wconf 74' lang='lat' dir='ltr'><strong>singulari</strong></span> <span class='ocrx_word' id='word_1_307' title='bbox 1377 2828 1490 2873; x_wconf 70' lang='lat' dir='ltr'><strong>romam</strong></span> 
     </span>
     <span class='ocr_line' id='line_1_29' title="bbox 153 2900 1490 2975; baseline 0.004 -19"><span class='ocrx_word' id='word_1_308' title='bbox 153 2918 238 2958; x_wconf 90' lang='lat' dir='ltr'><strong>nasus</strong></span> <span class='ocrx_word' id='word_1_309' title='bbox 256 2911 362 2970; x_wconf 87' lang='lat' dir='ltr'><strong>partem</strong></span> <span class='ocrx_word' id='word_1_310' title='bbox 382 2901 537 2957; x_wconf 88' lang='lat' dir='ltr'><strong>inferiorem</strong></span> <span class='ocrx_word' id='word_1_311' title='bbox 561 2903 711 2958; x_wconf 89' lang='lat' dir='ltr'><strong>abscissam</strong></span> <span class='ocrx_word' id='word_1_312' title='bbox 737 2917 806 2956; x_wconf 88' lang='lat' dir='ltr'><strong>esse.</strong></span> <span class='ocrx_word' id='word_1_313' title='bbox 842 2900 993 2956; x_wconf 87' lang='lat' dir='ltr'><strong>Philander</strong></span> <span class='ocrx_word' id='word_1_314' title='bbox 1018 2901 1053 2957; x_wconf 81' lang='lat' dir='ltr'><strong>cle</strong></span> <span class='ocrx_word' id='word_1_315' title='bbox 1071 2901 1212 2957; x_wconf 80' lang='lat' dir='ltr'><strong>ll&#39;cistrita</strong></span> <span class='ocrx_word' id='word_1_316' title='bbox 1235 2903 1264 2957; x_wconf 93' lang='lat' dir='ltr'><strong>in</strong></span> <span class='ocrx_word' id='word_1_317' title='bbox 1288 2903 1346 2958; x_wconf 84' lang='lat' dir='ltr'><strong>rita</strong></span> <span class='ocrx_word' id='word_1_318' title='bbox 1364 2902 1490 2975; x_wconf 69' lang='lat' dir='ltr'><strong>&#39;l&#39;peborla</strong></span> 
     </span>
     <span class='ocr_line' id='line_1_30' title="bbox 151 2989 1490 3065; baseline 0.004 -21"><span class='ocrx_word' id='word_1_319' title='bbox 151 3006 234 3059; x_wconf 88' lang='lat' dir='ltr'><strong>quam</strong></span> <span class='ocrx_word' id='word_1_320' title='bbox 253 3006 288 3044; x_wconf 83' lang='lat' dir='ltr'><strong>ex</strong></span> <span class='ocrx_word' id='word_1_321' title='bbox 306 2990 399 3059; x_wconf 83' lang='lat' dir='ltr'><strong>lingua</strong></span> <span class='ocrx_word' id='word_1_322' title='bbox 418 2991 522 3045; x_wconf 86' lang='lat' dir='ltr'><strong>Danica</strong></span> <span class='ocrx_word' id='word_1_323' title='bbox 541 2989 612 3044; x_wconf 88' lang='lat' dir='ltr'><strong>Olafi</strong></span> <span class='ocrx_word' id='word_1_324' title='bbox 634 2989 730 3059; x_wconf 90' lang='lat' dir='ltr'><strong>Bangii</strong></span> <span class='ocrx_word' id='word_1_325' title='bbox 749 2990 776 3044; x_wconf 91' lang='lat' dir='ltr'><strong>iu</strong></span> <span class='ocrx_word' id='word_1_326' title='bbox 794 2989 975 3064; x_wconf 82' lang='lat' dir='ltr'><strong>germanicam</strong></span> <span class='ocrx_word' id='word_1_327' title='bbox 996 2991 1075 3044; x_wconf 88' lang='lat' dir='ltr'><strong>vertit</strong></span> <span class='ocrx_word' id='word_1_328' title='bbox 1095 2994 1205 3063; x_wconf 71' lang='lat' dir='ltr'><strong>(tine),</strong></span> <span class='ocrx_word' id='word_1_329' title='bbox 1232 2994 1333 3063; x_wconf 79' lang='lat' dir='ltr'><strong>refert,</strong></span> <span class='ocrx_word' id='word_1_330' title='bbox 1351 2993 1490 3065; x_wconf 74' lang='lat' dir='ltr'><strong>Tyrione·</strong></span> 
     </span>
     <span class='ocr_line' id='line_1_31' title="bbox 152 3076 1493 3147; baseline 0.003 -14"><span class='ocrx_word' id='word_1_331' title='bbox 152 3076 301 3133; x_wconf 87' lang='lat' dir='ltr'><strong>abscissam</strong></span> <span class='ocrx_word' id='word_1_332' title='bbox 320 3093 403 3132; x_wconf 89' lang='lat' dir='ltr'><strong>nasas</strong></span> <span class='ocrx_word' id='word_1_333' title='bbox 422 3086 529 3147; x_wconf 89' lang='lat' dir='ltr'><strong>partem</strong></span> <span class='ocrx_word' id='word_1_334' title='bbox 549 3096 582 3132; x_wconf 84' lang='lat' dir='ltr'><strong>ex</strong></span> <span class='ocrx_word' id='word_1_335' title='bbox 602 3095 668 3133; x_wconf 89' lang='lat' dir='ltr'><strong>aare</strong></span> <span class='ocrx_word' id='word_1_336' title='bbox 688 3086 716 3132; x_wconf 92' lang='lat' dir='ltr'><strong>et</strong></span> <span class='ocrx_word' id='word_1_337' title='bbox 733 3083 847 3145; x_wconf 88' lang='lat' dir='ltr'><strong>argento</strong></span> <span class='ocrx_word' id='word_1_338' title='bbox 871 3076 1017 3133; x_wconf 84' lang='lat' dir='ltr'><strong>conflatam</strong></span> <span class='ocrx_word' id='word_1_339' title='bbox 1036 3087 1066 3134; x_wconf 91' lang='lat' dir='ltr'><strong>et</strong></span> <span class='ocrx_word' id='word_1_340' title='bbox 1083 3079 1222 3137; x_wconf 88' lang='lat' dir='ltr'><strong>coloribus</strong></span> <span class='ocrx_word' id='word_1_341' title='bbox 1245 3082 1282 3136; x_wconf 86' lang='lat' dir='ltr'><strong>ad</strong></span> <span class='ocrx_word' id='word_1_342' title='bbox 1300 3091 1424 3138; x_wconf 76' lang='lat' dir='ltr'><strong>naturus</strong></span> <span class='ocrx_word' id='word_1_343' title='bbox 1439 3082 1493 3137; x_wconf 83' lang='lat' dir='ltr'><strong>tiar-</strong></span> 
     </span>
     <span class='ocr_line' id='line_1_32' title="bbox 151 3164 1495 3240; baseline 0.002 -20"><span class='ocrx_word' id='word_1_344' title='bbox 151 3173 208 3220; x_wconf 92' lang='lat' dir='ltr'><strong>tam</strong></span> <span class='ocrx_word' id='word_1_345' title='bbox 225 3164 388 3234; x_wconf 89' lang='lat' dir='ltr'><strong>restituisse,</strong></span> <span class='ocrx_word' id='word_1_346' title='bbox 409 3164 527 3221; x_wconf 84' lang='lat' dir='ltr'><strong>addens:</strong></span> <span class='ocrx_word' id='word_1_347' title='bbox 549 3166 650 3227; x_wconf 81' lang='lat' dir='ltr'><strong>,Wilb</strong></span> <span class='ocrx_word' id='word_1_348' title='bbox 668 3165 826 3232; x_wconf 72' lang='lat' dir='ltr'><strong>iaeserint,</strong></span> <span class='ocrx_word' id='word_1_349' title='bbox 846 3164 894 3218; x_wconf 89' lang='lat' dir='ltr'><strong>der</strong></span> <span class='ocrx_word' id='word_1_350' title='bbox 912 3165 961 3219; x_wconf 88' lang='lat' dir='ltr'><strong>mit</strong></span> <span class='ocrx_word' id='word_1_351' title='bbox 979 3165 1040 3220; x_wconf 84' lang='lat' dir='ltr'><strong>aem</strong></span> <span class='ocrx_word' id='word_1_352' title='bbox 1060 3166 1154 3237; x_wconf 73' lang='lat' dir='ltr'><strong>Tycho</strong></span> <span class='ocrx_word' id='word_1_353' title='bbox 1173 3169 1290 3224; x_wconf 68' lang='lat' dir='ltr'><strong>‘liniare</strong></span> <span class='ocrx_word' id='word_1_354' title='bbox 1308 3172 1441 3240; x_wconf 73' lang='lat' dir='ltr'><strong>angieng,</strong></span> <span class='ocrx_word' id='word_1_355' title='bbox 1456 3170 1495 3223; x_wconf 85' lang='lat' dir='ltr'><strong>lat</strong></span> 
     </span>
     <span class='ocr_line' id='line_1_33' title="bbox 153 3250 1494 3329; baseline 0.002 -21"><span class='ocrx_word' id='word_1_356' title='bbox 153 3252 279 3317; x_wconf 78' lang='lat' dir='ltr'><strong>erueblet.</strong></span> <span class='ocrx_word' id='word_1_357' title='bbox 299 3253 363 3309; x_wconf 89' lang='lat' dir='ltr'><strong>dass</strong></span> <span class='ocrx_word' id='word_1_358' title='bbox 375 3254 470 3325; x_wconf 82' lang='lat' dir='ltr'><strong>Tycha</strong></span> <span class='ocrx_word' id='word_1_359' title='bbox 489 3253 600 3309; x_wconf 88' lang='lat' dir='ltr'><strong>allezcit</strong></span> <span class='ocrx_word' id='word_1_360' title='bbox 617 3255 679 3308; x_wconf 91' lang='lat' dir='ltr'><strong>eine</strong></span> <span class='ocrx_word' id='word_1_361' title='bbox 696 3253 789 3309; x_wconf 77' lang='lat' dir='ltr'><strong>liciae</strong></span> <span class='ocrx_word' id='word_1_362' title='bbox 808 3250 955 3309; x_wconf 84' lang='lat' dir='ltr'><strong>Schanhtel</strong></span> <span class='ocrx_word' id='word_1_363' title='bbox 974 3254 1030 3309; x_wconf 88' lang='lat' dir='ltr'><strong>roll</strong></span> <span class='ocrx_word' id='word_1_364' title='bbox 1048 3256 1098 3311; x_wconf 90' lang='lat' dir='ltr'><strong>mit</strong></span> <span class='ocrx_word' id='word_1_365' title='bbox 1109 3257 1185 3311; x_wconf 83' lang='lat' dir='ltr'><strong>Leim</strong></span> <span class='ocrx_word' id='word_1_366' title='bbox 1203 3256 1271 3312; x_wconf 88' lang='lat' dir='ltr'><strong>oder</strong></span> <span class='ocrx_word' id='word_1_367' title='bbox 1285 3257 1370 3312; x_wconf 80' lang='lat' dir='ltr'><strong>Salbe</strong></span> <span class='ocrx_word' id='word_1_368' title='bbox 1387 3256 1494 3329; x_wconf 80' lang='lat' dir='ltr'><strong>bepaiei</strong></span> 
     </span>
     <span class='ocr_line' id='line_1_34' title="bbox 151 3338 1097 3412; baseline 0.003 -16"><span class='ocrx_word' id='word_1_369' title='bbox 151 3347 223 3412; x_wconf 89' lang='lat' dir='ltr'><strong>trag,</strong></span> <span class='ocrx_word' id='word_1_370' title='bbox 241 3342 345 3398; x_wconf 84' lang='lat' dir='ltr'><strong>welche</strong></span> <span class='ocrx_word' id='word_1_371' title='bbox 364 3359 393 3397; x_wconf 89' lang='lat' dir='ltr'><strong>er</strong></span> <span class='ocrx_word' id='word_1_372' title='bbox 411 3339 522 3399; x_wconf 88' lang='lat' dir='ltr'><strong>alleaeit</strong></span> <span class='ocrx_word' id='word_1_373' title='bbox 539 3341 681 3408; x_wconf 88' lang='lat' dir='ltr'><strong>brauchte,</strong></span> <span class='ocrx_word' id='word_1_374' title='bbox 701 3338 752 3396; x_wconf 89' lang='lat' dir='ltr'><strong>auf</strong></span> <span class='ocrx_word' id='word_1_375' title='bbox 767 3339 812 3397; x_wconf 90' lang='lat' dir='ltr'><strong>die</strong></span> <span class='ocrx_word' id='word_1_376' title='bbox 830 3341 904 3397; x_wconf 84' lang='lat' dir='ltr'><strong>Naso</strong></span> <span class='ocrx_word' id='word_1_377' title='bbox 920 3360 954 3397; x_wconf 86' lang='lat' dir='ltr'><strong>au</strong></span> <span class='ocrx_word' id='word_1_378' title='bbox 973 3344 1097 3401; x_wconf 61' lang='lat' dir='ltr'><strong>sabone.</strong></span> 
     </span>
    </p>

    <p class='ocr_par' dir='ltr' id='par_1_6' title="bbox 119 3430 1497 4823">
     <span class='ocr_line' id='line_1_35' title="bbox 255 3430 1497 3503; baseline 0.004 -19"><span class='ocrx_word' id='word_1_379' title='bbox 255 3430 297 3484; x_wconf 89' lang='lat' dir='ltr'><strong>De</strong></span> <span class='ocrx_word' id='word_1_380' title='bbox 322 3430 558 3486; x_wconf 87' lang='lat' dir='ltr'><strong>observationibus</strong></span> <span class='ocrx_word' id='word_1_381' title='bbox 580 3431 638 3487; x_wconf 87' lang='lat' dir='ltr'><strong>suis</strong></span> <span class='ocrx_word' id='word_1_382' title='bbox 664 3431 717 3486; x_wconf 91' lang='lat' dir='ltr'><strong>hec</strong></span> <span class='ocrx_word' id='word_1_383' title='bbox 740 3431 794 3489; x_wconf 88' lang='lat' dir='ltr'><strong>fert</strong></span> <span class='ocrx_word' id='word_1_384' title='bbox 817 3431 911 3500; x_wconf 81' lang='lat' dir='ltr'><strong>Tyclro</strong></span> <span class='ocrx_word' id='word_1_385' title='bbox 932 3430 1081 3498; x_wconf 79' lang='lat' dir='ltr'><strong>judiciam:</strong></span> <span class='ocrx_word' id='word_1_386' title='bbox 1113 3434 1187 3500; x_wconf 78' lang='lat' dir='ltr'><strong>Quas</strong></span> <span class='ocrx_word' id='word_1_387' title='bbox 1210 3432 1316 3502; x_wconf 81' lang='lat' dir='ltr'><strong>Lipsiis</strong></span> <span class='ocrx_word' id='word_1_388' title='bbox 1339 3435 1369 3489; x_wconf 87' lang='grc' dir='ltr'><strong>ιιι</strong></span> <span class='ocrx_word' id='word_1_389' title='bbox 1392 3435 1497 3503; x_wconf 78' lang='lat' dir='ltr'><strong>persida</strong></span> 
     </span>
     <span class='ocr_line' id='line_1_36' title="bbox 151 3517 1497 3590; baseline 0.006 -19"><span class='ocrx_word' id='word_1_390' title='bbox 151 3517 352 3588; x_wconf 74' lang='lat' dir='ltr'><strong>[teas-1569)</strong></span> <span class='ocrx_word' id='word_1_391' title='bbox 365 3518 466 3588; x_wconf 90' lang='lat' dir='ltr'><strong>peregi,</strong></span> <span class='ocrx_word' id='word_1_392' title='bbox 485 3517 602 3588; x_wconf 89' lang='lat' dir='ltr'><strong>pueriles</strong></span> <span class='ocrx_word' id='word_1_393' title='bbox 621 3525 650 3573; x_wconf 90' lang='lat' dir='ltr'><strong>et</strong></span> <span class='ocrx_word' id='word_1_394' title='bbox 668 3518 764 3574; x_wconf 86' lang='lat' dir='ltr'><strong>dubias</strong></span> <span class='ocrx_word' id='word_1_395' title='bbox 781 3518 921 3588; x_wconf 87' lang='lat' dir='ltr'><strong>appellare</strong></span> <span class='ocrx_word' id='word_1_396' title='bbox 935 3519 1022 3575; x_wconf 83' lang='lat' dir='ltr'><strong>soleo.</strong></span> <span class='ocrx_word' id='word_1_397' title='bbox 1047 3521 1121 3586; x_wconf 73' lang='lat' dir='ltr'><strong>Quas</strong></span> <span class='ocrx_word' id='word_1_398' title='bbox 1133 3536 1198 3574; x_wconf 83' lang='lat' dir='ltr'><strong>vero</strong></span> <span class='ocrx_word' id='word_1_399' title='bbox 1210 3530 1312 3590; x_wconf 87' lang='lat' dir='ltr'><strong>postea</strong></span> <span class='ocrx_word' id='word_1_400' title='bbox 1324 3522 1497 3589; x_wconf 66' lang='lat' dir='ltr'><strong>riser-titt</strong></span> 
     </span>
     <span class='ocr_line' id='line_1_37' title="bbox 151 3605 1497 3676; baseline 0.008 -19"><span class='ocrx_word' id='word_1_401' title='bbox 151 3605 293 3674; x_wconf 76' lang='lat' dir='ltr'><strong>Augustae</strong></span> <span class='ocrx_word' id='word_1_402' title='bbox 306 3605 509 3663; x_wconf 79' lang='lat' dir='ltr'><strong>vindelicorum</strong></span> <span class='ocrx_word' id='word_1_403' title='bbox 522 3614 550 3662; x_wconf 90' lang='lat' dir='ltr'><strong>et</strong></span> <span class='ocrx_word' id='word_1_404' title='bbox 562 3607 589 3660; x_wconf 94' lang='lat' dir='ltr'><strong>in</strong></span> <span class='ocrx_word' id='word_1_405' title='bbox 602 3607 704 3674; x_wconf 88' lang='lat' dir='ltr'><strong>Dania)</strong></span> <span class='ocrx_word' id='word_1_406' title='bbox 724 3606 841 3676; x_wconf 86' lang='lat' dir='ltr'><strong>adeptas</strong></span> <span class='ocrx_word' id='word_1_407' title='bbox 859 3621 935 3675; x_wconf 82' lang='lat' dir='ltr'><strong>earm,</strong></span> <span class='ocrx_word' id='word_1_408' title='bbox 950 3608 1088 3676; x_wconf 86' lang='lat' dir='ltr'><strong>juveniles</strong></span> <span class='ocrx_word' id='word_1_409' title='bbox 1100 3618 1128 3661; x_wconf 87' lang='lat' dir='ltr'><strong>et</strong></span> <span class='ocrx_word' id='word_1_410' title='bbox 1140 3609 1316 3666; x_wconf 88' lang='lat' dir='ltr'><strong>mediocriter</strong></span> <span class='ocrx_word' id='word_1_411' title='bbox 1334 3626 1366 3666; x_wconf 81' lang='lat' dir='ltr'><strong>se</strong></span> <span class='ocrx_word' id='word_1_412' title='bbox 1377 3613 1497 3668; x_wconf 69' lang='lat' dir='ltr'><strong>habenta</strong></span> 
     </span>
     <span class='ocr_line' id='line_1_38' title="bbox 155 3693 1495 3764; baseline 0.005 -16"><span class='ocrx_word' id='word_1_413' title='bbox 155 3710 233 3752; x_wconf 88' lang='lat' dir='ltr'><strong>voce.</strong></span> <span class='ocrx_word' id='word_1_414' title='bbox 270 3694 378 3753; x_wconf 86' lang='lat' dir='ltr'><strong>Tertiae</strong></span> <span class='ocrx_word' id='word_1_415' title='bbox 396 3703 502 3761; x_wconf 87' lang='lat' dir='ltr'><strong>autem,</strong></span> <span class='ocrx_word' id='word_1_416' title='bbox 521 3710 591 3763; x_wconf 84' lang='lat' dir='ltr'><strong>quse</strong></span> <span class='ocrx_word' id='word_1_417' title='bbox 609 3694 785 3764; x_wconf 87' lang='lat' dir='ltr'><strong>postmodum</strong></span> <span class='ocrx_word' id='word_1_418' title='bbox 804 3693 971 3762; x_wconf 87' lang='lat' dir='ltr'><strong>Uruuiburgi</strong></span> <span class='ocrx_word' id='word_1_419' title='bbox 990 3695 1170 3749; x_wconf 73' lang='lat' dir='ltr'><strong>carcassimis</strong></span> <span class='ocrx_word' id='word_1_420' title='bbox 1188 3695 1242 3752; x_wconf 89' lang='lat' dir='ltr'><strong>iilis</strong></span> <span class='ocrx_word' id='word_1_421' title='bbox 1260 3698 1450 3757; x_wconf 63' lang='lat' dir='ltr'><strong>insanientis</strong></span> <span class='ocrx_word' id='word_1_422' title='bbox 1463 3700 1495 3755; x_wconf 76' lang='lat' dir='ltr'><strong>di</strong></span> 
     </span>
     <span class='ocr_line' id='line_1_39' title="bbox 152 3781 1497 3855; baseline 0.005 -18"><span class='ocrx_word' id='word_1_423' title='bbox 152 3799 264 3840; x_wconf 87' lang='lat' dir='ltr'><strong>mensus</strong></span> <span class='ocrx_word' id='word_1_424' title='bbox 283 3800 342 3840; x_wconf 89' lang='lat' dir='ltr'><strong>sam</strong></span> <span class='ocrx_word' id='word_1_425' title='bbox 355 3782 556 3851; x_wconf 73' lang='lat' dir='ltr'><strong>(tete-1597)</strong></span> <span class='ocrx_word' id='word_1_426' title='bbox 575 3781 675 3845; x_wconf 83' lang='lat' dir='ltr'><strong>viriles,</strong></span> <span class='ocrx_word' id='word_1_427' title='bbox 693 3788 766 3836; x_wconf 86' lang='lat' dir='ltr'><strong>ratas</strong></span> <span class='ocrx_word' id='word_1_428' title='bbox 786 3789 813 3834; x_wconf 89' lang='lat' dir='ltr'><strong>et</strong></span> <span class='ocrx_word' id='word_1_429' title='bbox 831 3783 998 3837; x_wconf 87' lang='lat' dir='ltr'><strong>certissimas</strong></span> <span class='ocrx_word' id='word_1_430' title='bbox 1017 3782 1127 3850; x_wconf 87' lang='lat' dir='ltr'><strong>appello</strong></span> <span class='ocrx_word' id='word_1_431' title='bbox 1145 3790 1174 3838; x_wconf 92' lang='lat' dir='ltr'><strong>et</strong></span> <span class='ocrx_word' id='word_1_432' title='bbox 1190 3799 1299 3840; x_wconf 78' lang='lat' dir='ltr'><strong>casseu</strong></span> <span class='ocrx_word' id='word_1_433' title='bbox 1337 3788 1441 3855; x_wconf 80' lang='lat' dir='ltr'><strong>Quibus</strong></span> <span class='ocrx_word' id='word_1_434' title='bbox 1457 3788 1497 3844; x_wconf 73' lang='lat' dir='ltr'><strong>ct</strong></span> 
     </span>
     <span class='ocr_line' id='line_1_40' title="bbox 152 3869 1496 3938; baseline 0.006 -14"><span class='ocrx_word' id='word_1_435' title='bbox 152 3870 350 3927; x_wconf 75' lang='lat' dir='ltr'><strong>remotionibus</strong></span> <span class='ocrx_word' id='word_1_436' title='bbox 369 3871 438 3924; x_wconf 87' lang='lat' dir='ltr'><strong>haec</strong></span> <span class='ocrx_word' id='word_1_437' title='bbox 457 3885 486 3924; x_wconf 89' lang='lat' dir='ltr'><strong>se</strong></span> <span class='ocrx_word' id='word_1_438' title='bbox 506 3869 630 3924; x_wconf 71' lang='lat' dir='ltr'><strong>ademare</strong></span> <span class='ocrx_word' id='word_1_439' title='bbox 648 3869 802 3938; x_wconf 86' lang='lat' dir='ltr'><strong>praedicat:</strong></span> <span class='ocrx_word' id='word_1_440' title='bbox 823 3869 895 3925; x_wconf 86' lang='lat' dir='ltr'><strong>Solis</strong></span> <span class='ocrx_word' id='word_1_441' title='bbox 913 3877 941 3922; x_wconf 87' lang='lat' dir='ltr'><strong>et</strong></span> <span class='ocrx_word' id='word_1_442' title='bbox 952 3870 1047 3924; x_wconf 85' lang='lat' dir='ltr'><strong>Lunae</strong></span> <span class='ocrx_word' id='word_1_443' title='bbox 1066 3871 1188 3927; x_wconf 87' lang='lat' dir='ltr'><strong>theorias</strong></span> <span class='ocrx_word' id='word_1_444' title='bbox 1206 3888 1238 3927; x_wconf 91' lang='lat' dir='ltr'><strong>se</strong></span> <span class='ocrx_word' id='word_1_445' title='bbox 1255 3878 1419 3933; x_wconf 81' lang='lat' dir='ltr'><strong>emendasse</strong></span> <span class='ocrx_word' id='word_1_446' title='bbox 1435 3892 1496 3932; x_wconf 70' lang='lat' dir='ltr'><strong>erre</strong></span> 
     </span>
     <span class='ocr_line' id='line_1_41' title="bbox 152 3956 1495 4028; baseline 0.007 -16"><span class='ocrx_word' id='word_1_447' title='bbox 152 3974 251 4028; x_wconf 87' lang='lat' dir='ltr'><strong>reaque</strong></span> <span class='ocrx_word' id='word_1_448' title='bbox 269 3960 391 4027; x_wconf 86' lang='lat' dir='ltr'><strong>priorruu</strong></span> <span class='ocrx_word' id='word_1_449' title='bbox 409 3957 574 4025; x_wconf 83' lang='lat' dir='ltr'><strong>correxisse,</strong></span> <span class='ocrx_word' id='word_1_450' title='bbox 601 3957 716 4013; x_wconf 81' lang='lat' dir='ltr'><strong>fixarum</strong></span> <span class='ocrx_word' id='word_1_451' title='bbox 734 3958 798 4013; x_wconf 82' lang='lat' dir='ltr'><strong>loca</strong></span> <span class='ocrx_word' id='word_1_452' title='bbox 815 3974 921 4013; x_wconf 87' lang='lat' dir='ltr'><strong>summa</strong></span> <span class='ocrx_word' id='word_1_453' title='bbox 939 3966 967 4013; x_wconf 89' lang='lat' dir='ltr'><strong>et</strong></span> <span class='ocrx_word' id='word_1_454' title='bbox 986 3956 1123 4014; x_wconf 87' lang='lat' dir='ltr'><strong>infallibili</strong></span> <span class='ocrx_word' id='word_1_455' title='bbox 1147 3964 1325 4019; x_wconf 76' lang='lat' dir='ltr'><strong>crematione</strong></span> <span class='ocrx_word' id='word_1_456' title='bbox 1341 3966 1495 4021; x_wconf 74' lang='lat' dir='ltr'><strong>serien-a</strong></span> 
     </span>
     <span class='ocr_line' id='line_1_42' title="bbox 150 4044 1496 4117; baseline 0.006 -18"><span class='ocrx_word' id='word_1_457' title='bbox 150 4046 285 4101; x_wconf 89' lang='lat' dir='ltr'><strong>Theoriae</strong></span> <span class='ocrx_word' id='word_1_458' title='bbox 309 4044 381 4100; x_wconf 91' lang='lat' dir='ltr'><strong>Solis</strong></span> <span class='ocrx_word' id='word_1_459' title='bbox 399 4054 427 4099; x_wconf 89' lang='lat' dir='ltr'><strong>et</strong></span> <span class='ocrx_word' id='word_1_460' title='bbox 445 4045 540 4099; x_wconf 86' lang='lat' dir='ltr'><strong>Lunae</strong></span> <span class='ocrx_word' id='word_1_461' title='bbox 564 4045 617 4099; x_wconf 90' lang='lat' dir='ltr'><strong>hee</strong></span> <span class='ocrx_word' id='word_1_462' title='bbox 642 4052 748 4099; x_wconf 87' lang='lat' dir='ltr'><strong>tautum</strong></span> <span class='ocrx_word' id='word_1_463' title='bbox 772 4046 807 4100; x_wconf 87' lang='lat' dir='ltr'><strong>ad</strong></span> <span class='ocrx_word' id='word_1_464' title='bbox 825 4045 1021 4115; x_wconf 83' lang='lat' dir='ltr'><strong>perfectionem</strong></span> <span class='ocrx_word' id='word_1_465' title='bbox 1045 4047 1156 4115; x_wconf 63' lang='lat' dir='ltr'><strong>demae,</strong></span> <span class='ocrx_word' id='word_1_466' title='bbox 1184 4051 1257 4117; x_wconf 91' lang='lat' dir='ltr'><strong>quod</strong></span> <span class='ocrx_word' id='word_1_467' title='bbox 1276 4054 1368 4106; x_wconf 78' lang='lat' dir='ltr'><strong>omitia</strong></span> <span class='ocrx_word' id='word_1_468' title='bbox 1388 4050 1496 4109; x_wconf 74' lang='lat' dir='ltr'><strong>nena-</strong></span> 
     </span>
     <span class='ocr_line' id='line_1_43' title="bbox 151 4134 1495 4205; baseline 0.005 -16"><span class='ocrx_word' id='word_1_469' title='bbox 151 4134 276 4205; x_wconf 90' lang='lat' dir='ltr'><strong>piuribus</strong></span> <span class='ocrx_word' id='word_1_470' title='bbox 294 4135 395 4192; x_wconf 82' lang='lat' dir='ltr'><strong>sectilis</strong></span> <span class='ocrx_word' id='word_1_471' title='bbox 414 4136 544 4205; x_wconf 86' lang='lat' dir='ltr'><strong>adaptata</strong></span> <span class='ocrx_word' id='word_1_472' title='bbox 563 4145 590 4187; x_wconf 90' lang='lat' dir='ltr'><strong>et</strong></span> <span class='ocrx_word' id='word_1_473' title='bbox 609 4134 806 4191; x_wconf 89' lang='lat' dir='ltr'><strong>universaliora</strong></span> <span class='ocrx_word' id='word_1_474' title='bbox 824 4134 932 4190; x_wconf 88' lang='lat' dir='ltr'><strong>redditu</strong></span> <span class='ocrx_word' id='word_1_475' title='bbox 955 4136 1022 4204; x_wconf 87' lang='lat' dir='ltr'><strong>sint;</strong></span> <span class='ocrx_word' id='word_1_476' title='bbox 1049 4138 1075 4189; x_wconf 91' lang='lat' dir='ltr'><strong>iu</strong></span> <span class='ocrx_word' id='word_1_477' title='bbox 1095 4135 1157 4189; x_wconf 83' lang='lat' dir='ltr'><strong>fixis</strong></span> <span class='ocrx_word' id='word_1_478' title='bbox 1183 4136 1320 4192; x_wconf 88' lang='lat' dir='ltr'><strong>sideribus</strong></span> <span class='ocrx_word' id='word_1_479' title='bbox 1344 4140 1411 4195; x_wconf 82' lang='lat' dir='ltr'><strong>nibal</strong></span> <span class='ocrx_word' id='word_1_480' title='bbox 1433 4138 1495 4195; x_wconf 79' lang='lat' dir='ltr'><strong>dist</strong></span> 
     </span>
     <span class='ocr_line' id='line_1_44' title="bbox 151 4222 1493 4293; baseline 0.004 -14"><span class='ocrx_word' id='word_1_481' title='bbox 151 4222 312 4292; x_wconf 87' lang='lat' dir='ltr'><strong>desiderari,</strong></span> <span class='ocrx_word' id='word_1_482' title='bbox 339 4240 420 4293; x_wconf 92' lang='lat' dir='ltr'><strong>qaam</strong></span> <span class='ocrx_word' id='word_1_483' title='bbox 440 4231 470 4277; x_wconf 90' lang='lat' dir='ltr'><strong>ut</strong></span> <span class='ocrx_word' id='word_1_484' title='bbox 488 4240 581 4278; x_wconf 91' lang='lat' dir='ltr'><strong>eorum</strong></span> <span class='ocrx_word' id='word_1_485' title='bbox 600 4232 692 4278; x_wconf 91' lang='lat' dir='ltr'><strong>motus</strong></span> <span class='ocrx_word' id='word_1_486' title='bbox 710 4222 875 4278; x_wconf 85' lang='lat' dir='ltr'><strong>universalis</strong></span> <span class='ocrx_word' id='word_1_487' title='bbox 893 4222 1015 4278; x_wconf 88' lang='lat' dir='ltr'><strong>redditus</strong></span> <span class='ocrx_word' id='word_1_488' title='bbox 1033 4226 1159 4279; x_wconf 88' lang='lat' dir='ltr'><strong>omnibus</strong></span> <span class='ocrx_word' id='word_1_489' title='bbox 1177 4225 1308 4279; x_wconf 83' lang='lat' dir='ltr'><strong>mundani</strong></span> <span class='ocrx_word' id='word_1_490' title='bbox 1326 4229 1387 4282; x_wconf 83' lang='lat' dir='ltr'><strong>aeri</strong></span> <span class='ocrx_word' id='word_1_491' title='bbox 1404 4225 1493 4283; x_wconf 65' lang='lat' dir='ltr'><strong>acts!</strong></span> 
     </span>
     <span class='ocr_line' id='line_1_45' title="bbox 150 4309 1495 4386; baseline 0.004 -21"><span class='ocrx_word' id='word_1_492' title='bbox 150 4309 311 4381; x_wconf 88' lang='lat' dir='ltr'><strong>adaptetur,</strong></span> <span class='ocrx_word' id='word_1_493' title='bbox 334 4320 362 4367; x_wconf 92' lang='lat' dir='ltr'><strong>et</strong></span> <span class='ocrx_word' id='word_1_494' title='bbox 387 4318 417 4366; x_wconf 91' lang='lat' dir='ltr'><strong>ut</strong></span> <span class='ocrx_word' id='word_1_495' title='bbox 435 4310 640 4366; x_wconf 74' lang='lat' dir='ltr'><strong>observationes</strong></span> <span class='ocrx_word' id='word_1_496' title='bbox 658 4319 787 4367; x_wconf 83' lang='lat' dir='ltr'><strong>aceruate</strong></span> <span class='ocrx_word' id='word_1_497' title='bbox 804 4310 981 4365; x_wconf 85' lang='lat' dir='ltr'><strong>instituantur</strong></span> <span class='ocrx_word' id='word_1_498' title='bbox 1003 4312 1030 4365; x_wconf 92' lang='lat' dir='ltr'><strong>in</strong></span> <span class='ocrx_word' id='word_1_499' title='bbox 1049 4312 1149 4367; x_wconf 87' lang='lat' dir='ltr'><strong>Terrae</strong></span> <span class='ocrx_word' id='word_1_500' title='bbox 1172 4312 1343 4369; x_wconf 80' lang='lat' dir='ltr'><strong>meridionali</strong></span> <span class='ocrx_word' id='word_1_501' title='bbox 1367 4326 1456 4386; x_wconf 75' lang='lat' dir='ltr'><strong>parte:</strong></span> <span class='ocrx_word' id='word_1_502' title='bbox 1475 4312 1495 4369; x_wconf 87' lang='lat' dir='ltr'><strong>ai</strong></span> 
     </span>
     <span class='ocr_line' id='line_1_46' title="bbox 152 4397 1492 4468; baseline 0.007 -17"><span class='ocrx_word' id='word_1_503' title='bbox 152 4397 214 4464; x_wconf 81' lang='lat' dir='ltr'><strong>quis</strong></span> <span class='ocrx_word' id='word_1_504' title='bbox 232 4397 286 4451; x_wconf 89' lang='lat' dir='ltr'><strong>boc</strong></span> <span class='ocrx_word' id='word_1_505' title='bbox 304 4413 373 4467; x_wconf 83' lang='lat' dir='ltr'><strong>opus</strong></span> <span class='ocrx_word' id='word_1_506' title='bbox 393 4398 533 4468; x_wconf 88' lang='lat' dir='ltr'><strong>suscipere</strong></span> <span class='ocrx_word' id='word_1_507' title='bbox 551 4397 580 4452; x_wconf 88' lang='lat' dir='ltr'><strong>in</strong></span> <span class='ocrx_word' id='word_1_508' title='bbox 598 4406 689 4453; x_wconf 86' lang='lat' dir='ltr'><strong>mente</strong></span> <span class='ocrx_word' id='word_1_509' title='bbox 708 4397 821 4466; x_wconf 86' lang='lat' dir='ltr'><strong>habeat,</strong></span> <span class='ocrx_word' id='word_1_510' title='bbox 839 4414 883 4466; x_wconf 90' lang='lat' dir='ltr'><strong>se,</strong></span> <span class='ocrx_word' id='word_1_511' title='bbox 902 4413 956 4466; x_wconf 89' lang='lat' dir='ltr'><strong>qao</strong></span> <span class='ocrx_word' id='word_1_512' title='bbox 974 4399 1064 4453; x_wconf 86' lang='lat' dir='ltr'><strong>minas</strong></span> <span class='ocrx_word' id='word_1_513' title='bbox 1083 4400 1266 4455; x_wconf 86' lang='lat' dir='ltr'><strong>instrumenta</strong></span> <span class='ocrx_word' id='word_1_514' title='bbox 1282 4410 1312 4457; x_wconf 83' lang='lat' dir='ltr'><strong>et</strong></span> <span class='ocrx_word' id='word_1_515' title='bbox 1330 4404 1432 4459; x_wconf 77' lang='lat' dir='ltr'><strong>unsilia</strong></span> <span class='ocrx_word' id='word_1_516' title='bbox 1447 4404 1492 4460; x_wconf 70' lang='lat' dir='ltr'><strong>bt</strong></span> 
     </span>
     <span class='ocr_line' id='line_1_47' title="bbox 152 4482 1492 4557; baseline 0.007 -20"><span class='ocrx_word' id='word_1_517' title='bbox 152 4482 334 4539; x_wconf 88' lang='lat' dir='ltr'><strong>conducentia</strong></span> <span class='ocrx_word' id='word_1_518' title='bbox 353 4484 550 4553; x_wconf 87' lang='lat' dir='ltr'><strong>subministret,</strong></span> <span class='ocrx_word' id='word_1_519' title='bbox 567 4500 623 4541; x_wconf 90' lang='lat' dir='ltr'><strong>neu</strong></span> <span class='ocrx_word' id='word_1_520' title='bbox 641 4484 854 4542; x_wconf 86' lang='lat' dir='ltr'><strong>detrectatorum</strong></span> <span class='ocrx_word' id='word_1_521' title='bbox 874 4501 945 4543; x_wconf 83' lang='lat' dir='ltr'><strong>esse.</strong></span> <span class='ocrx_word' id='word_1_522' title='bbox 982 4487 1012 4540; x_wconf 90' lang='lat' dir='ltr'><strong>iu</strong></span> <span class='ocrx_word' id='word_1_523' title='bbox 1031 4486 1148 4557; x_wconf 86' lang='lat' dir='ltr'><strong>planetis</strong></span> <span class='ocrx_word' id='word_1_524' title='bbox 1166 4487 1234 4542; x_wconf 90' lang='lat' dir='ltr'><strong>nibil</strong></span> <span class='ocrx_word' id='word_1_525' title='bbox 1253 4488 1331 4543; x_wconf 85' lang='lat' dir='ltr'><strong>uliud</strong></span> <span class='ocrx_word' id='word_1_526' title='bbox 1351 4490 1492 4549; x_wconf 70' lang='lat' dir='ltr'><strong>„erastin-</strong></span> 
     </span>
     <span class='ocr_line' id='line_1_48' title="bbox 150 4571 1492 4648; baseline 0.007 -24"><span class='ocrx_word' id='word_1_527' title='bbox 150 4571 230 4625; x_wconf 81' lang='lat' dir='ltr'><strong>dum“</strong></span> <span class='ocrx_word' id='word_1_528' title='bbox 250 4580 356 4627; x_wconf 87' lang='lat' dir='ltr'><strong>restare</strong></span> <span class='ocrx_word' id='word_1_529' title='bbox 374 4581 462 4641; x_wconf 88' lang='lat' dir='ltr'><strong>putat,</strong></span> <span class='ocrx_word' id='word_1_530' title='bbox 482 4589 564 4642; x_wconf 90' lang='lat' dir='ltr'><strong>qaam</strong></span> <span class='ocrx_word' id='word_1_531' title='bbox 582 4580 613 4627; x_wconf 93' lang='lat' dir='ltr'><strong>at</strong></span> <span class='ocrx_word' id='word_1_532' title='bbox 632 4573 711 4638; x_wconf 85' lang='lat' dir='ltr'><strong>haee,</strong></span> <span class='ocrx_word' id='word_1_533' title='bbox 731 4588 803 4639; x_wconf 86' lang='lat' dir='ltr'><strong>qaae</strong></span> <span class='ocrx_word' id='word_1_534' title='bbox 822 4573 893 4628; x_wconf 89' lang='lat' dir='ltr'><strong>circa</strong></span> <span class='ocrx_word' id='word_1_535' title='bbox 905 4573 1090 4641; x_wconf 85' lang='lat' dir='ltr'><strong>longitudines</strong></span> <span class='ocrx_word' id='word_1_536' title='bbox 1102 4584 1130 4628; x_wconf 88' lang='lat' dir='ltr'><strong>et</strong></span> <span class='ocrx_word' id='word_1_537' title='bbox 1141 4574 1303 4631; x_wconf 86' lang='lat' dir='ltr'><strong>latitudines</strong></span> <span class='ocrx_word' id='word_1_538' title='bbox 1315 4584 1401 4648; x_wconf 82' lang='lat' dir='ltr'><strong>atque</strong></span> <span class='ocrx_word' id='word_1_539' title='bbox 1415 4578 1492 4633; x_wconf 64' lang='lat' dir='ltr'><strong>eni</strong></span> 
     </span>
     <span class='ocr_line' id='line_1_49' title="bbox 119 4656 1491 4730; baseline 0.009 -21"><span class='ocrx_word' id='word_1_540' title='bbox 119 4694 123 4700; x_wconf 84' lang='lat'><em>-</em></span> <span class='ocrx_word' id='word_1_541' title='bbox 150 4656 205 4712; x_wconf 91' lang='lat' dir='ltr'><strong>huc</strong></span> <span class='ocrx_word' id='word_1_542' title='bbox 222 4658 388 4727; x_wconf 88' lang='lat' dir='ltr'><strong>pertinentia</strong></span> <span class='ocrx_word' id='word_1_543' title='bbox 405 4659 487 4715; x_wconf 90' lang='lat' dir='ltr'><strong>aliter</strong></span> <span class='ocrx_word' id='word_1_544' title='bbox 505 4677 535 4715; x_wconf 89' lang='lat' dir='ltr'><strong>ee</strong></span> <span class='ocrx_word' id='word_1_545' title='bbox 554 4661 672 4729; x_wconf 85' lang='lat' dir='ltr'><strong>babere,</strong></span> <span class='ocrx_word' id='word_1_546' title='bbox 692 4675 772 4730; x_wconf 86' lang='lat' dir='ltr'><strong>quam</strong></span> <span class='ocrx_word' id='word_1_547' title='bbox 790 4659 880 4714; x_wconf 86' lang='lat' dir='ltr'><strong>ferant</strong></span> <span class='ocrx_word' id='word_1_548' title='bbox 899 4661 1017 4716; x_wconf 79' lang='lat' dir='ltr'><strong>urinae</strong></span> <span class='ocrx_word' id='word_1_549' title='bbox 1034 4662 1158 4729; x_wconf 81' lang='lat' dir='ltr'><strong>tabulae,</strong></span> <span class='ocrx_word' id='word_1_550' title='bbox 1184 4666 1322 4719; x_wconf 83' lang='lat' dir='ltr'><strong>accuratis</strong></span> <span class='ocrx_word' id='word_1_551' title='bbox 1341 4664 1491 4721; x_wconf 63' lang='lat' dir='ltr'><strong>assensa</strong></span> 
     </span>
     <span class='ocr_line' id='line_1_50' title="bbox 151 4743 1489 4823; baseline 0.003 -22"><span class='ocrx_word' id='word_1_552' title='bbox 151 4743 230 4801; x_wconf 76' lang='lat' dir='ltr'><strong>nibeis</strong></span> <span class='ocrx_word' id='word_1_553' title='bbox 244 4746 303 4814; x_wconf 85' lang='lat' dir='ltr'><strong>jem</strong></span> <span class='ocrx_word' id='word_1_554' title='bbox 322 4745 394 4802; x_wconf 85' lang='lat' dir='ltr'><strong>altra</strong></span> <span class='ocrx_word' id='word_1_555' title='bbox 411 4747 445 4801; x_wconf 84' lang='lat'><strong>25</strong></span> <span class='ocrx_word' id='word_1_556' title='bbox 463 4763 550 4803; x_wconf 84' lang='lat' dir='ltr'><strong>annos</strong></span> <span class='ocrx_word' id='word_1_557' title='bbox 568 4747 684 4803; x_wconf 89' lang='lat' dir='ltr'><strong>coelitus</strong></span> <span class='ocrx_word' id='word_1_558' title='bbox 704 4748 827 4805; x_wconf 87' lang='lat' dir='ltr'><strong>deductis</strong></span> <span class='ocrx_word' id='word_1_559' title='bbox 845 4748 1057 4818; x_wconf 74' lang='lat' dir='ltr'><strong>exploratumne</strong></span> <span class='ocrx_word' id='word_1_560' title='bbox 1070 4751 1249 4806; x_wconf 87' lang='lat' dir='ltr'><strong>constitutum</strong></span> <span class='ocrx_word' id='word_1_561' title='bbox 1268 4753 1330 4823; x_wconf 86' lang='lat' dir='ltr'><strong>ipse</strong></span> <span class='ocrx_word' id='word_1_562' title='bbox 1347 4752 1489 4811; x_wconf 65' lang='lat' dir='ltr'><strong>babeam</strong></span> 
     </span>
    </p>
   </div>
   <div class='ocr_carea' id='block_1_5' title="bbox 152 4834 1488 4913">
    <p class='ocr_par' dir='ltr' id='par_1_7' title="bbox 152 4834 1488 4913">
     <span class='ocr_line' id='line_1_51' title="bbox 152 4834 1488 4913; baseline 0.009 -26"><span class='ocrx_word' id='word_1_563' title='bbox 152 4846 237 4891; x_wconf 87' lang='lat' dir='ltr'><strong>neves</strong></span> <span class='ocrx_word' id='word_1_564' title='bbox 260 4842 289 4893; x_wconf 91' lang='lat' dir='ltr'><strong>et</strong></span> <span class='ocrx_word' id='word_1_565' title='bbox 306 4839 491 4907; x_wconf 87' lang='lat' dir='ltr'><strong>competentes</strong></span> <span class='ocrx_word' id='word_1_566' title='bbox 508 4850 628 4893; x_wconf 71' lang='lat' dir='ltr'><strong>menes</strong></span> <span class='ocrx_word' id='word_1_567' title='bbox 644 4836 758 4899; x_wconf 67' lang='lat' dir='ltr'><strong>rottae</strong></span> <span class='ocrx_word' id='word_1_568' title='bbox 773 4834 896 4895; x_wconf 73' lang='lat' dir='ltr'><strong>ameris</strong></span> <span class='ocrx_word' id='word_1_569' title='bbox 918 4841 1100 4907; x_wconf 71' lang='lat' dir='ltr'><strong>apparatur.</strong></span> <span class='ocrx_word' id='word_1_570' title='bbox 1135 4838 1213 4907; x_wconf 65' lang='lat' dir='ltr'><strong>Quae</strong></span> <span class='ocrx_word' id='word_1_571' title='bbox 1228 4838 1292 4913; x_wconf 87' lang='lat' dir='ltr'><strong>ipse</strong></span> <span class='ocrx_word' id='word_1_572' title='bbox 1307 4840 1426 4898; x_wconf 72' lang='lat' dir='ltr'><strong>mdn</strong></span> <span class='ocrx_word' id='word_1_573' title='bbox 1439 4852 1488 4911; x_wconf 60' lang='grc' dir='ltr'><strong>ιο</strong></span> 
     </span>
    </p>
   </div>
   <div class='ocr_carea' id='block_1_6' title="bbox 0 0 1658 5534">
    <p class='ocr_par' dir='ltr' id='par_1_8' title="bbox 0 0 1658 5534">
     <span class='ocr_line' id='line_1_52' title="bbox 0 0 1658 5534; baseline 0 0"><span class='ocrx_word' id='word_1_574' title='bbox 0 0 1658 5534; x_wconf 95' lang='lat' dir='ltr'><strong> </strong></span> 
     </span>
    </p>
   </div>
  </div>
 </body>
</html>
