3308 5534
150 372 216 443 298
502 370 674 431 Collectauea
693 388 727 427 ex
745 372 885 429 codicibus
904 372 1143 431 Pullroviousibus.

154 555 185 613 in
207 552 256 613 dio
278 568 366 628 snper
389 570 497 613 antrum
519 553 710 630 significante,
734 560 768 614 ut
789 561 931 630 quantum
946 550 989 635 Θ
1012 571 1064 631 per
1086 570 1186 613 arcum
1207 554 1389 633 superiorem
1410 570 1509 617 cursus

153 641 250 700 diurni
273 648 470 717 promovetur,
496 650 610 701 tantum
629 641 698 701 Asc.
722 658 781 701 uno
805 657 882 701 anno
905 642 1147 718 peraequatoris
1170 650 1389 703 mensurantem
1403 660 1509 717 areum,

152 727 328 805 significatio
352 745 432 802 vero,
456 731 571 805 quoties
595 732 671 789 intra
693 731 831 789 terminos
855 728 966 789 dierum
990 729 1110 789 directio
1134 729 1202 789 talis
1224 730 1376 805 incideret,
1399 747 1452 808 per
1465 748 1511 793 re·

153 815 335 877 volutionem
358 814 491 876 diurnam
513 817 552 877 ad
575 826 670 877 certos
694 816 756 877 dies
780 815 979 878 deduceretur.
1024 816 1071 875 Ita
1094 818 1224 877 omnium
1248 817 1417 879 diocorum
1432 822 1511 895 (uam

153 921 222 981 pars
249 904 383 963 fortunae
406 902 576 980 figmentum
599 901 655 985 est)
686 904 861 965 directiones
892 904 930 965 ab
961 921 1020 964 nna
1047 906 1152 963 iterum
1183 922 1274 965 eausa
1304 904 1509 983 dependerent.

153 992 228 1051 Dies
248 992 343 1068 prima
371 1000 441 1068 post
463 1000 558 1051 ortum
581 1008 689 1051 anunm
711 992 859 1069 signifieat
881 1002 910 1053 et
934 990 1026 1065 diem,
1056 994 1165 1052 mensis
1186 994 1298 1069 primns
1320 1002 1392 1071 post
1420 1003 1511 1055 ortum

154 1094 248 1139 annos
271 1078 332 1161 2θὲΞ
358 1088 539 1139 cumensem
562 1079 683 1157 (mensis
706 1079 745 1139 ab
769 1093 805 1147 0(
834 1082 862 1138 in
878 1080 951 1155 os),
982 1097 1078 1139 anetus
1108 1082 1219 1157 primm
1246 1090 1316 1158 post
1337 1091 1436 1142 ortum
1459 1100 1511 1143 su·

155 1182 209 1225 nos
224 1168 319 1250 3651,
343 1174 499 1243 propterea
521 1168 601 1243 quod
623 1168 699 1226 intra
715 1166 809 1240 diem,
832 1184 970 1241 mensem,
994 1184 1112 1241 annum,
1136 1167 1298 1228 revolvitur
1312 1176 1396 1228 motu
1412 1168 1511 1231 diurno

155 1262 254 1313 tantus
282 1271 420 1313 uumerus
448 1254 606 1331 graduum,
637 1263 764 1331 quantus
786 1272 806 1315 a
827 1254 897 1315 Sole
927 1254 1078 1315 coniicitur
1104 1256 1188 1315 anuis
1213 1262 1241 1329 l,
1265 1262 1317 1331 29,
1342 1262 1418 1317 aab.
1464 1258 1511 1317 lu·

155 1342 347 1403 commoditas
370 1342 459 1418 bajus
483 1342 631 1402 doctrinae
655 1342 737 1417 baec,
761 1342 840 1419 quod
863 1341 1023 1403 absurdum
1040 1341 1164 1417 uidetur,
1188 1343 1437 1419 significationem
1451 1362 1511 1407 sess

155 1447 248 1506 usquc
271 1429 308 1489 ad
331 1430 491 1490 secundnm
515 1440 544 1491 et
566 1433 682 1490 tertium
704 1448 834 1490 mensem
850 1432 956 1490 aetatis
979 1429 1098 1489 insontis
1121 1430 1276 1491 extendere
1298 1432 1411 1508 potius,
1427 1450 1510 1509 quam

154 1516 194 1577 ad
215 1518 348 1593 quintam
375 1518 423 1577 vel
446 1526 559 1577 sextam
591 1519 692 1577 lroram
721 1519 806 1595 primi
829 1517 903 1589 diei,
934 1534 1000 1577 cum
1029 1517 1126 1577 adbuc
1147 1526 1248 1579 tenera
1270 1527 1317 1579 cst
1340 1520 1462 1579 iulsntis
1483 1533 1508 1580 et

155 1604 250 1665 insilis
272 1612 387 1665 natura.
424 1604 527 1664 Potest
549 1606 617 1666 bnic
640 1605 814 1665 absurditati
836 1607 963 1666 succurri
980 1605 1182 1683 speculatione
1197 1606 1329 1685 physica,
1354 1605 1436 1683 quod
1450 1610 1507 1685 sig-

155 1690 353 1753 nificationem
375 1694 405 1749 in
427 1693 571 1753 infinitum
594 1694 702 1771 porrigi
725 1710 784 1753 non
806 1694 844 1753 sit
866 1692 1035 1767 absurdum,
1058 1694 1082 1751 si
1105 1692 1180 1753 haee
1202 1704 1280 1755 esset
1301 1694 1425 1754 humani
1448 1697 1509 1755 acsi

157 1778 298 1841 conditio.
344 1780 416 1839 Vita
437 1782 515 1839 eninr
537 1788 583 1841 est
608 1781 814 1857 multiplicatio
843 1783 928 1858 primi
956 1782 1076 1859 spiritns
1105 1788 1134 1840 et
1157 1784 1241 1857 quasi
1271 1780 1363 1841 fluxio
1394 1799 1431 1843 ex
1454 1800 1506 1843 uuo

157 1868 322 1928 nativitatis
343 1868 438 1941 lente,
467 1886 536 1945 ergo
559 1874 588 1929 et
611 1870 675 1946 ejus
699 1868 942 1945 significationem
971 1868 1215 1945 multiplicatione
1245 1878 1381 1929 constare
1410 1870 1508 1930 absar-

158 1957 228 2015 dum
250 1972 310 2016 uon
333 1963 386 2017 est.
432 1956 500 2032 lpse
522 1964 633 2031 motus,
666 1958 760 2034 ipsum
789 1966 904 2033 tempus
933 1958 963 2015 iu
986 1972 1092 2032 genere
1115 1954 1204 2015 fluxio
1228 1956 1375 2032 quaedam
1398 1965 1445 2017 est
1465 1974 1508 2019 so·

158 2041 285 2103 eundum
299 2042 466 2116 Platonem,
491 2045 520 2101 in
543 2062 602 2121 quo
618 2046 663 2103 vis
687 2046 886 2120 impressionis
905 2044 968 2122 jam
990 2045 1167 2121 praeteritae
1189 2050 1219 2104 et
1240 2045 1417 2122 principium
1440 2056 1508 2107 tem-

158 2134 238 2209 poris
262 2150 353 2192 cansa
375 2134 533 2191 memoriae
556 2131 773 2207 quodammodo
796 2149 935 2208 praesens
960 2149 1024 2191 cunr
1047 2133 1112 2207 ipso
1135 2138 1216 2190 motu
1239 2131 1334 2195 adest.

263 2218 347 2280 llaec
370 2219 502 2280 doctrina
526 2218 655 2279 excludit
675 2218 805 2296 reliquos
826 2218 977 2296 planetas,
1008 2221 1058 2295 qui
1081 2219 1175 2279 neutri
1199 2223 1291 2279 motui
1314 2220 1426 2283 Tenue
1448 2228 1508 2281 sunt

159 2306 289 2381 obnoxii,
313 2314 427 2367 utnon
450 2308 564 2385 possint
586 2325 652 2367 esse
675 2306 895 2383 significatores,
918 2306 970 2367 sed
993 2315 1105 2367 tanturn
1128 2308 1328 2383 promissores.

263 2394 309 2455 Dc
324 2396 625 2472 promissoribus
640 2395 767 2455 difficilis
782 2403 826 2455 est
842 2398 985 2470 quaestio,
1000 2396 1096 2455 sintne
1112 2392 1281 2455 desumendi
1296 2412 1331 2455 er
1354 2394 1508 2475 adponam

159 2482 326 2543 immobiles
357 2502 395 2542 an
424 2502 460 2543 ex
490 2486 554 2560 ipso
584 2482 667 2543 coelo
695 2490 783 2559 prout
812 2484 912 2559 primis
937 2489 964 2551 1,
988 2488 1017 2555 2,
1042 2488 1059 2542 3
1085 2483 1235 2541 mensibus
1261 2482 1508 2561 promoveantarl

158 2568 271 2645 Magna
281 2587 386 2647 nempe
397 2580 442 2630 est
453 2570 624 2631 didereutia.
642 2568 815 2631 Utmobiles
829 2568 1056 2645 considerentur,
1072 2572 1251 2631 concinnitas
1262 2580 1388 2631 naturae
1400 2570 1509 2631 suadet

158 2658 235 2723 liam
257 2660 282 2717 si
306 2659 452 2719 naturalia
473 2659 549 2719 baec
571 2668 712 2735 tempora,
737 2658 808 2731 dics,
832 2659 951 2732 mensis,
974 2674 1069 2717 annus
1092 2659 1121 2715 in
1135 2656 1384 2735 significatoribus
1402 2660 1510 2719 habea·

160 2754 220 2818 tur,
244 2754 389 2821 quatenns
411 2748 522 2806 interea
545 2748 675 2805 variatur
697 2748 825 2822 ipsorum
846 2753 962 2819 motus,
993 2746 1063 2822 quin
1086 2746 1173 2821 igitur
1195 2752 1225 2805 et
1246 2748 1456 2823 promissores,
1486 2754 1511 2805 st

159 2836 186 2891 si
209 2829 238 2890 id
262 2832 341 2915 quod
364 2852 432 2893 vere
454 2832 488 2893 bt
509 2834 570 2894 iilic
592 2842 774 2910 spectamus,
802 2836 872 2909 quin
895 2842 923 2893 et
945 2833 994 2893 bic
1016 2832 1093 2893 idem
1116 2832 1246 2894 tacimus.
1288 2830 1329 2895 Ut
1352 2833 1512 2895 immobiles

159 2936 353 2995 assumamus,
377 2922 471 2998 magis
485 2923 610 2998 probare
632 2920 747 2981 videtur
770 2922 959 2997 experientia.
990 2920 1035 2981 Sit
1049 2920 1101 2980 Sol
1124 2928 1191 2980 ante
1206 2918 1332 2981 blartem
1349 2922 1391 2981 6⁰.
1430 2922 1512 2981 uma

160 3010 267 3067 aetatis
288 3019 371 3069 sexto
392 3010 555 3069 laederetur
578 3011 627 3067 via
650 3008 782 3085 aequali,
811 3012 835 3068 si
858 3010 941 3069 loeus
967 3008 1084 3082 blartis,
1116 3024 1175 3067 non
1197 3008 1279 3068 blara
1309 3012 1374 3087 ipse
1396 3026 1513 3087 pregre·

162 3096 254 3169 diens,
278 3100 437 3173 promissor
459 3098 507 3157 sit.
552 3098 627 3157 ll'anr
650 3096 753 3157 diebus
776 3102 794 3156 6
822 3097 860 3173 Θ
885 3100 913 3154 in
936 3096 1033 3155 loenrn
1055 3095 1136 3155 illum
1159 3096 1298 3157 succedit.
1343 3096 1395 3157 Sin
1420 3108 1511 3159 autem

160 3184 349 3261 progrediens
371 3184 452 3245 blars
480 3185 692 3255 consideretur,
720 3183 758 3243 ad
781 3184 907 3244 Martem
933 3184 972 3259 Θ
995 3186 1070 3242 intra
1094 3190 1134 3243 ab
1159 3182 1206 3244 vel
1231 3192 1271 3243 40
1295 3184 1359 3245 dies
1382 3188 1434 3245 vix
1450 3202 1513 3263 per·

163 3274 276 3345 veniet,
305 3276 405 3349 itaque
428 3272 671 3347 significationem
694 3274 722 3330 in
746 3271 868 3331 totidem
891 3287 984 3331 annos
1012 3272 1147 3347 proteret.
1194 3270 1234 3329 ,tt
1255 3272 1330 3332 baec
1358 3274 1512 3335 observata

162 3359 260 3419 lucilia
281 3367 359 3431 snut,
383 3368 411 3419 et
432 3361 494 3435 jam
517 3378 536 3419 a
557 3378 603 3419 me
627 3361 825 3432 observatum,
850 3361 880 3417 in
902 3359 967 3419 loeo
984 3358 1087 3417 llartis
1109 3358 1252 3417 immobili
1275 3360 1515 3435 significationem

163 3450 267 3507 inesse.
314 3447 360 3506 ud
383 3448 456 3507 baec
479 3446 650 3523 nimirums:
672 3446 845 3507 statuendus
867 3456 913 3505 est
934 3454 1031 3521 antea,
1054 3455 1172 3525 propter
1195 3446 1393 3507 characterem
1426 3448 1516 3509 harui-

163 3536 218 3605 uis,
241 3542 270 3593 et
293 3541 436 3594 testantur
460 3536 618 3595 observatu
634 3536 764 3595 facillimi
779 3536 928 3607 transitus,
953 3536 981 3591 in
1005 3531 1168 3611 adparet-xp
1191 3536 1250 3592 vim
1267 3536 1364 3595 messe
1379 3536 1516 3613 patiendi,

162 3640 229 3681 cum
251 3640 304 3698 per
326 3624 391 3698 ejus
414 3624 479 3683 loca
494 3632 522 3683 et
537 3624 666 3702 hospitia
682 3624 873 3700 planetarum,
889 3632 922 3679 ut
938 3621 1092 3697 plurimum
1108 3638 1189 3695 sarra,
1214 3640 1310 3681 vacua
1332 3626 1396 3682 suis
1419 3622 1517 3702 hospi·

164 3710 244 3769 tibus
268 3710 406 3787 planetae
430 3719 457 3769 et
481 3710 554 3769 radii
579 3712 777 3771 traducuntur.
823 3709 932 3784 Quidni
955 3712 1043 3785 igitur
1065 3709 1176 3784 etjam
1200 3708 1305 3787 agendi
1329 3712 1391 3769 xim
1415 3710 1517 3791 (signi-

163 3796 308 3857 ficationis
332 3798 433 3858 carnal
464 3798 522 3855 illis
550 3801 691 3869 tribuam,
729 3808 762 3858 ut
791 3800 849 3857 sint
879 3798 963 3873 qusasi
987 3796 1115 3875 scopuli,
1146 3796 1184 3853 ad
1208 3814 1282 3873 queas
1305 3798 1517 3869 simritieatorst

163 3886 396 3963 praeteriluendo
421 3889 601 3963 irnpingant‘t
646 3888 720 3945 Nam
745 3886 799 3944 etsi
823 3883 883 3943 illic
906 3891 975 3943 sunt
997 3886 1081 3957 siena
1103 3882 1195 3951 nuda,
1225 3884 1273 3943 bie
1295 3884 1391 3945 reales
1415 3896 1517 3959 motus,

165 3984 263 4032 tamen
286 3973 334 4033 bic
357 3977 501 4051 impactus
524 3992 582 4033 non
606 3974 806 4033 eorrsideratur
820 3990 909 4031 caussa
924 3970 1066 4032 realitatis
1090 3984 1230 4045 motuum,
1253 3971 1306 4031 sed
1323 3990 1416 4033 eausa
1431 3974 1519 4053 signi·

165 4060 325 4134 lieationis,
357 4080 487 4138 quaese
512 4065 540 4119 in
564 4061 671 4121 nurltos
700 4080 792 4121 annos
821 4060 938 4137 profert.
984 4060 1087 4135 ltaque
1118 4058 1244 4131 analoga
1274 4068 1343 4119 sunt
1371 4080 1466 4136 ageas
1492 4074 1518 4121 st

166 4150 290 4225 patiens.
338 4150 403 4210 lluc
426 4168 494 4225 erpo
518 4154 616 4227 potius
647 4150 770 4221 inclino,
802 4152 845 4207 sie
876 4156 987 4220 tamen,
1019 4156 1048 4205 ut
1080 4154 1234 4222 utrumque
1265 4148 1407 4223 conjungi
1437 4164 1520 4229 posse

167 4237 339 4296 existimem.
385 4238 527 4315 llxernplo
557 4238 628 4297 mibi
659 4241 751 4315 praeit
774 4236 906 4295 electrina
929 4234 1143 4293 revolutionum
1167 4244 1195 4293 et
1226 4238 1414 4299 transituum.
1459 4238 1520 4297 xm

169 4322 276 4381 frustra
299 4334 352 4395 est,
376 4328 400 4381 si
424 4324 542 4401 planteta
565 4331 692 4385 transeat
708 4325 828 4383 alterius
843 4323 1010 4399 lrospitium.
1035 4324 1090 4382 etsi
1115 4322 1192 4379 clenti
1215 4338 1274 4383 non
1298 4326 1432 4385 inserriat
1454 4324 1522 4384 bos·

167 4412 267 4489 pitens.
312 4411 373 4472 lice
397 4414 514 4470 cannino
537 4414 643 4472 frustra
667 4420 724 4485 est,
753 4414 778 4469 si
802 4410 861 4470 aliu
885 4409 1122 4469 locoeonveniat
1146 4409 1226 4468 illum
1256 4430 1344 4487 qrrem
1368 4412 1431 4471 disi
1454 4414 1522 4471 nar-

167 4501 269 4579 pitenr.
315 4502 530 4560 1ltsiinsua
554 4500 641 4559 domo
672 4500 753 4558 illum
782 4502 922 4577 reperiat,
954 4497 1026 4557 lraee
1049 4498 1165 4557 dextrum
1189 4507 1232 4558 est
1255 4500 1417 4559 laetissima
1440 4506 1522 4561 ratio.

169 4586 341 4647 slerrrulatnr
364 4592 582 4665 proportionum
598 4589 757 4647 solidarum
781 4606 816 4647 ex
841 4587 1023 4665 sirrtplieibns
1044 4587 1181 4663 perlectis
1203 4590 1451 4665 corapositionem
1474 4606 1524 4651 sss

168 4676 306 4737 sectionis
329 4675 424 4735 lineae
446 4676 605 4736 secundum
628 4688 787 4737 extremum
809 4685 839 4736 et
860 4674 997 4737 medium,
1036 4676 1070 4733 lit
1087 4674 1183 4731 lorsam
1202 4673 1270 4735 inde
1285 4676 1375 4751 liujus
1391 4682 1435 4735 rei
1450 4680 1524 4739 ratio

168 4762 325 4824 reddenda.
372 4764 417 4825 lta
439 4782 509 4841 ergo
532 4775 561 4825 et
584 4766 612 4823 in
637 4765 855 4835 directionibus,
885 4781 949 4821 eum
979 4763 1190 4835 sternitis-atores
1219 4763 1374 4841 appellunt
1398 4766 1438 4823 ad
1461 4766 1527 4825 locs

169 4853 393 4931 premissorum,
423 4854 522 4931 magni
543 4858 588 4915 est
609 4856 749 4913 momenti
772 4862 802 4915 et
823 4852 979 4933 respondet
1008 4851 1143 4911 transitui
1173 4870 1224 4931 per
1244 4850 1331 4927 loca,
1364 4870 1435 4913 eum
1458 4852 1529 4917 subt
