3308 5534
440 462 456 503 ,
664 422 743 512 roae.
763 424 839 485 loeo.
990 464 994 471 .
1355 424 1421 499 91⁹!

61 602 126 660 Zsit
148 602 225 660 nicht
250 633 278 645 -
303 602 356 659 nol
380 602 446 658 aber
470 601 520 656 der
541 598 731 656 bescheheuen
754 600 933 670 Resiqnetion
961 600 1014 655 und
1042 600 1224 671 aufhhndunq
1248 602 1420 661 merlnnern.

62 693 134 749 Was
152 692 219 748 aber
236 692 285 748 das
303 694 441 747 Interesse
459 687 586 758 anlangt,
611 685 749 744 willaran
768 688 817 745 der
835 687 1032 758 Contentirung
1049 687 1121 745 ehlst
1138 689 1193 744 rnd
1210 688 1359 769 menlichst
1375 704 1422 759 ge-

63 777 150 837 dacht
167 779 236 835 sein.

170 866 272 921 Datum
290 866 343 922 den
361 866 403 921 28.
423 864 541 934 Augusti
559 864 635 920 leue.

170 950 279 1010 luae.
303 954 541 1023 Berneggerns
567 949 712 1021 KepIero
739 950 766 1007 S.
789 951 822 1006 P.
845 953 880 1008 D.
916 952 966 1009 Vir
988 966 1101 1008 summe.
1136 952 1213 1021 Qnae
1237 951 1357 1009 felicitas
1375 958 1419 1011 est

61 1054 136 1108 mes,
152 1036 237 1094 liliam
252 1044 334 1106 tuam,
351 1039 404 1095 hoc
416 1046 459 1095 est
471 1037 602 1109 quantulo
620 1037 709 1091 minus
727 1053 809 1107 quam
826 1044 855 1093 te
871 1038 969 1111 ipsum,
987 1045 1064 1094 taam
1082 1045 1156 1095 certe
1172 1038 1222 1097 tuli
1240 1040 1299 1093 rire
1311 1039 1420 1109 dignam

60 1129 220 1199 imaginem,
237 1127 265 1182 in
283 1127 362 1182 domo
382 1142 442 1183 mea
460 1130 631 1197 praesentem
652 1124 748 1180 haheo.
785 1125 896 1181 Utinam
919 1132 976 1182 tam
995 1127 1019 1181 ei
1041 1126 1112 1182 bene
1134 1141 1238 1181 meeum
1264 1127 1312 1199 sit,
1337 1144 1421 1197 quam

60 1229 110 1271 me
129 1220 294 1284 conspectus
313 1215 374 1283 eius
392 1213 597 1283 alloquiumque
615 1211 745 1283 delectat,
771 1227 805 1267 ex
829 1228 884 1281 qno
901 1214 1043 1285 modestia,
1068 1215 1158 1284 pictas
1176 1219 1205 1269 et
1221 1229 1306 1284 supra
1324 1228 1421 1269 sexum

61 1300 215 1375 prudentia
237 1301 336 1360 elucet.
372 1303 414 1356 De
439 1300 542 1370 nuptiis
568 1298 683 1354 consilia
706 1304 801 1354 nostre
819 1307 848 1355 et
864 1301 925 1369 ipss
951 1307 978 1355 et
1001 1316 1119 1370 sponsus
1136 1301 1321 1372 perscribant,
1340 1316 1422 1370 quem

62 1404 128 1461 ege,
147 1395 180 1444 nt
196 1387 283 1444 iuinla
301 1389 433 1444 doctorali
452 1387 518 1443 felix
537 1385 605 1442 adeo
617 1383 818 1441 matrimonium
829 1385 966 1457 honestet,
986 1388 1067 1443 etiam
1085 1396 1168 1457 utque
1186 1387 1267 1442 etiam
1280 1388 1422 1459 adhortor,

63 1476 121 1533 etsi
138 1474 256 1530 levicula
273 1482 304 1529 nt
321 1483 389 1546 puto
407 1481 578 1542 causantem,
602 1491 656 1542 quo
674 1473 763 1528 minus
781 1475 956 1544 obsequetur,
975 1474 1024 1530 sed
1042 1481 1146 1540 tamen,
1166 1479 1197 1529 ut
1215 1489 1280 1544 spes
1298 1482 1354 1546 est,
1373 1476 1423 1531 eh·

61 1568 235 1621 secuturum.
270 1562 352 1632 Spem
371 1562 518 1617 cathedrae
536 1560 744 1616 mathematicae
755 1561 784 1615 in
796 1561 934 1617 academia
952 1568 1046 1619 nostm
1063 1560 1226 1617 obtinendae
1245 1561 1423 1617 scholarchae

61 1650 155 1709 noctu
173 1650 307 1717 iecerunt,
325 1650 404 1717 cnjus
422 1650 549 1718 promissi
566 1647 649 1702 fidem
666 1646 770 1716 scripto
789 1664 898 1717 quoque
916 1649 941 1703 ei
959 1648 1058 1703 tradito
1081 1651 1212 1705 sancient.
1236 1649 1292 1704 Oro
1305 1664 1422 1706 summo-

61 1754 148 1811 pere,
171 1744 205 1793 ut
225 1735 406 1806 undecunque
429 1742 542 1805 accepta
561 1734 719 1804 occasione,
745 1735 846 1790 omissa
868 1744 959 1791 tumen
976 1736 1195 1807 illiusfpromissi
1212 1736 1363 1805 montione,
1387 1735 1423 1791 ad

62 1824 291 1883 mathematicum
313 1831 436 1878 nochum
455 1824 494 1877 M.
512 1823 635 1877 isaacum
653 1820 813 1878 Malleolum
837 1823 992 1893 epistolium
1017 1822 1129 1892 aliquod
1153 1838 1266 1879 exarare
1292 1823 1422 1894 digneris,

64 1920 96 1969 et
113 1914 141 1969 si
158 1911 301 1981 resederit,
319 1911 400 1966 etium
418 1909 453 1963 ad
470 1910 503 1964 D.
523 1910 565 1964 do.
584 1908 751 1964 Schmidium
770 1908 796 1966 J.
817 1910 846 1965 G.

172 2000 208 2055 D.
226 1998 401 2055 Habrechtus
420 1996 638 2053 dissertationem
654 2002 731 2050 tuam
749 1995 785 2051 de
803 1996 985 2054 fundamentis
998 1997 1163 2068 ethologiae
1180 1998 1330 2069 nimiopere
1349 1997 1422 2053 desi·

65 2088 151 2146 derat
186 2087 215 2143 Si
230 2086 305 2156 quod
323 2090 449 2155 superest
466 2083 635 2154 exemplum,
653 2096 716 2138 aere
734 2089 840 2152 nostro,
860 2084 991 2141 beneficio
1009 2092 1071 2153 tuo,
1089 2085 1132 2142 iae
1151 2100 1254 2155 quaeso
1272 2084 1422 2141 habeamus
1450 2140 1460 2165 ,

67 2183 99 2235 et
115 2176 197 2234 Vale.
233 2176 347 2244 Argent.
367 2172 394 2226 d.
412 2172 494 2239 suls.
513 2172 574 2226 Jan.
597 2172 671 2228 1630.

179 2266 369 2346 Ksplerus
385 2263 628 2340 Berneggero
651 2262 681 2325 S.
696 2262 730 2324 P.
749 2264 786 2326 D.
816 2264 984 2325 clarissime
999 2265 1234 2343 amicissimeque
1250 2266 1313 2326 Vir.
1351 2263 1423 2325 dam

65 2355 180 2419 dudum
204 2354 347 2415 desieram
371 2350 409 2410 ud
431 2368 512 2411 meos
534 2350 670 2425 scribere,
693 2352 772 2429 quod
796 2368 847 2412 eos
870 2354 900 2410 iu
915 2353 1018 2413 itinere
1041 2370 1105 2414 esse
1124 2355 1329 2414 existimarem.
1363 2348 1423 2412 Sed

10 2466 12 2477 ·
65 2446 142 2525 qnia
162 2441 350 2513 tabellarius,
381 2456 468 2515 quem
491 2445 520 2500 3.
545 2438 617 2499 Dec.
640 2438 744 2499 Lauba
765 2418 945 2514 dimisimus,
973 2440 1030 2500 hoe
1059 2440 1175 2501 demum
1201 2446 1251 2503 15.
1275 2440 1362 2503 Febr.
1385 2436 1425 2499 ad

64 2550 116 2597 me
140 2533 238 2605 venit,
268 2544 389 2587 nauans
411 2528 487 2586 inter
517 2528 634 2605 privata
665 2527 754 2587 etiam
782 2526 818 2587 de
841 2527 969 2587 motibus
992 2528 1071 2606 apud
1101 2545 1156 2589 vus
1178 2528 1305 2607 publicis
1329 2524 1425 2603 deque

10 2632 12 2659 ²
65 2616 164 2681 milite
180 2618 325 2678 Caesareo
349 2629 503 2674 numeroso
527 2616 557 2671 in
574 2614 703 2674 hibernis
718 2632 770 2695 per
784 2614 1050 2691 wirtembergiam,
1073 2594 1115 2675 ex*
1122 2633 1157 2675 ee
1174 2615 1309 2676 dubitare
1328 2614 1424 2692 coepi,

64 2714 170 2769 utrum
192 2703 361 2765 Bartsehius
384 2708 483 2761 noster
505 2718 570 2761 cum
593 2718 648 2761 sua
668 2718 722 2763 seu
744 2719 853 2781 sponsa
876 2720 927 2762 seu
950 2719 1041 2762 errore
1064 2702 1179 2763 eredere
1202 2719 1234 2763 se
1261 2704 1355 2781 possit
1376 2703 1425 2759 ln-

10 2836 16 2841 -
64 2794 155 2859 iestis
175 2790 294 2854 Ulmum
318 2807 418 2851 versus
442 2788 604 2849 itineribus.
649 2788 751 2849 Scribo
781 2792 868 2868 igitur
899 2799 1040 2865 tauquam
1071 2789 1109 2849 ad
1131 2798 1299 2868 praesentes
1321 2786 1425 2847 vobis·

10 2916 13 2933 =
66 2900 149 2957 mm,
173 2878 225 2940 sed
248 2895 351 2957 pauca.
383 2876 429 2936 'l'u
452 2893 521 2935 vcro
545 2874 624 2952 quod
647 2878 771 2953 geminis
792 2878 854 2954 jam
870 2880 1007 2936 monuisti
1031 2876 1189 2951 schedulis,
1212 2875 1242 2936 id
1258 2875 1425 2936 ailaeliee·

66 2966 135 3031 tam¹
151 2964 200 3042 do,
223 2966 318 3025 missis
342 2972 361 3025 2
385 2963 600 3040 exemplaribus
622 2962 772 3042 Epistulae
795 2964 935 3025 Siueusis.
967 2964 1030 3023 Etsi
1052 2964 1191 3024 fasciculo
1215 2963 1302 3024 valde
1325 2971 1424 3023 meino

67 3058 111 3121 eb
133 3053 228 3136 ὄγκοι,
252 3054 363 3114 solatur
392 3059 557 3112 luctamen
581 3050 697 3111 tortura
720 3054 798 3127 ejus,
828 3070 915 3128 quern
938 3050 1088 3128 praedicat
1110 3048 1261 3130 epistola'
1291 3048 1425 3111 Alterbm

66 3142 348 3223 legatBartschius
372 3148 488 3200 etcum
511 3154 577 3197 mea
598 3138 693 3197 salute
717 3138 768 3198 det
790 3138 826 3198 D.
850 3137 992 3198 Malleolo
1023 3139 1160 3216 dicatque
1191 3137 1271 3215 quod
1300 3156 1347 3199 res
1370 3144 1424 3211 est,

68 3250 118 3294 me
143 3227 295 3291 consulem
324 3230 410 3305 qnasi
437 3225 583 3302 quendam
613 3226 642 3282 in
670 3232 775 3285 senatu
801 3226 1008 3286 mathematico
1039 3226 1075 3286 de
1106 3229 1279 3303 quaestione
1308 3225 1425 3287 Siuensl

67 3319 189 3393 reterre,
212 3323 245 3376 ut
266 3323 337 3376 veta
360 3314 513 3391 colligam,
544 3315 618 3377 iuter
640 3321 736 3374 cetera
759 3320 789 3373 et
811 3314 902 3393 ipsius
926 3322 959 3373 ut
981 3317 1131 3389 veterani,
1159 3332 1251 3390 seque
1274 3315 1330 3393 ipsi
1352 3313 1425 3372 meis

69 3406 174 3469 verbis
204 3405 240 3463 de
266 3403 385 3462 meliore
417 3409 488 3460 uota
518 3400 718 3477 commendet;
749 3400 872 3462 alterum
900 3402 950 3461 ubi
975 3410 1006 3461 tu
1029 3402 1147 3478 legeris,
1172 3402 1209 3461 D.
1235 3402 1271 3463 D.
1294 3399 1427 3462 Schmidt

71 3512 143 3557 enm
165 3490 259 3552 multo
281 3490 392 3550 honore
406 3496 594 3566 praesentato
612 3490 697 3564 eique
712 3489 897 3549 Bartschium
912 3506 1009 3547 mcum
1025 3489 1240 3551 commendato.
1279 3488 1311 3549 Si
1326 3486 1427 3565 gravi·

71 3582 169 3643 tat'em
190 3581 220 3637 in
244 3595 289 3637 me
313 3576 458 3636 desiderat
480 3575 630 3651 maiorem,
654 3584 776 3637 excuset
797 3594 844 3635 me
867 3578 922 3654 ipsi
938 3584 1105 3652 paupertas,
1130 3584 1271 3637 excusent
1292 3572 1426 3651 exempla

71 3670 241 3749 principum
264 3668 399 3739 virorum,
422 3665 600 3723 necessitate
623 3662 705 3722 iatali
727 3680 881 3740 expressa3
911 3661 1038 3738 denique
1062 3663 1137 3723 adde
1160 3666 1307 3724 senaiium
1329 3661 1424 3722 hunc:

72 3774 110 3819 se
134 3772 196 3833 qna
217 3754 297 3828 licet,
321 3769 379 3811 uon
403 3753 539 3824 sanctior,
564 3752 614 3827 qui
637 3768 696 3827 qua
718 3750 799 3810 libet.
845 3750 906 3810 Nee
928 3753 1005 3810 enim
1038 3750 1125 3810 debet
1148 3768 1214 3811 csse
1236 3752 1338 3835 tortior
1359 3764 1426 3811 mea

71 3844 178 3921 lingna
201 3859 289 3917 quam
312 3840 487 3900 bellatorum
511 3840 651 3899 teutonici
673 3836 725 3898 alti
755 3839 906 3915 sanguinis
939 3854 1053 3897 manus.
1099 3836 1131 3897 Si
1152 3838 1259 3899 liberet
1282 3836 1425 3914 tempori·

69 3932 129 3993 bns
152 3930 233 3990 hisce
253 3928 362 4004 jocari,
390 3927 542 3999 adderem,
574 3944 620 3986 me
644 3924 765 4002 eclipsin
790 3925 1051 4003 Argentinensibus
1075 3927 1189 3986 mittere
1210 3923 1361 3999 subsidio,
1393 3930 1427 3983 nt

71 4018 175 4081 solent
197 4033 278 4076 arma
300 4017 402 4074 usibus
425 4014 537 4073 bellicis
561 4021 616 4073 cte.
646 4012 730 4073 Haec
753 4019 782 4073 et
805 4012 913 4073 similia
936 4011 973 4073 ud
997 4013 1035 4071 D.
1059 4013 1096 4073 D.
1113 4012 1246 4074 Schmidt
1268 4013 1439 4081 scriberem,

73 4108 185 4187 ipsum,
207 4105 264 4162 uisi
286 4100 466 4179 parcendum
489 4110 566 4161 esset
588 4100 737 4160 fasciculo.
783 4100 827 4161 'rc
849 4118 931 4178 rogo,
954 4100 1073 4162 referas.

179 4190 264 4267 Quae
280 4191 308 4248 in
323 4207 406 4250 meae
422 4191 530 4249 vietum
545 4205 674 4264 ususque
689 4188 841 4265 impendis,
866 4188 1020 4265 diligenter
1036 4191 1185 4266 consigna,
1209 4187 1287 4247 dabo
1301 4203 1424 4265 oporam

68 4286 104 4343 ut
125 4282 172 4341 sis
194 4279 347 4339 indemnis.
380 4276 474 4353 Cupio
497 4278 577 4353 ipsos
597 4275 703 4352 juvare
719 4278 854 4337 omnibus
877 4278 979 4354 copiis,
1004 4278 1083 4335 omni
1106 4275 1173 4335 lide.
1207 4273 1318 4352 Scripsi
1333 4274 1427 4334 'Pam-

71 4367 193 4449 psclrio,
217 4365 300 4424 daret
323 4362 402 4441 quod
425 4365 522 4439 coegit
544 4381 579 4423 ex
603 4365 675 4424 meis
697 4364 789 4437 librls,
814 4364 945 4424 detracto
969 4373 1067 4424 tamen
1090 4380 1145 4423 sno
1167 4362 1284 4427 salario.
1328 4362 1426 4439 Saepe

70 4454 178 4519 eadem
200 4453 240 4514 ad
262 4454 357 4529 ipsum
379 4452 505 4511 scribere
528 4451 725 4529 periculosum
749 4459 793 4513 est
815 4454 852 4512 ob
876 4458 986 4512 metum
1008 4452 1243 4529 interceptioois,
1277 4450 1331 4510 tibi
1354 4464 1426 4509 vero

69 4544 147 4607 baec
171 4540 208 4602 de
230 4557 277 4600 me
299 4541 419 4599 testanti
442 4537 541 4598 credet
563 4538 658 4598 facile.
686 4572 723 4583 -
746 4541 808 4595 Jam
829 4542 999 4611 interpositis
1023 4543 1118 4612 paneis
1143 4542 1177 4597 de
1196 4540 1300 4597 tabulis
1319 4538 1425 4596 matbe-

69 4635 188 4704 maticis,
207 4647 279 4701 quae
298 4646 382 4699 supra
399 4646 461 4700 pag.
481 4632 533 4686 ’146
551 4630 686 4697 leguntur,
705 4628 747 4684 his
766 4631 847 4684 tinem
865 4630 930 4685 iacit
949 4629 1097 4699 Keplerus:

176 4725 338 4786 chasmate
353 4730 382 4797 3,
401 4729 429 4796 4,
446 4729 475 4781 5.
492 4723 578 4783 Febr.
603 4723 669 4780 visa
682 4720 770 4799 louge
786 4721 913 4798 lateque,
930 4721 988 4797 bie,
1004 4720 1211 4794 Vratislaviae,
1235 4722 1264 4779 in
1282 4718 1424 4794 Marelria,

67 4807 586 4983 ffifdda’effigbagic'effiseddg'
619 4809 770 4873 Distiueor
791 4809 949 4872 multarum
963 4811 1137 4890 scriptione;
1159 4812 1279 4895 ignosce
1295 4814 1325 4867 et
1338 4806 1424 4867 Vale.
