3308 5534
241 400 307 471 190
595 396 770 457 Golleetanes
787 410 822 455 ex
840 396 979 456 eodiubus
997 392 1236 455 Pullrorleuslbus

345 576 445 641 Unum
466 579 646 657 mergulum
668 596 735 641 cum
758 586 777 641 2
800 577 985 657 sexangulis,
1008 596 1074 641 cum
1099 586 1114 640 1
1140 578 1303 657 sexangulo
1326 586 1357 641 et
1381 586 1396 641 i
1422 580 1603 661 septangula

240 678 296 732 ete.
321 685 415 748 usque
438 670 468 727 iu
491 668 647 729 infinitum.

345 757 380 817 ln
403 757 500 835 planis
522 758 675 834 punctatlo
699 754 853 814 necesaria
874 762 920 814 est
942 760 961 817 3
984 762 1168 833 punctorum,
1191 757 1222 813 iu
1243 754 1347 815 solidis
1364 762 1399 831 ⁴3
1424 756 1487 817 iilic
1509 758 1605 817 nteit

241 845 436 921 triangulum,
468 844 516 903 bic
538 853 572 904 ut
593 846 633 903 sit
654 844 794 921 pyramis.
839 840 905 901 lllic
928 844 1018 919 igitur
1039 842 1204 917 triangulus
1224 842 1263 903 ad
1291 842 1434 903 circulum
1457 852 1504 905 est
1526 852 1560 903 ut
1582 850 1602 905 3

240 930 279 991 ed
302 932 431 1005 infinita,
454 932 503 991 bie
525 930 654 1008 pyramis
678 928 716 989 sd
738 928 924 1005 sphaericum
947 930 1059 990 itidem.
1105 930 1240 1007 Cumque
1263 930 1390 991 circulus
1412 938 1444 991 et
1465 930 1606 1009 rpbserl·

241 1036 307 1078 eum
330 1021 390 1078 sint
412 1018 477 1079 sola
499 1018 673 1094 perlectaet
687 1015 843 1093 regularia,
866 1017 1002 1094 regulare
1024 1016 1125 1077 itidem
1149 1020 1213 1091 erit,
1237 1018 1316 1095 qnod
1332 1020 1465 1097 proxime
1489 1016 1529 1079 ed
1552 1016 1606 1079 ills

240 1105 364 1167 secedit.
409 1105 483 1165 Sunt
506 1112 606 1165 autern
629 1106 742 1177 omnia,
772 1120 849 1181 quae
876 1104 973 1181 planis
997 1105 1170 1179 tribuimus,
1194 1104 1308 1165 infinita
1334 1107 1463 1183 quedem
1487 1108 1603 1167 ratione

240 1195 329 1252 ctiam
352 1196 381 1252 in
405 1194 513 1253 curris.

516 1326 617 1383 Curru.
1098 1331 1194 1387 Pleno
1211 1338 1287 1388 recto
1304 1338 1331 1389 et
1347 1334 1450 1392 solido.

243 1408 268 1477 1)
285 1404 411 1477 Undique
429 1402 593 1462 clauduntur
610 1405 638 1459 iu
656 1403 797 1459 inlinitum.
950 1408 974 1475 1)
992 1406 1119 1478 Undique
1135 1409 1308 1479 clauduntur,
1330 1410 1359 1465 iu
1376 1410 1466 1479 pluuia
1484 1426 1542 1467 uon
1553 1407 1602 1465 mi·

994 1502 1046 1541 nus
1066 1487 1165 1557 tribua,
1184 1488 1211 1541 iu
1230 1488 1325 1543 aelidis
1342 1490 1361 1543 l
1378 1488 1457 1543 locis.

241 1564 269 1633 2)
288 1562 325 1619 Se
343 1564 411 1633 ipsis
428 1561 603 1619 clauduntur.
947 1564 976 1633 l)
996 1564 1090 1619 Solida
1107 1567 1150 1621 sui
1169 1564 1302 1621 similibus
1314 1564 1404 1635 planis
1423 1563 1600 1621 clauduntur.

240 1646 267 1711 3)
285 1644 388 1699 Latere
406 1642 449 1698 rel
468 1639 627 1711 superficies
644 1638 749 1695 bubeut
766 1638 894 1695 ininfiui·
947 1644 975 1709 3)
994 1643 1094 1698 Lutere
1119 1642 1162 1698 sel
1185 1642 1268 1711 pluuu
1298 1643 1402 1699 babent
1434 1644 1527 1697 omnis
1549 1643 1602 1700 stoi

287 1728 345 1778 tum
364 1728 393 1775 et
415 1736 498 1775 unam
515 1720 632 1791 ideoque
654 1720 706 1776 sibi
730 1718 893 1775 simillimam
995 1721 1094 1777 similia
1111 1730 1139 1778 et
1155 1721 1264 1793 eadem,
1291 1737 1345 1778 non
1369 1722 1479 1777 diverse
1498 1720 1542 1777 rel
1559 1720 1600 1777 di·

288 1806 317 1855 et
335 1798 570 1871 simplicissimam.
995 1798 1102 1853 lor-mia.

239 1878 268 1949 l)
285 1877 408 1949 Augules
422 1878 526 1933 babent
538 1876 659 1931 infinitos
675 1884 703 1932 et
720 1893 803 1931 unum
822 1876 894 1932 ideo·
947 1874 978 1941 ll
996 1876 1119 1945 Augulos
1141 1892 1236 1933 omnes
1259 1878 1362 1935 babent
1390 1879 1526 1951 aequales
1549 1894 1602 1935 nott

286 1972 341 2027 que
359 1956 411 2013 sibi
428 1954 604 2011 simillimum.
994 1954 1094 2021 runos,
1111 1969 1166 2009 nou
1185 1956 1324 2013 diiormcs.

240 2038 267 2105 b)
284 2036 381 2091 Omnia
393 2042 497 2104 punctu
508 2034 668 2105 aequalibus
681 2034 760 2089 lineis
772 2050 789 2087 n
799 2041 894 2089 neutro
947 2032 973 2099 ῠ)
993 2032 1093 2085 Ceutra
1110 2030 1254 2101 planorum
1271 2036 1343 2091 inter
1360 2052 1400 2105 se,
1418 2036 1486 2093 item
1505 2044 1535 2095 et
1552 2052 1597 2093 an·

287 2114 396 2170 absunt.
993 2109 1050 2181 guli
1067 2111 1139 2167 inter
1156 2128 1186 2169 se
1203 2112 1356 2184 aequaliter
1372 2114 1482 2171 absunt

347 2230 432 2292 Haec
454 2241 523 2291 sunt
546 2230 705 2308 redigenda
728 2230 766 2291 ad
788 2233 943 2308 pauciore:
966 2230 990 2289 l.
1014 2230 1127 2293 blanci.
1172 2232 1210 2293 V.
1234 2234 1286 2293 list
1308 2234 1470 2311 mutabile3
1494 2254 1597 2299 nomeu

240 2337 346 2397 nempe
374 2322 496 2379 sortitur
508 2319 636 2380 solidum
652 2337 670 2378 a
684 2319 774 2396 plano
790 2328 823 2378 ut
845 2326 875 2379 et
896 2322 1034 2397 speciem.
1073 2320 1129 2380 111.
1154 2320 1278 2381 Videtur
1301 2326 1382 2400 prius
1405 2341 1472 2385 esse
1497 2334 1597 2403 quarto

241 2417 271 2470 et
293 2410 405 2485 quinto,
430 2424 507 2483 quae
529 2410 558 2466 in
582 2406 685 2467 solidis
708 2406 836 2483 pendent
850 2425 869 2466 a
884 2410 980 2467 tertio.
1019 2408 1118 2467 Curva
1140 2408 1236 2486 planis
1258 2422 1327 2470 sunt
1350 2428 1440 2471 causa
1464 2412 1598 2491 sequell-

240 2498 320 2556 tutis.
367 2496 462 2555 Plana
485 2496 584 2556 curris
607 2504 675 2553 sunt
698 2512 788 2555 causa
809 2496 1035 2554 mensurationis
1057 2504 1087 2555 et
1110 2498 1332 2573 compositionis
1354 2500 1471 2561 mistae.

346 2584 393 2641 An
415 2584 505 2659 igitur
526 2586 568 2642 sic
590 2580 824 2659 procedendum,
848 2592 880 2639 ut
902 2584 995 2657 primo
1018 2581 1210 2659 procedamus
1233 2584 1381 2663 analytice
1404 2605 1424 2645 a
1445 2586 1597 2665 spbeerieo

241 2670 280 2731 ad
302 2686 434 2746 corpora,
458 2672 496 2730 ab
519 2671 564 2728 liis
588 2670 626 2729 ad
649 2670 747 2746 plana,
770 2678 803 2728 ut
825 2668 992 2745 aequalitas
1015 2677 1241 2747 (contraquam
1264 2673 1407 2734 leuctenus
1422 2692 1458 2735 cr
1475 2694 1508 2735 se
1524 2672 1597 2753 lpse)

241 2775 278 2819 ex
301 2774 391 2817 curvo
414 2757 618 2834 intelligatur?
640 2765 744 2832 postea
767 2776 944 2825 συστατικως
966 2774 985 2815 u
1007 2757 1103 2833 planis
1126 2757 1165 2817 ud
1188 2762 1303 2819 currui

347 2845 483 2905 Ceterum
507 2846 560 2903 crit
582 2846 672 2903 mixto
695 2842 784 2902 modo
806 2843 962 2919 egendum.
1000 2844 1075 2902 Num
1092 2846 1184 2921 primo
1200 2846 1356 2907 dicendum
1381 2847 1417 2909 de
1433 2848 1597 2925 sphaerico,

241 2940 310 3011 post
339 2931 376 2991 de
399 2942 464 2992 ortu
486 2932 582 2992 lineae
604 2940 634 2991 ct
656 2930 834 3007 superficiei,
867 2930 933 2991 inde
963 2930 999 2991 de
1022 2942 1087 2991 ertu
1110 2934 1226 3009 circuli,
1256 2944 1323 3011 post
1353 2934 1390 2995 de
1413 2936 1597 3013 regularibus

241 3020 346 3098 planis,
371 3029 432 3079 turn
456 3019 492 3079 de
515 3019 697 3093 regularibus
720 3019 900 3098 corporibus.

346 3107 537 3185 Spbuericum
560 3116 588 3166 ct
612 3107 772 3183 perlectum
796 3110 930 3166 terminat
953 3124 985 3165 se
1007 3114 1037 3167 ct
1060 3109 1155 3183 ipsum
1171 3108 1341 3185 perlectum.
1378 3108 1485 3187 ltaque
1505 3108 1599 3170 simil·

241 3194 313 3255 lima
334 3203 419 3255 erunt
440 3197 603 3272 sphaerico,
627 3212 705 3271 quus
728 3206 758 3253 et
780 3195 910 3271 perlecto
932 3202 1000 3253 sunt
1023 3196 1051 3251 in
1073 3212 1128 3253 arro
1148 3214 1271 3271 genere,
1295 3205 1327 3255 ut
1349 3196 1455 3272 solida,
1479 3208 1509 3257 et
1532 3214 1599 3275 per-

243 3284 329 3343 lectis
352 3284 540 3343 tenninuntur
562 3292 592 3341 ct
614 3282 768 3359 sphaerico
791 3280 936 3341 similibus
959 3284 1094 3351 mnxirnc,
1119 3296 1151 3340 ut
1173 3294 1241 3343 surrt
1256 3284 1435 3360 superficies.
1477 3284 1553 3345 Num
1569 3286 1597 3343 lu

243 3369 301 3429 boc
323 3370 419 3429 cilicio
448 3382 516 3429 sunt
546 3370 690 3445 perlecto,
721 3379 750 3427 ct
772 3378 841 3427 aunt
869 3370 958 3431 etium
988 3369 1157 3445 superficies
1187 3378 1220 3429 ut
1246 3368 1442 3447 sphaericum.
1491 3372 1599 3433 Lineas

241 3474 301 3517 nen
323 3460 450 3534 perlecto
473 3461 636 3517 terminant.
682 3455 785 3517 Solida
807 3465 875 3515 sunt
906 3459 990 3534 quasi
1013 3460 1151 3531 muteris,
1182 3458 1351 3535 superficies
1381 3460 1467 3535 quoni
1498 3458 1598 3519 lorms.

243 3544 322 3605 Sane
344 3545 529 3622 sphaericum
559 3546 633 3604 nibil
664 3546 721 3603 uisi
750 3545 919 3621 superficies
941 3554 971 3604 et
993 3545 1100 3618 lormu,
1131 3545 1209 3605 uude
1237 3556 1382 3621 quatenus
1405 3546 1521 3607 solidae
1545 3548 1599 3625 lpsl

242 3641 463 3711 comparantur,
486 3643 516 3692 et
539 3636 621 3709 iprae
644 3640 712 3692 sunt
735 3630 904 3709 superficies
926 3639 955 3691 et
977 3631 1078 3690 formu.
1117 3632 1166 3691 Sic
1190 3632 1271 3692 Deus
1294 3634 1387 3693 lorma
1410 3636 1497 3711 quasi
1521 3650 1601 3695 mere

242 3732 302 3793 est;
325 3738 420 3781 rerum
443 3722 553 3781 lormae
577 3720 642 3781 Deo
664 3720 819 3780 similiores
842 3737 930 3795 quam
951 3722 1081 3778 materia.
1127 3720 1199 3779 lude
1222 3740 1268 3781 me
1289 3721 1392 3790 solen,
1424 3720 1506 3797 quod
1529 3722 1599 3781 olins

241 3806 392 3867 dubitari:
415 3810 441 3868 si
457 3810 581 3869 materia
595 3808 660 3867 sola
675 3816 798 3879 crentur,
822 3808 913 3867 lorrna
929 3824 965 3867 cx
981 3805 1046 3867 Deo
1061 3806 1235 3885 resplendet,
1261 3808 1338 3869 unde
1354 3811 1443 3883 igitur
1468 3812 1598 3869 rsrietss

241 3896 424 3955 lormurum'?
463 3896 552 3972 licsp.
576 3898 650 3955 lorte
669 3913 727 3953 non
750 3903 794 3955 cst
817 3913 896 3955 mera
912 3896 1018 3971 imago,
1043 3894 1095 3953 sed
1119 3894 1187 3955 talis
1210 3899 1317 3973 inungo,
1341 3914 1418 3973 quac
1440 3905 1471 3955 ct
1490 3907 1597 3958 cresis.

242 3984 280 4043 lit
303 3986 401 4059 imago
424 3994 471 4043 cst
493 3984 647 4062 quodlibet
670 3982 832 4059 superficiei
855 3993 994 4059 punctum
1012 3980 1171 4059 cujuslibet
1186 3982 1267 4059 plani
1283 3986 1364 4043 rccti.
1402 3982 1483 4043 b'nta
1498 3985 1601 4061 igitur,

243 4070 362 4143 formae,
386 4071 484 4147 quoad
508 4076 675 4141 essentium,
698 4069 884 4145 resplendent
908 4088 943 4130 cr
968 4070 1046 4144 Deo,
1070 4070 1169 4147 quoad
1193 4070 1383 4143 differentius,
1408 4074 1543 4131 oriuntur
1564 4088 1599 4131 ex

242 4158 339 4229 rebus,
351 4169 383 4216 ut
398 4158 566 4235 superficies
583 4176 618 4218 cr
634 4160 815 4234 corporibus.
840 4156 995 4236 Omnino
1012 4158 1275 4236 metaphysica
1291 4166 1324 4217 et
1339 4158 1431 4219 baec
1454 4158 1601 4219 matbe-

243 4248 385 4304 mstlcu
407 4244 596 4305 tradenda
619 4245 724 4305 modo
747 4246 950 4322 parallelo.
996 4246 1169 4305 Ditlcreutiu
1193 4246 1261 4305 bine
1284 4253 1329 4305 est
1353 4245 1410 4305 Dei
1433 4256 1465 4305 et
1487 4246 1601 4307 lorms·

242 4350 315 4391 runs.
358 4339 391 4399 1)
413 4332 606 4409 sphaericum
637 4336 737 4393 omnia
763 4342 926 4407 sustentat,
957 4336 992 4407 2)
1014 4351 1047 4394 se
1076 4336 1141 4410 ipso
1172 4335 1319 4409 subsistit;
1352 4341 1384 4392 ut
1406 4330 1499 4409 planu
1520 4342 1601 4393 reete

246 4422 427 4480 sustinentur
448 4418 607 4484 soliditate.

348 4506 428 4582 Quid
451 4510 539 4581 igitur
561 4517 629 4568 sunt
652 4508 771 4570 lincne‘l
809 4508 1000 4568 Diliercntiae
1023 4506 1179 4567 lormarum
1195 4516 1225 4567 et
1248 4507 1470 4569 terminationes
1493 4509 1523 4565 ln
1540 4506 1601 4567 lor·

244 4598 340 4655 matis.
381 4596 442 4653 ‚lut
471 4598 570 4671 potius
591 4600 657 4673 ipss
679 4598 835 4657 lermarum
858 4594 995 4675 irrpyrur,
1028 4612 1088 4671 qun
1119 4594 1214 4671 qualis
1238 4597 1331 4655 lorma
1352 4596 1392 4653 sit
1415 4594 1600 4671 intelligitur.

245 4684 320 4743 Sunt
344 4684 463 4742 omnine
485 4692 617 4743 motuum
639 4685 760 4743 umbrae
789 4684 898 4757 lineae,
929 4686 1000 4760 quia
1028 4694 1184 4743 morentur
1210 4699 1256 4744 res
1279 4684 1308 4741 ln
1331 4680 1427 4743 lineis.
1473 4682 1549 4743 Sunt
1571 4690 1601 4743 st

245 4770 367 4831 umbrae
388 4772 553 4839 actionum,
584 4773 655 4846 quia
676 4782 767 4848 agunt
789 4773 894 4833 stellsc
916 4787 968 4847 per
990 4770 1089 4829 lumen
1112 4781 1141 4829 et
1163 4770 1287 4847 angulos
1309 4769 1458 4831 mdiorum
1480 4768 1600 4829 rediss-

246 4866 301 4921 ter.
346 4858 394 4919 Au
416 4856 518 4937 auguli
540 4856 687 4939 irapynur,
709 4858 805 4921 ilueae
827 4858 1009 4919 differentiae
1031 4866 1063 4918 et
1084 4859 1303 4919 terminationes
1324 4856 1506 4919 iormarurni
1527 4871 1602 4921 sens
