3308 5534
149 365 215 436 744
662 363 996 439 0000000000

150 544 291 620 docrevit,
314 543 455 605 solarium
479 543 679 617 denunciavit,
702 551 803 623 petere
823 544 915 622 iussit
935 543 1238 622 010000000000000.
1269 540 1419 621 10000000
1432 560 1488 607 000-

149 632 225 694 slliie
247 632 381 707 aliorum,
404 631 485 708 0000
506 650 602 692 meam
617 631 737 708 quidem
752 648 907 710 personam
931 635 1045 706 attinet,
1068 650 1215 693 summam
1236 632 1362 694 arbiblo
1375 632 1491 695 000000

152 722 303 793 commisi,
326 718 407 796 0000
430 736 501 779 vero
525 720 734 797 perfectionem
757 738 878 797 operum
901 718 1065 798 Tychonis,
1096 736 1222 797 quornm
1244 722 1404 797 potissimo
1422 724 1492 781 00000

149 807 386 869 Tabularum
408 805 745 883 Redolphaearom
774 824 880 868 nomen
903 808 981 879 iecit,
1004 807 1158 868 dimidiam
1180 807 1338 887 'l'ycbonis
1358 826 1492 881 oms,

148 912 189 956 00.
216 900 299 955 1500
322 894 448 955 florenos
471 911 585 955 annuos
607 897 693 972 petil,
724 895 891 973 pollicitus,
922 896 948 955 si
971 894 1081 957 Caesar
1110 903 1190 956 totos
1213 902 1303 956 3000
1325 896 1493 975 munes

150 981 208 1055 det,
230 1000 279 1042 me
302 982 376 1043 bene
399 982 610 1044 collocaturum
633 982 757 1043 adscitis
779 983 910 1059 collegis.
923 989 954 1043 et
975 982 1205 1044 calculatoribus
1219 991 1253 1044 et
1267 984 1492 1060 0000100000οο0-

149 1078 244 1130 torum
268 1069 408 1131 consiliis.
452 1069 639 1147 Responsum
670 1071 819 1147 quodnam
848 1071 978 1131 luterum
1004 1073 1058 1145 sit,
1088 1080 1206 1148 tempus
1231 1072 1405 1149 0000000000.
1444 1073 1492 1149 lp

148 1156 255 1234 plenus
277 1173 330 1232 spo
351 1174 426 1217 sum.
464 1156 541 1217 Nam
562 1160 589 1217 si
604 1158 675 1217 mihi
696 1157 733 1218 de
756 1157 961 1234 potiori-Dens
976 1160 1136 1236 prospexit,
1160 1158 1198 1219 de
1220 1162 1351 1219 materia
1371 1174 1492 1221 000000-

149 1243 234 1307 cendi
264 1245 393 1319 ingenii,
423 1247 527 1320 utique
549 1254 579 1304 et
601 1244 638 1305 de
660 1247 807 1306 sumtibus
828 1247 998 1323 prospiciat.
1042 1246 1188 1322 Adeoque
1209 1250 1238 1307 sl
1261 1247 1331 1307 Deo
1354 1264 1441 1308 00000
1456 1256 1490 1307 est

149 1333 339 1405 astronomia,
363 1330 441 1408 quod
466 1331 584 1393 credere
606 1335 688 1409 pium
711 1340 765 1408 cst,
786 1333 849 1409 jam
872 1350 928 1408 ego
950 1349 1047 1409 spero,
1070 1350 1116 1394 me
1138 1336 1168 1393 in
1193 1351 1231 1393 ea
1244 1334 1491 1411 010000ομ0000-

148 1429 256 1494 turum,
279 1436 345 1479 cum
370 1418 495 1493 rideam,
520 1437 607 1497 quam
631 1420 760 1480 fataliter
782 1438 829 1481 ma
851 1418 985 1498 Tychoni
1009 1421 1091 1482 Deus
1113 1421 1294 1497 adjunxerit,
1316 1438 1374 1483 nee
1394 1424 1490 1499 00000-

150 1508 232 1566 simis
255 1506 449 1566 incommodis
472 1507 511 1566 ah
534 1524 570 1567 eo
593 1507 696 1568 divelli
718 1525 825 1585 passus
846 1509 895 1567 sit.
942 1506 1027 1583 Quas
1047 1508 1150 1587 Tycho
1174 1511 1343 1585 praestitit,
1365 1520 1433 1569 0000
1449 1525 1490 1567 ss·

147 1612 217 1655 num
242 1600 293 1657 97.
315 1596 470 1672 praestitit,
494 1595 532 1655 ab
547 1611 582 1654 eo
607 1602 807 1673 temperares
830 1595 894 1671 ejus
917 1596 946 1653 in
970 1596 1055 1671 pejus
1069 1613 1161 1669 ruere,
1186 1599 1251 1674 ipse
1273 1598 1354 1656 00ήο
1374 1598 1490 1657 0000000·-

149 1683 205 1742 000
222 1681 363 1754 distinori,
386 1698 569 1758 puerascere.
599 1681 701 1744 Patria
724 1683 938 1743 inconsiderate
962 1682 1078 1743 0000000
1099 1687 1197 1762 ipsum
1212 1682 1331 1759 afflixit,
1353 1684 1490 1744 aulsbset

147 1769 236 1848 plane
259 1768 394 1847 perdidit.
438 1769 505 1829 Non
529 1771 605 1829 enim
630 1777 692 1830 erat
715 1772 753 1844 is,
776 1771 829 1847 0οἱ
853 1788 918 1831 cum
940 1786 1091 1846 quoquam
1114 1772 1217 1831 virere
1239 1773 1305 1832 sino
1327 1772 1489 1848 graminis

148 1857 360 1917 offensionibus
384 1864 500 1935 posset,
531 1857 640 1917 uadum
670 1876 736 1920 cum
760 1864 859 1919 tantae
882 1858 1084 1935 amplitudinis
1108 1861 1192 1935 siris,
1220 1861 1271 1919 sul
1292 1858 1352 1919 sibi
1373 1860 1489 1929 oontdb

147 1961 250 2022 regum
273 1952 303 2004 ot
325 1947 488 2023 principum
511 1945 628 2006 arbitris
629 1988 737 2009 .....

252 2031 333 2091 Dum
356 2035 432 2092 visit
454 2032 558 2109 Tycho
581 2033 656 2093 haee
678 2033 826 2111 praestiti:
854 2031 1012 2093 Thoorism
1036 2032 1142 2093 Martis
1173 2036 1323 2107 exstruxi,
1354 2042 1388 2094 ut
1405 2050 1491 2095 000000

147 2116 343 2179 subtilitatem
366 2120 453 2181 facile
476 2119 697 2196 adaequaturus
719 2123 759 2180 sit
781 2119 912 2180 calcuulus
914 2162 1018 2183 .....
1056 2120 1285 2198 simplicissima
1306 2121 1350 2195 tis,
1372 2132 1490 2181 soum

148 2208 235 2267 unico
264 2206 374 2267 circulo
405 2209 435 2266 in
457 2207 595 2285 periodos
626 2208 768 2284 singulas.
813 2208 943 2268 'l'heoria
965 2207 1042 2267 Solis
1071 2209 1121 2268 rel
1142 2208 1254 2269 'Petrae
1283 2212 1340 2287 ipsl
1368 2208 1489 2289 plenefl

147 2290 262 2359 similis.
301 2293 374 2354 Cum
396 2296 428 2353 in
452 2294 568 2355 duobus
592 2296 717 2373 planetis
740 2299 914 2357 successerit
928 2298 1067 2356 exmeris
1082 2296 1353 2369 observationibus,
1375 2296 1488 2357 000000·

147 2381 228 2441 tibus
250 2379 561 2456 demonstrationibus,
587 2384 651 2459 jem
673 2401 726 2461 spa
750 2382 892 2444 devorari
915 2383 1049 2461 planetas
1079 2391 1194 2444 ceteros
1217 2392 1360 2445 venturos
1378 2384 1417 2445 00
1435 2398 1488 2445 eat·

148 2466 215 2529 dem
237 2468 330 2545 leges.
374 2468 410 2528 In
432 2469 536 2530 Lunae
560 2470 719 2548 hypothesi
743 2488 885 2548 perquam
908 2470 1016 2531 dubias
1038 2488 1113 2545 snm,
1137 2489 1205 2531 curn
1227 2474 1307 2531 enim
1331 2470 1487 2533 00000000

146 2554 244 2616 Marte
267 2564 395 2632 constet,
428 2557 566 2618 dimidiae
589 2560 777 2635 aequationis
799 2561 947 2619 maximsc
969 2562 1066 2619 sinum
1089 2576 1155 2620 osso
1177 2557 1319 2636 planctae
1340 2558 1488 2620 0000000001·

147 2650 248 2719 tatcm,
272 2644 359 2706 credo
383 2645 460 2706 idem
483 2654 514 2705 00
537 2645 573 2706 00
588 2645 683 2706 Luna.
715 2645 775 2706 Sed
797 2662 918 2707 causam
940 2645 1092 2724 physicam
1115 2648 1216 2706 neseio
1239 2644 1390 2723 quomodo
1409 2642 1488 2723 epph-

148 2749 221 2795 cem.
267 2733 314 2793 De
336 2732 512 2809 obliquitate
539 2733 693 2810 eclipticas
719 2733 815 2794 scribe
838 2733 909 2810 quid
935 2736 1061 2807 sentias,
1091 2742 1122 2793 et
1144 2742 1218 2810 quot
1241 2733 1369 2813 eclipses
1391 2732 1434 2795 rel
1451 2734 1488 2791 ἰ-

147 2821 264 2881 vencris
288 2822 317 2878 in
341 2822 490 2881 veteribus
514 2821 563 2881 vel
586 2821 813 2898 computaveris.
859 2819 1035 2897 Catalogum
1057 2820 1145 2881 modo
1169 2820 1316 2895 desidero,
1339 2822 1401 2883 seio
1419 2820 1490 2879 tato·

147 2909 257 2969 riosum
280 2926 354 2981 osse,
378 2908 543 2969 describere
567 2908 713 2968 calculum
715 2950 824 2972 .....
868 2907 959 2968 Mitto
991 2909 1172 2986 exemplaria
1199 2911 1344 2969 orationis
1371 2910 1489 2973 00000οὶ

148 2996 199 3056 ubi
218 3013 314 3055 meum
339 3014 455 3057 carmen
479 3004 532 3056 eet.
580 2997 683 3056 lirrata
712 3005 782 3055 sunt
803 2996 905 3072 aliqua
925 3004 956 3056 ct
978 2997 1008 3055 in
1036 2998 1153 3058 nomina
1175 3014 1244 3058 meo
1273 3014 1308 3058 00
1330 3000 1438 3057 incuria
1454 2992 1488 3055 Ι.

148 3090 194 3144 000
216 3085 366 3158 omissum,
390 3103 429 3145 00
452 3083 482 3143 id
505 3086 615 3162 putetis
638 3082 737 3144 studio
762 3091 791 3144 et
813 3085 983 3144 contemtlm
1004 3084 1121 3144 laetum.

251 3174 294 3228 Ad
313 3174 486 3245 Muginum
505 3191 599 3230 menso
617 3175 701 3230 Junio
725 3174 835 3243 scripsit
852 3173 1001 3244 Koplerus:
1022 3171 1124 3250 Tycho
1139 3178 1173 3231 ut
1187 3172 1217 3229 iu
1230 3171 1406 3233 Bohem'mm
1418 3170 1491 3237 m'b

146 3275 194 3318 mo
216 3255 255 3316 ad
278 3275 344 3319 0000
366 3277 482 3335 000000
505 3258 605 3318 0000ἰο
628 3258 752 3318 visenda
775 3259 925 3318 invitavit:
956 3261 1012 3319 iter
1033 3263 1159 3337 suscepi,
1184 3259 1262 3331 vidi,
1292 3261 1431 3338 probari,
1448 3254 1492 3317 00·

145 3348 268 3405 miratus
291 3364 372 3419 sum,
403 3347 575 3420 concupivi,
607 3345 691 3405 haesi
714 3346 851 3421 denique.
896 3344 993 3406 Movit
1016 3364 1063 3407 me
1083 3347 1272 3425 potissimum
1295 3347 1394 3425 0000,
1418 3360 1492 3423 qun

143 3434 207 3510 jnm
230 3430 280 3490 diu
303 3433 438 3506 meditor,
461 3435 672 3494 Harmoniam
695 3431 809 3491 Mundi
830 3432 976 3510 perficere,
998 3436 1055 3493 nisi
1077 3441 1244 3494 restaurata
1264 3452 1318 3513 per
1340 3434 1494 3513 hyena·

146 3522 329 3581 astronomia
352 3530 405 3581 ant
428 3523 605 3598 comparatis
629 3521 692 3596 ejus
717 3520 990 3594 observationibus,
1014 3538 1073 3580 non
1095 3538 1227 3599 possum.
1273 3522 1388 3583 Remis
1408 3520 1493 3601 Tytb

147 3608 306 3687 pleraque5
330 3608 436 3669 labora
457 3611 553 3685 inquit
575 3616 607 3666 tu
629 3626 758 3685 000000,
783 3607 870 3669 credo
893 3609 973 3684 00οο
997 3608 1217 3686 Copemioanae
1231 3609 1432 3688 hypotheseos
1449 3608 1493 3669 00·

146 3696 303 3770 tonsorem,
328 3696 405 3756 alius
428 3700 492 3774 ipse
515 3698 688 3769 sententiae,
711 3705 845 3772 spectare
867 3698 1028 3757 constitnit.
1075 3694 1160 3771 Quos
1183 3698 1213 3755 in
1238 3696 1337 3759 blarte
1357 3700 1419 3775 jam
1436 3696 1493 3755 ol'·

147 3783 278 3859 perfecit,
303 3801 339 3842 aa
362 3785 488 3861 proiert3
519 3783 566 3842 his
589 3784 847 3844 observationibus
870 3785 981 3861 potitus
1008 3784 1071 3859 jnm
1093 3800 1203 3845 annum
1226 3788 1376 3863 integrum
1398 3786 1494 3863 ceps·

146 3872 204 3931 nici
228 3870 409 3948 hypotheses
433 3874 578 3946 examino,
601 3873 630 3930 in
654 3871 750 3932 Marte
773 3874 939 3950 praecipue.

250 3969 347 4025 Finem
366 3971 432 4027 facit
451 3971 586 4041 Keplerus
605 3971 740 4039 epistolae
758 3971 842 4040 hujus
861 3972 991 4041 longioris
1004 3974 1060 4039 (ill.
1079 3974 1195 4031 sr-sot
1213 3980 1325 4041 000000,
1343 3972 1493 4045 censen·

146 4058 274 4113 observet
290 4058 398 4113 Lunam
416 4058 524 4128 quoties
543 4057 631 4126 possit
648 4058 676 4111 in
695 4059 872 4127 nonagesimo
891 4059 979 4127 gradu
991 4066 1020 4115 ct
1032 4057 1241 4116 obseruationes
1260 4062 1314 4117 ribi
1326 4062 1492 4117 mumius

144 4152 303 4199 curaturum
322 4160 360 4212 so,
380 4152 411 4199 ut
428 4144 598 4214 Tyohonicas
618 4145 826 4202 obseruationes
843 4146 972 4215 Maginus
989 4145 1109 4202 uicissim
1126 4147 1246 4211 habente
1270 4149 1313 4205 ita
1329 4150 1454 4209 futuru·
1469 4154 1491 4200 Ι

146 4234 226 4287 Luna
242 4230 381 4287 interdum
407 4231 488 4285 simul
514 4237 630 4302 utroquo
651 4232 713 4289 loeo
732 4236 893 4290 observetur
915 4233 1011 4303 sicque
1032 4236 1093 4303 ejns
1117 4233 1145 4290 in
1168 4235 1254 4291 soriis
1274 4234 1424 4291 snomsl'ms
1438 4232 1492 4289 aa

145 4318 303 4374 altitudines
321 4320 493 4374 innotescunt
512 4327 564 4373 etc.

250 4406 295 4460 Ex
318 4406 442 4475 epistolis
467 4406 704 4463 llafenraifcri
725 4414 753 4463 et
777 4408 950 4463 llorrrcrti
973 4409 1008 4465 ad
1032 4409 1182 4480 lieplernm
1205 4410 1262 4469 hoe
1284 4428 1358 4469 anno
1381 4408 1490 4469 00000οῑ

145 4492 244 4548 studiis
256 4494 369 4562 llepleri
381 4501 490 4562 praeter
505 4509 547 4563 ea,
566 4510 637 4563 qnae
655 4511 740 4565 snpra
751 4497 812 4566 ipae
823 4496 976 4563 recensuit,
994 4498 1062 4553 haec
1075 4498 1188 4567 insuper
1199 4508 1360 4557 carnemt
1387 4500 1488 4557 linies

146 4578 302 4636 rollcrus
320 4582 427 4637 scribit:
450 4584 543 4650 ,Quae
562 4583 597 4638 00
616 4598 659 4637 mc
678 4592 706 4639 et
724 4584 758 4639 tle
776 4585 961 4640 astronomiae
980 4594 1054 4640 stntn
1073 4585 1153 4641 etde
1172 4587 1384 4655 cogitationibus
1399 4588 1448 4643 tuis
1461 4584 1488 4637 dt

145 4667 312 4737 populorum
329 4670 547 4740 propagatione*
569 4673 646 4739 (dicit
664 4675 728 4725 sorte
746 4676 952 4741 disquisitionem
969 4679 1000 4726 de
1020 4680 1126 4741 Ors'yisre
1145 4680 1278 4739 00000000,
1295 4694 1372 4743 quam
1389 4680 1430 4727 rol.
1442 4674 1486 4723 vti

146 4774 172 4823 p.
193 4760 244 4809 tes
256 4772 289 4813 00.
308 4774 322 4811 0
340 4760 470 4811 codicibus
482 4761 694 4813 Pullorienslbua
712 4764 852 4813 desumtsm
870 4764 1053 4829 exhibuimus),
1073 4766 1168 4825 ,tanto
1185 4760 1254 4819 mihi
1268 4764 1427 4833 jucundinn
1440 4760 1486 4813 f*

145 4846 219 4913 ntti,
236 4848 342 4915 000000
360 4844 505 4919 utriusque
523 4845 607 4905 studii
625 4847 780 4907 ardentiore
797 4846 888 4919 flagro
900 4847 1045 4906 desiderio.
1075 4848 1132 4907 Sed
1149 4850 1186 4907 00
1204 4849 1276 4909 haec
1290 4850 1484 4923 0000000011
