3308 5534
724 396 804 455 ooo.
1238 470 1241 475 ,
1368 394 1435 464 717

183 570 225 627 hi.
242 569 400 642 septorum,
418 569 491 626 omni
508 571 656 640 praeconio
673 570 804 642 majorem
822 571 972 641 iasoreque
982 573 1031 626 tuo
1044 576 1073 626 et
1083 569 1236 640 patrocinio
1251 569 1344 627 multis
1356 570 1440 627 ratio·

75 658 163 715 uibus
186 657 313 729 dignum,
335 658 386 714 tibi
408 658 467 727 jam
485 658 702 715 commendatum
727 658 844 730 amplius
870 676 944 715 nunu
961 674 1016 714 non
1034 658 1209 729 commendo,
1232 659 1281 716 sed
1299 660 1389 729 ipsum
1407 672 1438 715 se

75 745 263 817 spectandum
280 751 310 803 et
326 745 473 802 fruendum
497 742 590 815 potius
608 746 768 816 praemitto,
784 746 858 818 apud
876 753 905 803 te
922 746 1001 817 mihi,
1020 753 1052 802 ut
1068 762 1163 816 spero,
1182 747 1329 803 multarum
1345 761 1437 802 rerum

73 848 244 903 meconem
255 841 285 891 et
295 833 506 891 conciliatorem.
523 834 755 891 intermediatoris
767 842 859 890 tamen
870 834 998 903 cilicium,
1011 833 1085 902 quod
1096 834 1137 889 ita
1147 841 1270 891 amanter
1281 840 1310 891 et
1322 833 1438 902 benigne

74 936 139 977 cnm
156 922 308 991 antimum
325 921 434 977 actious
451 921 616 990 susceperis,
633 921 669 976 ad
685 935 730 976 nra
747 923 882 993 pertinet,
906 922 1023 977 Domine
1041 921 1148 990 Tycha,
1175 938 1208 978 ac
1225 921 1293 977 iacis
1311 921 1340 975 in
1357 936 1390 976 eo
1407 928 1437 977 te

74 1014 153 1067 carte
170 1023 205 1065 ac
222 1008 392 1065 humanitate
409 1016 470 1075 tut,
494 1007 560 1077 quin
577 1016 673 1065 nostra
690 1009 727 1065 ad
744 1014 772 1066 tc
789 1015 925 1080 perpetuo
950 1007 1095 1065 amandum
1113 1013 1142 1065 et
1159 1008 1303 1065 colendum
1321 1009 1438 1064 beneso-

74 1097 166 1155 tentia
190 1096 267 1153 haud
290 1095 438 1166 indignum.
474 1095 555 1152 Addo
577 1096 606 1152 id
630 1097 733 1167 ipsum,
757 1097 844 1153 nostri
867 1097 955 1167 grafia
972 1093 1106 1166 quidquid
1123 1109 1206 1164 porro
1224 1093 1384 1160 accesserit,
1408 1092 1436 1147 id

75 1199 160 1241 omne
178 1199 235 1239 non
252 1191 309 1239 tam
327 1183 363 1238 ad
381 1183 518 1240 cumulum
535 1192 644 1241 tuorum
662 1184 691 1240 in
708 1200 759 1241 nos
776 1186 934 1241 meritomm
953 1197 1015 1239 esse
1032 1180 1218 1251 referendum,
1237 1197 1319 1249 quam
1336 1179 1393 1237 uita
1408 1187 1438 1236 et

74 1276 158 1341 grata
175 1269 306 1325 memoria
323 1270 551 1339 persequendum.
586 1273 619 1328 ln
636 1272 729 1342 specis
747 1288 825 1338 raro,
849 1286 919 1341 quae
944 1271 979 1326 de
1001 1269 1090 1339 ipsius
1108 1269 1222 1340 Kepleri
1243 1269 1350 1326 ratione
1373 1284 1437 1325 oon·

74 1356 193 1415 terenda
209 1365 314 1429 essent,
337 1358 430 1428 aliqua
449 1359 480 1415 in
501 1360 673 1417 occasionem
695 1360 783 1418 naabi
801 1366 950 1417 conventus
969 1358 1077 1417 differre
1094 1359 1230 1429 cogimur,
1256 1373 1339 1427 quom
1356 1356 1436 1415 nohis

77 1444 185 1503 afficiat
202 1445 305 1501 caesar
321 1444 489 1517 propediem,
507 1477 542 1487 -

184 1534 321 1603 Keplerua
347 1534 445 1589 eodem
471 1550 526 1604 quo
551 1535 620 1591 haec
646 1535 749 1607 scripta
780 1541 845 1605 aunt
876 1536 921 1593 die
946 1535 1104 1591 Beuebcam
1126 1534 1249 1600 transiit,
1278 1533 1340 1603 ipae
1368 1532 1438 1589 iorte

75 1622 127 1680 has
148 1621 248 1678 Rarus
269 1618 393 1691 Tychoni
415 1621 535 1678 tradem.
571 1623 614 1677 Do
635 1622 733 1679 itinere
757 1636 807 1679 suo
833 1628 861 1678 et
884 1623 1095 1678 commoratione
1118 1620 1191 1691 apud
1215 1619 1353 1677 brahean
1377 1620 1437 1690 ipsa

76 1708 217 1781 iisplerus
233 1708 303 1764 haec
320 1708 420 1766 refert:
448 1704 543 1767 Gratti
574 1706 716 1787 dissipato
746 1714 847 1767 uostm
876 1713 962 1775 coctu
986 1706 1173 1779 discentium,
1202 1707 1267 1782 ipsa
1295 1703 1436 1765 salarium

77 1792 158 1872 qnod
181 1793 336 1871 capiebam
354 1813 374 1854 a
389 1795 556 1872 proceribus
578 1796 748 1873 provinciae
769 1795 833 1855 aine
855 1810 954 1873 opera,
978 1793 1052 1855 bene
1068 1792 1265 1853 collocaturus
1282 1792 1437 1853 consilium

78 1880 200 1943 undem
229 1883 310 1958 cepi,
343 1882 515 1960 'lychonem
538 1882 636 1942 Brshe
666 1882 809 1943 visitandi
836 1884 924 1943 toties
952 1880 1181 1957 invitassent).
1226 1879 1357 1940 Venerat
1383 1878 1435 1941 ille

78 1986 157 2031 anno
183 1973 266 2031 toea
291 1969 501 2045 Witebergam,
525 1972 618 2031 iturus
641 1969 680 2030 ad
700 1969 929 2049 Imperatorem
951 1969 1002 2029 ubi
1025 1985 1091 2029 cnm
1119 1967 1302 2045 aliquamdiu
1323 1968 1437 2028 substi-

78 2060 174 2131 duat,
197 2072 276 2117 anno
299 2059 436 2134 sequenti
456 2060 487 2115 in
509 2057 683 2119 Bohemiam
706 2075 739 2118 ss
761 2057 893 2130 contulit,
917 2058 965 2118 cui
980 2057 1123 2116 Benatica
1144 2073 1198 2115 arx
1219 2058 1309 2133 regia,
1334 2055 1437 2117 busil-

79 2144 203 2207 bantus
224 2144 323 2222 Praga
344 2143 473 2220 distans,
496 2144 659 2205 habitanda
681 2162 822 2207 concessa
844 2146 909 2204 init.
954 2141 1040 2206 Haec
1062 2146 1161 2204 omnia
1182 2144 1254 2203 mihi
1276 2143 1325 2203 Fr.
1348 2141 1438 2205 Helie

79 2230 263 2293 namuri..
287 2232 322 2294 B.
351 2231 469 2311 Styrus,
498 2235 549 2309 qui
571 2242 641 2293 tuno
661 2233 760 2311 Praga
782 2240 920 2306 venerat,
950 2231 1064 2305 retulit,
1095 2248 1143 2292 mc
1164 2231 1203 2291 ad
1226 2228 1436 2307 capessendum

81 2322 136 2381 itas
168 2319 343 2381 adhortatus
371 2330 429 2394 est,
463 2319 529 2381 loco
560 2321 630 2380 mihi
664 2321 765 2382 oblato
793 2322 824 2379 in
853 2322 995 2381 comitatu
1024 2335 1090 2380 sno.
1135 2319 1183 2378 Ad
1205 2318 1278 2378 idus
1299 2316 1437 2379 Januarii

84 2406 188 2469 (intio
210 2406 332 2469 discessi
355 2415 473 2469 etcum
496 2408 610 2485 Pragae
632 2426 683 2485 per
706 2406 821 2485 aliquot
843 2407 908 2468 dies
930 2407 1101 2479 haesissem,
1125 2405 1244 2466 tandem
1266 2405 1359 2465 Nonis
1375 2406 1437 2467 Fe·

82 2495 192 2557 bruarii
217 2495 394 2556 Benaticam
421 2496 504 2570 veni,
539 2496 680 2572 brevique
710 2503 815 2572 captus
836 2494 1058 2555 Brahaanorum
1086 2493 1221 2554 laborum
1248 2494 1437 2570 vicissimque

84 2582 219 2645 mhthins
240 2585 351 2660 ingenii
373 2584 431 2643 mei
454 2585 676 2661 experimentis,
704 2590 809 2662 pactus
832 2581 1014 2644 conditiones
1045 2597 1111 2642 cum
1138 2583 1205 2660 ipso
1227 2578 1436 2651 commorandi,

85 2686 157 2749 qaas
184 2669 301 2749 Styriae
329 2687 464 2750 proceres
491 2679 572 2731 ratas
600 2670 752 2732 habereut
798 2669 875 2731 Veni
903 2668 940 2729 ad
973 2669 1143 2748 hebonem
1170 2686 1224 2748 spe
1252 2668 1436 2746 planetarum

86 2765 227 2821 mareolas
258 2759 489 2820 eccsntricitates
522 2757 702 2819 addiscendi.
759 2756 833 2819 Cum
868 2759 946 2818 enim
979 2758 1072 2835 primo
1106 2755 1225 2818 octiduo
1259 2754 1436 2831 didicissem,

87 2844 228 2907 litabam
249 2846 391 2907 adhibere
414 2846 542 2906 medium
563 2854 675 2907 motum
691 2845 780 2921 Solis,
803 2846 841 2907 ab
864 2861 900 2905 eo
923 2847 1077 2923 impetravi
1100 2852 1134 2904 ut
1155 2844 1227 2903 mihi
1247 2842 1357 2919 liceret,
1380 2844 1437 2905 ob·

87 2934 299 2995 mamanibus
321 2951 388 2995 meo
410 2933 499 2993 modo
522 2935 574 2994 uti.
619 2935 689 2994 Erat
711 2942 772 2995 tum
795 2932 1040 3010 Longomontano
1071 2933 1127 2992 sub
1157 2931 1294 2991 manibus
1322 2931 1437 2993 theoria

89 3016 201 3096 Uartia3
233 3023 260 3081 si
282 3020 373 3082 alium
400 3021 549 3100 planetam
571 3026 741 3095 tractasset,
771 3022 800 3079 iu
824 3020 949 3082 eundem
972 3028 1002 3080 et
1023 3037 1079 3096 ego
1102 3018 1279 3081 incidissem.
1324 3018 1436 3080 Divina

91 3124 151 3187 erqo
173 3109 366 3188 dispositione
389 3108 532 3169 accidisse
555 3118 644 3186 puto,
675 3107 754 3187 quod
783 3107 887 3169 eodem
916 3125 971 3184 ego
999 3115 1129 3186 tempore
1158 3106 1342 3181 advenerim,
1376 3122 1436 3183 qao
1489 3144 1494 3157 ·

90 3186 170 3258 butt
192 3196 244 3258 ille
265 3205 328 3257 erat
350 3200 489 3272 intentus,
512 3214 549 3256 ex
571 3198 655 3273 ouius
677 3196 807 3257 motibus
822 3198 940 3256 omnino
955 3213 1076 3256 necesse
1098 3203 1144 3255 est
1165 3212 1220 3255 nos
1242 3196 1271 3253 in
1287 3195 1435 3270 cognitio·

90 3298 150 3345 nam
168 3287 368 3346 ashoaomiac
391 3301 562 3346 mcaoorum
585 3287 695 3358 venne,
718 3292 771 3344 aut
793 3301 830 3344 ca
852 3291 992 3363 perpetuo
1014 3285 1126 3344 nescire
1127 3325 1231 3346 .....
1270 3280 1435 3361 Tempusa

87 3368 239 3435 Februario
260 3375 292 3432 in
313 3372 429 3450 Maium
449 3372 598 3453 sperando
620 3379 651 3434 et
671 3371 860 3451 imaginando
883 3373 1045 3449 cousumai;
1072 3371 1128 3432 sub
1151 3370 1280 3450 pignoris
1303 3368 1433 3448 periculo

180 3594 513 3665 ⁸)1uiirsrn'rychonis,
532 3596 557 3648 d.
577 3596 600 3646 d.
621 3595 673 3665 ¹1¹¹.
692 3598 755 3663 Apr.
776 3598 842 3649 1598
862 3597 1045 3659 Wandeahnrgi
1061 3598 1089 3646 in
1108 3610 1165 3646 arca
1181 3594 1350 3661 Mosomana,
1368 3592 1433 3656 legi·

87 3680 144 3722 nar.
157 3708 165 3721 .
178 3705 207 3723 ..
246 3668 392 3730 „Quantum
415 3681 460 3727 ego
484 3669 536 3717 tuis
553 3669 639 3718 arduis
657 3670 791 3718 conatibus
808 3670 941 3718 subvenire
963 3674 1068 3735 potero,
1091 3681 1132 3716 ms
1155 3668 1304 3731 neutiquam
1327 3666 1434 3715 habebis

88 3737 221 3807 miram,
246 3740 396 3804 praesertim
421 3739 443 3787 ri
461 3751 500 3787 ma
524 3752 593 3788 nunc
613 3741 641 3789 in
659 3740 794 3789 Germania
817 3740 947 3800 degentem
971 3744 998 3787 et
1020 3754 1033 3787 s
1058 3739 1140 3803 patria
1162 3738 1212 3787 huc
1237 3750 1293 3785 cum
1315 3737 1434 3785 universa

88 3808 189 3873 nmilia,
205 3824 240 3861 ns
257 3816 325 3859 totus
343 3807 388 3857 illa
404 3809 499 3873 periret
517 3809 649 3861 thesaurus
668 3810 860 3871 astronomicus,
878 3814 916 3859 tot
934 3809 1015 3876 anuis,
1033 3807 1165 3857 laboribus
1183 3813 1208 3856 et
1220 3807 1346 3855 sumtibus
1363 3819 1433 3855 com·

86 3886 195 3946 pubis,
219 3880 360 3945 proiectum
383 3876 521 3943 aliquando
546 3881 662 3930 inviseris
685 3884 711 3929 et
728 3894 824 3929 mecum
849 3893 931 3928 coram
954 3877 984 3927 ds
1007 3876 1161 3941 ejuscemodi
1185 3874 1338 3927 sublimibus
1359 3877 1434 3925 rebus

84 3950 188 4009 iucunda
206 3956 232 4001 at
249 3952 321 4012 grate
340 3946 501 3999 contuleris.“
537 3948 586 3999 Die
604 3952 629 4000 9.
649 3950 712 4003 Dec.
732 3952 800 4001 loeo
824 3950 909 4011 'l'yaho
930 3950 1084 4011 ,hanachiaa
1108 3949 1161 3997 sive
1179 3948 1293 3997 venetiis
1311 3946 1434 3995 Bohamo·

87 4020 151 4067 ru·
169 4022 233 4071 base
250 4021 295 4069 dat
311 4018 435 4083 Koplaro:
452 4017 476 4066 E
488 4017 561 4068 stella
578 4019 662 4084 palari
679 4018 719 4069 rai
737 4020 829 4085 quavis
847 4017 899 4067 alia
911 4033 1003 4083 crusta,
1023 4032 1057 4067 an
1069 4019 1137 4067 orbis
1149 4018 1249 4079 Terrae,
1267 4014 1433 4081 aGoparnico

86 4092 244 4157 mmtitatna,
262 4092 285 4142 si
302 4091 325 4139 ia
343 4094 416 4156 mat,
435 4094 539 4139 octavas
556 4092 677 4155 sphaeras
694 4089 776 4140 stallis
794 4089 979 4154 aliquantulam
996 4090 1109 4137 insinuet
1124 4086 1280 4153 paralium,
1303 4090 1358 4147 jam
1375 4092 1434 4135 aota

86 4162 180 4227 ruptus
198 4167 224 4212 at
243 4160 377 4222 diligenter
395 4160 503 4224 experiri
521 4163 631 4219 tanturn
654 4175 741 4210 aarum
758 4159 825 4209 nihil
844 4158 996 4221 ejuscemodi
1019 4161 1127 4223 comperi
1131 4193 1227 4214 .....
1265 4156 1350 4219 Quare
1368 4154 1435 4205 nihil

85 4242 127 4293 pic
143 4228 284 4296 Goparnico
303 4236 347 4279 tuo
366 4232 445 4293 (cujus
469 4231 618 4280 concinnam
637 4231 832 4292 silagariorum
850 4230 1050 4295 speculationem
1068 4230 1130 4277 alias
1149 4228 1270 4277 admirari
1287 4233 1313 4276 at
1330 4226 1433 4291 deprae-

87 4296 163 4351 dura
178 4299 260 4367 solaci
279 4301 374 4351 tuendo
398 4300 526 4349 residuum
551 4302 599 4349 erit
621 4299 713 4352 solatii.
749 4300 800 4351 bad
818 4300 849 4348 de
867 4299 906 4347 hia
925 4304 1000 4363 atque
1024 4296 1081 4347 aliis
1098 4299 1200 4365 plenius
1223 4304 1305 4348 tecum
1323 4296 1433 4357 jucunda

87 4374 111 4417 at
123 4370 287 4435 pmiubentar
303 4384 374 4432 agam
391 4372 517 4435 pluraque
535 4384 566 4419 sn
584 4373 647 4420 meis
660 4371 857 4433 communicabo,
876 4370 899 4418 si
911 4383 950 4417 ma
962 4371 1001 4417 uti
1012 4370 1141 4433 polliceris
1155 4368 1296 4434 aliquando
1307 4368 1433 4429 invisoris,

88 4440 150 4501 Μ
165 4444 214 4493 tlbl
229 4446 285 4507 jam
302 4444 387 4491 minua
404 4440 537 4491 molestum
554 4443 603 4490 erit
620 4455 695 4504 quam
713 4446 799 4505 antea,
823 4454 879 4489 cum
897 4440 925 4488 in
944 4440 1080 4505 bohemia,
1103 4454 1155 4490 nun
1177 4439 1311 4488 admodum
1328 4452 1344 4486 a
1360 4438 1434 4488 rebla

91 4518 184 4577 flata,
201 4527 272 4563 nunc
289 4512 361 4562 redas
380 4510 488 4561 Uraniae
504 4526 584 4561 novas
601 4508 708 4561 fixorim.
744 4510 829 4561 Nolim
846 4516 940 4572 amau,
958 4515 986 4558 ut
1003 4510 1121 4559 inmunes
1138 4511 1261 4575 asperitas
1280 4514 1305 4559 te
1323 4523 1369 4558 nos
1387 4522 1432 4557 ac·

93 4576 168 4631 dara
184 4581 330 4649 compellat,
348 4582 391 4631 aad
408 4582 495 4647 potius
513 4582 645 4631 arbitrium
662 4583 793 4647 proprium
812 4586 837 4629 at
855 4581 1079 4641 arga'communia
1091 4581 1175 4630 studia
1192 4594 1262 4629 amor
1280 4584 1305 4628 at
1323 4577 1431 4631 allectio.

95 4644 211 4719 Qfflqaid
228 4662 316 4703 umen
333 4654 360 4701 id
378 4654 434 4715 erit,
450 4652 564 4701 invenies
582 4654 820 4715 mansuetorum,
838 4650 1021 4715 qualiscunque
1038 4652 1084 4699 iila
1102 4652 1143 4715 sit,
1161 4649 1205 4699 sad
1223 4656 1295 4699 tuum
1314 4650 1431 4713 amicum,

96 4718 134 4777 qai
141 4726 213 4774 niam
230 4724 260 4773 in
278 4722 384 4773 adversa
401 4728 468 4772 sorta
487 4736 532 4771 suo
551 4722 658 4773 consilio
671 4728 696 4772 et
707 4720 804 4771 auxilio
821 4722 871 4770 tibi
887 4734 1051 4787 naquaquam
1069 4723 1103 4771 ait
1120 4720 1266 4787 deintuma,
1284 4720 1329 4768 aad
1345 4719 1432 4784 potina

96 4788 120 4833 lt
130 4792 158 4841 ad
173 4797 272 4860 optima
289 4806 403 4859 quaeque
419 4798 590 4856 promoturus.
625 4792 660 4843 Et
676 4794 698 4843 ai
716 4796 813 4843 matura
830 4794 972 4857 accusaris,
991 4806 1035 4841 aaa
1050 4793 1117 4843 torte
1133 4792 1246 4843 mitanas
1268 4791 1433 4855 inveniemus,

98 4860 175 4917 quom
190 4868 241 4917 tibi
257 4869 284 4917 at
300 4866 353 4915 tuis
368 4865 397 4917 iu
412 4868 543 4931 posterum
559 4865 652 4915 restim
669 4876 748 4930 quam
764 4868 841 4915 aaut
858 4864 1001 4915 samnitum
1019 4863 1076 4919 arit.
1094 4889 1128 4899 -
