3308 5534
722 374 801 436 1113.
820 372 900 434 tots.
1421 308 1487 445 82'i

131 558 241 637 quibus
263 558 423 619 amicitiam
446 565 475 618 et
496 557 598 618 literas
621 573 640 615 8
659 572 706 616 me
720 558 807 633 petis,
832 556 936 616 breves
957 560 1113 631 utresque,
1136 554 1189 615 sed
1213 554 1327 633 prolixo
1349 554 1488 614 humani·

131 648 203 707 tatis
225 654 409 722 argumento.
454 645 607 707 dudicium
630 661 727 704 meum
750 646 863 720 expetis
887 642 923 702 dc
947 646 1006 702 tuis
1028 642 1134 703 studiis
1151 686 1204 706 ...
1221 647 1362 716 ,(811811.
1381 646 1455 715 182).

238 732 307 808 Qus
329 736 444 793 ratione
467 734 549 809 globi
565 732 748 807 superficiem
771 734 800 790 in
824 731 917 806 ligura
933 733 1019 789 unius
1042 730 1143 791 circuli
1158 732 1297 808 projicias
1314 733 1341 788 iu
1358 730 1488 809 planum,

130 818 262 881 1111181118
292 821 470 897 conjectura.
517 821 602 879 Anne
633 818 716 895 pleni
746 818 897 878 circularis
921 819 1063 879 diameter
1084 836 1145 878 une
1175 825 1375 896 repraesentet
1397 820 1489 877 semi-

130 908 275 971 ursarum
305 908 514 979 meridianum,
546 906 688 966 diameter
717 906 811 967 altera
840 905 879 966 ad
900 905 982 966 illam
1013 912 1094 967 reeta
1120 914 1320 984 repraesentat
1342 907 1487 982 integrum

130 995 300 1059 circulum?
329 1004 363 1056 ut
386 997 616 1071 quantominus
639 993 778 1055 distrahis
800 1000 890 1071 etque
918 992 1033 1054 diducis
1062 992 1129 1054 1888
1160 995 1240 1070 apud
1270 993 1373 1070 polos,
1405 1001 1488 1053 tento

129 1083 228 1159 magis
251 1085 282 1141 in
306 1090 462 1161 angustum
486 1081 642 1142 contrahas
657 1081 723 1143 locs
744 1081 799 1141 sub
814 1081 1000 1158 sequatorei
1030 1080 1136 1155 Itaque
1151 1098 1210 1142 non
1229 1084 1374 1158 ingratum
1389 1084 1490 1141 mittes

129 1169 353 1248 spectaculum,
382 1172 508 1247 primum
536 1178 626 1246 etque
649 1171 834 1229 occasionem
862 1168 997 1228 mittendi
1021 1179 1125 1229 rructns
1154 1170 1255 1230 lucris.
1300 1171 1491 1228 Astronomia

129 1257 372 1337 plenisphaeriee
393 1260 513 1330 mirum,
545 1260 570 1316 ei
600 1265 715 1333 praeter
737 1256 834 1317 Clarii
862 1273 1021 1332 eorumque
1048 1259 1099 1332 qui
1122 1272 1215 1333 nuper
1234 1256 1384 1333 'scripsere
1406 1259 1491 1331 8818-

129 1362 226 1424 quam
247 1344 360 1419 hebeat
381 1348 462 1405 nori.
501 1344 560 1405 Sed
583 1345 660 1403 enim
683 1351 805 1404 naturae
828 1344 984 1404 thesauros
1006 1360 1156 1419 nunquam
1180 1361 1233 1404 nec
1255 1361 1309 1403 nos
1333 1343 1489 1402 exhaurie-

130 1450 220 1507 mus,
251 1450 307 1494 nec
338 1432 537 1494 exhausomut
565 1432 692 1508 majores
721 1434 828 1491 nostri:
861 1448 1011 1509 nunqnam
1043 1434 1143 1508 itaque
1172 1440 1202 1491 et
1229 1431 1299 1491 huic
1327 1442 1378 1490 tuo
1407 1433 1490 1506 operi

130 1520 298 1581 88818888
301 1563 406 1583 .....
440 1520 555 1579 Literas
570 1523 595 1579 si
611 1536 686 1596 quas
702 1520 853 1595 scripseris
874 1528 981 1594 postne
1003 1518 1111 1579 menda
1133 1519 1171 1578 sd
1194 1518 1293 1579 aulam
1316 1517 1491 1578 Caesareum

128 1607 385 1669 transmittendus.
430 1606 544 1684 Quodsi
567 1606 678 1669 Caesar
702 1607 834 1667 Viennae
859 1605 906 1666 vel
929 1607 1043 1683 Progne
1066 1608 1168 1682 inerit,
1200 1623 1316 1683 egoque
1339 1608 1381 1665 uti
1404 1622 1490 1682 spero

128 1696 231 1757 Lincii
252 1698 401 1769 restitero,
431 1697 593 1756 rectoribus
625 1694 816 1771 collegiorum
847 1697 997 1755 societatis
1021 1694 1095 1753 Jesu
1118 1694 1275 1754 mandates
1303 1700 1491 1754 888188888-

128 1784 254 1856 buutur,
277 1800 345 1843 unm
368 1783 415 1843 hic
438 1782 532 1841 Linoii
555 1789 624 1841 sunt
647 1800 683 1842 ex
707 1782 759 1841 ills
780 1783 938 1855 societate,
961 1782 999 1842 ad
1022 1799 1098 1858 quos
1120 1784 1272 1842 mittuntur
1294 1799 1312 1840 s
1333 1783 1395 1840 suis
1418 1796 1491 1841 oon·

129 1870 293 1943 tribulibus
324 1877 420 1947 sique·
441 1869 486 1929 illi
516 1868 555 1929 81
582 1886 628 1929 me
657 1884 717 1929 non
745 1871 891 1946 grauatim
920 1870 1047 1931 mittent.
1073 1869 1213 1930 -Vale
1246 1868 1415 1930 doctissime
1445 1870 1491 1930 nir

129 1958 271 2035 huncque
293 1960 453 2018 amicitiam
476 1965 509 2016 ut
531 1958 654 2033 coepisti
679 1956 774 2017 colere
796 1974 895 2034 perge.

239 2044 275 2109 P.
300 2046 330 2106 S.
356 2046 433 2105 Dum
456 2045 558 2104 literae
580 2044 629 2103 hic
652 2044 795 2118 desident,
819 2049 1022 2120 exspectantes
1047 2044 1168 2105 aiteram
1192 2051 1296 2123 postas
1317 2045 1493 2121 occupatio·

130 2150 210 2206 nsm,
242 2135 347 2193 tertias
377 2140 447 2193 tnae
475 2132 658 2192 advenerunt
687 2131 724 2192 de
753 2139 804 2192 23.
831 2129 978 2192 Octobris.
1024 2131 1104 2190 Nihil
1134 2133 1244 2193 habent
1266 2132 1344 2192 ultre
1371 2134 1493 2209 priores,

130 2222 191 2281 sbi
215 2219 350 2297 quodid
373 2228 511 2295 tangunt,
543 2219 623 2296 quod
654 2220 707 2279 tibi
738 2222 769 2277 in
791 2219 1016 2280 Commentariis
1038 2219 1076 2279 de
1097 2219 1193 2280 Merte
1226 2223 1351 2281 maxims
1378 2218 1493 2298 placet:

132 2310 195 2367 vim
218 2309 251 2366 in
273 2307 420 2368 sideribus
442 2309 626 2384 magneticne
648 2306 789 2382 similem3
821 2323 880 2383 quo
908 2309 1035 2367 cariores
1066 2307 1138 2366 mihi
1160 2311 1263 2368 merito
1286 2325 1352 2368 esse
1375 2305 1519 2369 debent·

133 2394 280 2469 Alterum,
304 2394 384 2472 quod
408 2394 495 2454 video
517 2403 546 2454 te
568 2396 720 2470 suspicari,
744 2411 791 2454 ms
814 2394 1012 2471 geographica
1039 2397 1068 2452 in
1084 2395 1228 2475 Mystcrio
1244 2394 1494 2472 Cosmogrsphico

132 2483 280 2560 tetigisse.
324 2483 390 2543 1188
415 2490 459 2542 est
482 2484 541 2541 iter
564 2481 672 2541 tradidi
695 2484 893 2559 symmetriam
916 2499 968 2543 sex
991 2482 1105 2542 orbium
1125 2484 1306 2554 coelestium,
1330 2483 1495 2543 desumtsm

132 2586 169 2631 ex
193 2570 325 2648 quinque
348 2570 520 2648 corporibus
542 2569 736 2646 regularibus,
761 2577 790 2630 et
811 2577 924 2630 motum
945 2587 983 2629 ex
1005 2569 1167 2633 harmonia.
1213 2570 1318 2631 Cetera
1340 2578 1374 2630 nt
1394 2586 1493 2647 supra.

132 2656 211 2719 Veis
233 2660 349 2719 lterum.

165 2796 168 2801 «
238 2755 691 2827 Ρ1888188888811188881611,
716 2755 818 2825 gratiss
842 2772 926 2825 agens
950 2774 1000 2828 pro
1024 2756 1137 2828 Kepleri
1159 2757 1260 2822 literis,
1287 2756 1493 2827 ,astrologinm‘

132 2846 212 2903 usn
237 2844 340 2899 editam
367 2858 441 2911 esse,
467 2844 627 2912 inscriptam
653 2845 755 2912 hisgno
782 2844 928 2901 Hetrnrias
954 2844 1026 2900 Duci
1054 2844 1205 2911 ,mediante
1233 2842 1342 2900 188888κ
1371 2842 1495 2898 (18111881.

133 2930 254 2988 (11818888
271 2930 521 2999 planisphsericum
542 2929 601 2999 jam
625 2930 672 2986 din
689 2930 824 3001 prodiisse
846 2932 875 2986 iu
899 2932 1000 2997 lucem,
1028 2932 1136 2987 modum
1161 2947 1227 2986 vcro
1251 2947 1280 2986 se
1299 2949 1354 2987 888
1373 2931 1495 2987 invenire

133 3018 260 3075 11118811
276 3018 329 3073 hos
347 3016 446 3086 libros,
472 3017 620 3073 allocutum
640 3035 671 3074 se
689 3033 751 3073 esse
769 3018 904 3088 decollas,
923 3033 1012 3087 neque
1031 3018 1176 3081 88881188
1195 3020 1332 3075 invenisse
1352 3018 1494 3085 ,modum‘

133 3105 272 3177 quomodo
290 3105 474 3161 mitterentur.
504 3105 661 3176 Astrologin
679 3122 749 3177 mea,
768 3107 866 3177 pergit,
885 3105 1016 3175 continet,
1036 3105 1109 3175 quod
1129 3121 1224 3161 ornnes
1245 3106 1384 3162 theoricae
1396 3106 1498 3162 hahent

135 3192 244 3253 orbium
263 3193 447 3264 symmetriam
476 3192 641 3247 delineatam
664 3193 691 3247 ln
710 3192 881 3261 longitudine
905 3198 934 3248 et
950 3192 1110 3258 latitudine,
1136 3192 1210 3261 quod
1230 3192 1324 3248 nullus
1342 3192 1499 3261 astrologus

134 3279 188 3337 188
205 3296 296 3349 nsque
314 3279 389 3336 iecit.
427 3281 554 3339 Continet
572 3280 663 3336 adhuc
681 3281 748 3349 hoc,
774 3280 847 3349 quod
865 3281 942 3349 ipsse
959 3280 1085 3336 theoriae
1103 3280 1338 3350 pinnisphaericae
1357 3297 1412 3335 nors
1430 3286 1496 3335 sunt

135 3366 218 3439 eliud,
237 3383 320 3438 quam
338 3368 456 3439 ipsemet
474 3369 628 3439 propositio
646 3368 811 3437 geometrice
827 3366 1047 3437 planisphserica
1064 3367 1171 3423 ratione
1188 3367 1338 3439 delineata,
1366 3375 1394 3422 et
1412 3367 1494 3424 88188

134 3462 161 3511 st
177 3454 278 3512 sudem
300 3462 423 3524 tempore
442 3455 548 3511 calculo
567 3462 595 3511 et
613 3455 770 3510 demonstro
788 3454 866 3524 (sic).³
900 3453 1013 3525 lispIeri
1030 3456 1174 3524 responsio
1192 3455 1270 3510 nulle
1288 3462 1423 3526 superesi.

173 3574 176 3579 ·
238 3545 322 3613 titt.
359 3548 569 3608 Revointio
604 3552 702 3610 anni.
757 3546 918 3608 ventriculi
951 3546 1104 3607 debilitate
1137 3547 1272 3608 laboravi
1302 3566 1337 3609 ox
1368 3550 1494 3610 viscosis

136 3632 318 3709 humoribus,
341 3653 430 3712 rugas
453 3635 666 3698 obsidentibus.

240 3735 416 3805 Berneggero
442 3736 552 3806 scripsit
570 3736 705 3807 Ksplerus
731 3735 879 3802 ,Welsiib
906 3735 1079 3795 Febmariit:
1110 3728 1198 3790 Mitto
1228 3737 1385 3809 properata
1407 3750 1495 3792 manu

137 3820 239 3880 1188818
272 3821 482 3894 imperitissimi
505 3820 689 3893 inchoatum,
719 3819 903 3897 autographo
935 3836 1004 3880 vero
1034 3835 1099 3879 meo
1130 3818 1306 3896 completum
1330 3820 1493 3896 exemplum

138 3905 311 3985 ,Epistoiae
333 3906 372 3965 ad
397 3906 590 3982 Calvisium“,
620 3925 708 3984 quam
732 3905 821 3966 velim
843 3908 937 3984 primo
962 3923 1080 3983 quoque
1103 3913 1233 3983 tempore
1256 3907 1372 3968 excudi.
1408 3907 1493 3967 Nun·

138 3990 214 4055 dlnls
237 3993 388 4053 Lincianis
412 4012 464 4070 per
493 4002 670 4055 mercatores
698 3997 813 4054 mittam
840 3995 877 4053 81
902 3993 1118 4073 typographum
1143 3994 1288 4074 ᾖ1818388
1314 3995 1493 4065 01888818881

138 4088 202 4143 cuin
224 4080 321 4142 latino
345 4082 480 4158 exemplo
505 4083 720 4143 informationis
743 4082 880 4143 188888
904 4082 1011 4141 Christi
1034 4079 1135 4144 natali.

238 4182 313 4237 Data
325 4186 369 4238 est
380 4181 498 4251 epistola
509 4182 543 4237 sd
560 4181 705 4237 Calvisium
721 4181 765 4237 die
778 4182 820 4239 11.
832 4180 986 4251 Februarii,
999 4180 1116 4252 epistole
1129 4179 1295 4239 dedicatoria
1310 4182 1388 4249 „libri
1400 4184 1494 4240 181181Ιι

139 4268 191 4337 (De
209 4283 276 4325 sere
294 4282 367 4323 anuo
385 4269 453 4337 etc.)
478 4269 512 4323 ad
538 4272 697 4340 episcopum
717 4268 861 4323 Cleselium
883 4267 928 4324 die
945 4269 971 4325 8.
991 4270 1101 4338 Aprilis.
1138 4270 1189 4325 Die
1207 4270 1250 4328 22.
1267 4271 1335 4341 an'i
1357 4274 1426 4328 haec
1449 4270 1498 4327 dat

136 4354 273 4429 deplerm
298 4354 483 4425 Berneggcro:
510 4353 660 4432 Epistulae
683 4370 766 4413 mese
782 4351 899 4411 titulum
922 4353 1022 4413 iuveni
1038 4355 1067 4411 in
1089 4354 1236 4433 catalogo,
1263 4372 1348 4434 spero
1372 4357 1496 4433 impres-

137 4454 215 4516 sum,
249 4442 306 4499 etsi
328 4439 404 4518 nihii
433 4441 534 4500 scribit
557 4441 766 4520 Tnmpaohius.
812 4438 976 4499 Consilium
1005 4442 1068 4517 cepi
1096 4442 1231 4503 mittendi
1260 4442 1297 4504 81
1320 4452 1349 4503 te
1371 4443 1495 4504 latinum

137 4532 293 4590 menum
318 4526 355 4587 de
378 4527 514 4589 natalitio
539 4546 626 4605 8888,
651 4535 681 4587 18
705 4545 763 4604 quo
787 4526 857 4586 mihi
873 4525 962 4607 plane
977 4529 1123 4608 satisleei;
1146 4549 1231 4609 spero
1248 4531 1423 4608 opusculum
1439 4530 1494 4591 ab·

137 4614 350 4678 solutissimum
374 4633 450 4675 csse.

239 4713 326 4772 Liber
343 4715 417 4771 Baro
434 4715 464 4770 P.
478 4714 513 4769 11.
530 4714 767 4784 aStrehiendorff,
786 4714 858 4769 idem
877 4714 911 4769 ad
931 4731 1012 4784 quem
1024 4716 1161 4786 Keplcrus
1180 4733 1251 4777 anno
1268 4718 1343 4775 1613.
1362 4735 1495 4775 summam

137 4806 294 4871 ‚momm“
313 4817 426 4858 suornm
445 4802 607 4873 scripserat,
631 4809 734 4858 aestate
758 4800 823 4857 nuni
841 4802 919 4858 1611.
944 4803 1056 4860 8888181
1073 4800 1205 4875 Keplero,
1227 4804 1301 4861 lecta
1321 4805 1494 4877 ,ilioptrice¹‘
1534 4869 1539 4879 ,

136 4891 262 4965 coepisse
280 4904 312 4948 se
330 4904 365 4946 ex
382 4890 537 4961 praeceptis
555 4886 670 4962 Kepleri
687 4888 846 4947 mechanica
864 4890 991 4960 experiri.
1029 4889 1186 4949 coniecisse
1203 4906 1234 4949 88
1252 4889 1348 4948 tubum
1366 4891 1495 4965 optinum,
