3308 5534
799 1431 855 1530 Π.

655 1638 855 1762 Kepleri
886 1636 1003 1737 vica

529 1827 706 1885 servabo
728 1840 935 1886 annorum
957 1823 1119 1883 ordine.

255 2133 359 2211 Qualis
382 2155 432 2210 ea,
464 2156 541 2215 quae
565 2139 724 2216 Keplerum
754 2143 885 2216 proxime
913 2140 1084 2211 antecessit,
1116 2143 1214 2197 aetate
1242 2135 1394 2199 litererorn
1419 2140 1489 2199 teet

152 2230 256 2292 status,
279 2227 449 2299 praemissis
472 2227 517 2286 bis
541 2230 656 2304 paginis
679 2245 826 2305 exponere
850 2229 946 2288 conati
969 2243 1079 2285 snmus.
1123 2224 1193 2284 Jcrn
1217 2223 1338 2301 Kepleri
1362 2229 1489 2303 ipsimet

148 2328 245 2372 mores
267 2323 297 2370 et
319 2311 481 2372 doctrinam
504 2332 637 2374 enarrare
659 2319 853 2393 suscipientes
876 2314 957 2374 dubii
974 2330 1085 2385 sumus,
1108 2330 1179 2371 nom
1195 2313 1344 2388 ejusmodi
1358 2316 1488 2374 enmib

148 2402 315 2484 etiamnunc
336 2403 375 2458 sit
397 2403 570 2464 necessaria.
616 2402 717 2461 Tomis
739 2405 817 2463 enim
836 2403 900 2478 jam
922 2402 1009 2462 editis
1033 2403 1131 2460 omnia
1154 2398 1345 2475 collegimus,
1369 2418 1441 2478 qnae
1458 2398 1489 2460 td

148 2485 352 2564 explicandam
383 2489 526 2565 cujusque
556 2492 654 2566 operis
684 2491 826 2567 originem
848 2491 967 2566 reperiri
996 2496 1162 2564 potnerunt.
1208 2487 1318 2547 Paucis
1340 2504 1427 2566 porro
1446 2504 1490 2547 ar·

148 2577 241 2652 ceptis
264 2592 364 2635 omnes
380 2575 499 2652 Kepleri
523 2578 666 2654 epistolae
689 2579 735 2636 bis
756 2579 844 2636 tomis
867 2580 967 2636 insunt
988 2586 1019 2635 et
1040 2578 1070 2632 in
1093 2575 1139 2634 bis
1162 2573 1298 2650 epistolis
1321 2584 1374 2635 aut
1388 2578 1417 2635 lu
1431 2576 1491 2653 ipah

148 2664 291 2740 cujusque
314 2665 411 2739 operis
435 2665 667 2741 praefationibus
690 2664 835 2742 Kaplams
869 2673 1000 2735 enarrat,
1031 2664 1139 2738 quibus
1169 2663 1267 2721 musis
1290 2661 1329 2721 ad
1351 2660 1491 2724 aerim

148 2766 184 2811 ea
205 2753 245 2810 sit
267 2750 427 2827 adductus;
451 2752 497 2811 bis
520 2770 596 2828 quaa
618 2751 757 2811 addenda
779 2753 888 2812 inerint
913 2755 985 2822 risa,
1009 2754 1038 2807 in
1063 2747 1328 2809 introductionibus
1343 2760 1492 2811 autam
1525 2746 1528 2753 '

148 2839 308 2898 sationibus
331 2841 437 2898 nostris
464 2840 566 2903 afferre
595 2843 692 2899 conati
721 2857 836 2899 sumus.
882 2838 1061 2914 Saepissime
1085 2838 1126 2896 ibi
1150 2838 1240 2895 etiam
1270 2839 1366 2914 ipsius
1388 2836 1492 2916 tieptst

148 2925 336 3002 familiaeque
359 2927 423 3002 ejus
454 2929 531 2999 icta,
564 2929 670 3004 quibus
702 2944 773 2986 usus
804 2929 845 2987 sit
868 2928 970 2985 amicis
994 2934 1023 2984 ct
1045 2926 1234 3001 praepositis,
1267 2925 1418 3000 quomodo
1439 2940 1492 2985 on

149 3016 218 3072 viris
241 3030 278 3073 ea
299 3021 397 3073 aetate
421 3013 598 3074 doctissimis
621 3018 660 3074 sit
689 3021 842 3086 versatos,
874 3016 1057 3072 nunciantur.
1104 3011 1162 3086 Qui
1190 3014 1280 3085 igitur
1310 3022 1425 3089 septem
1448 3012 1493 3072 l·

148 3113 259 3173 tomos,
285 3102 391 3177 quibus
415 3102 536 3179 Kepleri
560 3120 650 3178 opera
672 3104 872 3173 continentur,
898 3100 1052 3177 diiigenter
1073 3100 1246 3176 perlegerit,
1271 3102 1336 3176 ipse
1359 3103 1493 3161 sibilus·

147 3192 245 3267 ginem
275 3190 386 3265 egregii
415 3192 484 3262 viri,
513 3200 543 3249 ct
574 3193 623 3266 qui
653 3190 740 3249 inerit
768 3199 880 3265 atquo
905 3197 1053 3248 momento
1081 3191 1110 3246 in
1138 3186 1295 3263 aequales,
1328 3202 1493 3267 componere

148 3278 263 3354 poterit,
287 3286 317 3335 et
340 3277 395 3336 bae
418 3276 482 3336 sola
505 3294 595 3336 etrusc
618 3276 831 3336 dubitationem
854 3286 983 3335 nostram
1004 3277 1114 3351 juetam
1137 3275 1329 3334 existimabit.

255 3363 377 3423 Accedit
405 3365 498 3439 quod,
530 3383 566 3423 ax
591 3382 649 3440 quo
673 3381 793 3441 operum
817 3363 937 3441 Keplerl
961 3362 1140 3422 edendomm
1164 3364 1279 3420 initium
1303 3362 1442 3433 iacimus,
1460 3370 1495 3419 tot

150 3453 203 3510 viri
227 3454 320 3527 magis
344 3451 390 3510 vel
415 3454 509 3511 minus
539 3452 636 3510 idonei
661 3452 697 3511 de
720 3451 864 3527 chlcro,
895 3451 931 3510 da
955 3451 1019 3526 ejus
1048 3452 1124 3519 vita,
1155 3449 1203 3507 vel
1232 3448 1271 3509 ds
1294 3450 1421 3527 singulis
1441 3450 1495 3525 el·

149 3540 217 3598 latis
240 3548 269 3598 et
292 3540 429 3614 operibus
453 3543 642 3616 scripserunt,
675 3545 705 3599 et
728 3557 805 3614 qnae
829 3538 975 3614 Keplerus
999 3537 1034 3596 de
1058 3536 1234 3612 quibusdam
1258 3535 1438 3615 disciplinis,
1464 3534 1494 3593 tls

149 3626 298 3702 religiono,
323 3626 359 3684 dc
382 3627 578 3687 ecclesiaste.
603 3629 779 3703 cogitaverit
802 3636 963 3697 versatum,
987 3635 1019 3684 ut
1043 3624 1158 3684 difficile
1181 3626 1229 3695 ait,
1253 3627 1326 3683 novi
1342 3621 1493 3702 aliquidlt

149 3732 184 3773 eo
207 3715 309 3774 uiieme
333 3714 479 3790 simulque
502 3716 625 3773 iormarn
649 3716 774 3790 reperire
800 3716 886 3772 tomis
909 3715 1077 3790 praemissis
1100 3721 1209 3787 aptam.

253 3800 350 3876 Quum
374 3813 472 3862 autent
496 3803 533 3861 ad
557 3805 800 3878 subscriptionem
824 3800 961 3860 editionis
983 3810 1100 3859 nostrae
1124 3801 1284 3858 invitantes
1308 3801 1403 3860 vitare
1425 3799 1493 3873 llsp·

147 3889 199 3948 leri
224 3888 355 3947 additum
380 3892 414 3946 iri
436 3889 559 3966 polliciti
588 3892 679 3948 sinrus
710 3898 739 3948 et
768 3905 857 3964 quum
889 3891 940 3946 vix
970 3887 1057 3946 liceat
1085 3896 1272 3964 exspectare,
1302 3887 1414 3947 multos
1440 3900 1492 3946 tut

149 3994 267 4053 operam
292 3975 411 4034 daturos
433 3986 466 4036 nt
490 3996 540 4050 ca,
572 3995 647 4053 quac
669 3994 722 4053 per
744 3984 856 4053 septem
879 3983 976 4034 tomos
999 3974 1128 4050 dispersa
1153 3974 1274 4049 Kepleri
1298 3977 1380 4034 vitae
1402 3973 1491 4049 lmatl·

149 4081 215 4122 nem
238 4066 414 4123 constituere
444 4067 573 4140 possint,
605 4063 746 4139 colligant
769 4071 798 4122 et
821 4061 991 4139 disponant,
1021 4079 1110 4137 quum
1139 4061 1267 4136 denique
1297 4078 1378 4121 nova
1406 4062 1490 4137 aliq!

149 4152 306 4211 lectoribus
336 4153 443 4208 nostris
475 4153 577 4211 oiierre
607 4154 769 4227 possimus,
803 4153 954 4226 promissis
984 4149 1119 4208 standum
1150 4166 1216 4207 csse
1242 4158 1385 4224 putamus
1411 4160 1489 4223 otu·

149 4250 245 4297 tamen
272 4235 411 4312 celamus,
434 4239 510 4296 lranc
532 4240 652 4315 Kepleri
677 4240 768 4296 vitam
791 4237 870 4296 baurl
894 4236 959 4295 allis
981 4254 1073 4311 paene
1090 4238 1132 4293 uti
1150 4237 1330 4310 auctoribus,
1354 4232 1488 4313 quaml

149 4328 178 4382 in
203 4323 375 4384 collectione
404 4325 592 4402 epistolarum
616 4325 737 4402 Kepleri
760 4326 798 4383 ab
821 4323 1022 4383 Hnnscbio
1054 4322 1133 4382 edita
1164 4326 1222 4382 sint
1244 4326 1401 4399 praemissi
1417 4320 1487 4395 (ωιί

148 4425 204 4470 tom
218 4417 238 4469 1.
258 4431 285 4484 p.
297 4417 356 4483 59);
381 4415 416 4470 iis
432 4431 509 4489 quae
524 4417 565 4473 ibi
581 4413 616 4473 de
632 4415 839 4488 manuscriptis
863 4411 1109 4469 l’ullroviensibus
1132 4410 1261 4469 diximus
1284 4410 1428 4491 addimus,
1444 4420 1487 4465 ott

149 4519 183 4558 mr
208 4498 261 4558 illo
285 4508 415 4575 tempore
439 4503 536 4559 omnia
560 4504 757 4576 manuscripta
780 4499 992 4558 Pullroviensia
1014 4506 1043 4556 et
1059 4498 1240 4557 Viennensis
1255 4496 1487 4571 Monacensltt'

149 4588 271 4663 (quibus
295 4587 499 4647 Hernnrtians
523 4592 720 4651 continentur)
749 4588 878 4647 tenuisse
907 4588 1001 4660 iisque
1031 4601 1101 4643 usos
1131 4603 1204 4644 esse.
1252 4584 1486 4647 crearemus

151 4677 240 4733 citam
269 4677 354 4733 tomis
380 4676 441 4751 jum
471 4675 557 4734 editis
586 4678 757 4751 praesertim
784 4674 838 4731 niti
867 4672 1010 4745 diximus,
1040 4672 1179 4732 nonnulla
1208 4675 1299 4731 etiam
1327 4691 1364 4732 ex
1387 4670 1484 4733 Brtlt·

149 4762 341 4821 rchnertii
372 4762 513 4837 opusculo
544 4762 678 4841 (,‚l1eben
710 4761 769 4821 urrd
800 4760 921 4819 Wirlren
950 4759 1107 4836 Keplers“.
1147 4762 1256 4835 stuttg.
1284 4762 1398 4835 1831).
1425 4756 1483 4815 llbtt

148 4848 309 4910 secundnm
340 4849 524 4911 Hauscbium
554 4867 662 4929 mma
693 4867 759 4912 cum
787 4846 941 4923 diligentia
970 4856 1000 4907 et
1033 4847 1091 4908 tide
1123 4850 1307 4926 composito,
1339 4864 1431 4929 panea
1454 4856 1483 4903 tt
