3308 5534
151 406 218 477 248
510 405 683 463 collectaneo
699 418 735 459 ex
753 402 892 461 codicibus
909 400 1147 461 Pulkorieusibm.

146 605 214 649 uem
237 589 410 647 varietatem
438 594 536 643 motus
568 586 688 644 venerii.
736 582 849 643 Deinde
878 591 1010 643 centrum
1035 583 1151 644 rotulae
1172 583 1290 662 applica
1317 592 1419 647 centm
1440 588 1512 649 ιιιιι-

146 674 265 749 cereali,
289 673 411 749 gradum
427 674 677 732 circumferentiae
693 669 728 731 2⁰
744 672 819 755 3οἵ
840 669 937 731 lineae
956 673 1080 749 apogaei
1097 670 1219 731 Veneris
1234 674 1287 745 sic,
1303 680 1336 731 ιιι
1349 690 1413 733 rex.
1431 682 1458 735 t.
1476 674 1513 737 t·

147 762 237 839 paulo
261 764 357 820 minus
380 760 504 836 quadret
530 760 567 819 ad
591 761 770 835 superiorem
803 767 915 834 partem
939 761 1039 834 nigrae
1067 758 1163 819 lineae
1191 760 1220 815 in
1249 759 1360 821 tabula.
1408 762 1445 821 Et
1467 768 1512 825 sic

147 849 297 926 applicata
319 845 415 907 rotula
439 846 571 907 adscribe
596 845 756 906 divisiones
778 856 809 903 ct
829 862 968 903 numeros
990 845 1053 904 orbi
1069 844 1202 918 Veneris,
1227 855 1368 919 quantum
1393 848 1443 909 ille
1460 868 1513 928 per

148 938 315 1013 angustiam
338 952 443 1011 capere
467 943 574 1011 potest.
621 934 658 992 Et
679 934 750 1009 quia
770 932 820 991 hic
844 938 862 993 2
887 932 980 992 lrabcs
1002 931 1127 993 circulos
1149 949 1202 1010 pro
1227 928 1270 1011 9,
1300 934 1367 995 ideo
1390 936 1511 997 tinentia

147 1024 185 1083 ad
208 1036 338 1083 centrum
360 1022 575 1083 declinantibus
598 1030 754 1097 utrumque
779 1019 918 1079 circulum
947 1028 1102 1093 connecte,
1130 1038 1183 1097 pro
1205 1036 1242 1079 eo
1271 1021 1352 1097 quod
1380 1024 1412 1083 irr
1441 1025 1510 1085 atita

147 1120 257 1190 puncta
278 1111 383 1171 iecisti.

535 1215 729 1273 Delinestio
751 1214 918 1284 sphaerae
939 1214 1116 1274 Mercurii

252 1317 366 1377 circino
390 1319 419 1375 in
444 1316 521 1376 linea
548 1324 606 1373 tuo
630 1316 756 1391 partium
779 1313 992 1391 comprehendo
1015 1324 1113 1392 partes
1130 1316 1180 1399 li,
1203 1318 1273 1377 item
1289 1319 1340 1401 ἓξ,
1364 1328 1394 1378 ct
1409 1322 1509 1399 posito

148 1422 207 1465 uno
230 1404 304 1482 pede
327 1408 356 1461 in
381 1413 480 1463 centro
504 1404 678 1474 anniversali,
710 1420 774 1461 cum
798 1402 892 1461 altero
915 1401 1047 1462 describe
1071 1410 1089 1461 ι)
1113 1403 1258 1477 ulmellos,
1282 1408 1332 1482 qui
1357 1406 1509 1469 includeut

148 1508 263 1553 omnem
287 1494 458 1550 varietatem
481 1504 578 1549 motns
605 1489 793 1548 mercurialis.
841 1487 954 1548 Deinde
977 1498 1107 1549 centrum
1130 1491 1244 1551 rotulae
1266 1492 1385 1569 applica
1408 1506 1509 1557 centro

148 1578 321 1647 universali,
353 1588 491 1654 punctum
523 1595 591 1637 cero
622 1577 660 1635 ad
693 1582 710 1635 5
738 1594 798 1634 aex.
824 1576 860 1634 0⁰
886 1574 975 1652 paulo
1005 1580 1099 1635 minus
1129 1577 1246 1656 applica
1273 1596 1380 1640 coccae
1409 1582 1509 1643 lineae

148 1668 274 1745 apogaei
302 1665 494 1734 mercurialis,
527 1669 570 1723 sic
601 1676 632 1722 ut
655 1681 752 1739 sesag.
778 1672 807 1725 ιι.
833 1664 912 1745 ῠιξυ
941 1664 1104 1741 applicetur
1129 1668 1271 1743 superiori
1302 1670 1376 1745 parti
1406 1672 1509 1745 nigrae

148 1754 245 1814 lineae
268 1756 298 1811 in
322 1752 430 1811 tabula.
477 1752 519 1809 Es
544 1750 639 1809 rotula
661 1752 704 1810 sic
726 1749 876 1827 applicata
898 1766 1033 1809 numeros
1056 1764 1086 1810 ct
1108 1762 1217 1827 puncta
1239 1754 1362 1812 transiet
1385 1756 1423 1815 ad
1448 1760 1509 1816 cir·

149 1839 248 1901 culum
269 1837 487 1911 mercurialem,
510 1842 686 1910 notamen,
718 1848 750 1895 ut
774 1855 825 1913 pro
849 1840 964 1913 punctis
986 1837 1080 1898 lineas
1103 1838 1210 1909 duces,
1234 1847 1389 1917 utrumque
1411 1846 1510 1903 circu·

149 1926 210 1987 lum
233 1936 450 1987 connectentes.
488 1954 493 1963 ·

255 2014 325 2072 Pro
349 2011 618 2073 delineatione
641 2011 748 2071 orbis
771 2010 920 2070 lucraris
942 2011 1102 2072 sumendae
1125 2022 1224 2072 essent
1246 2012 1264 2097 ξ
1290 2014 1327 2073 de
1349 2024 1510 2093 unaparte

152 2104 182 2160 in
205 2100 284 2159 linea
309 2106 369 2159 tce
393 2101 534 2176 partium,
564 2110 593 2158 et
622 2102 719 2175 posito
742 2115 801 2157 nno
823 2097 899 2176 pede
927 2100 1027 2157 circini
1051 2102 1080 2157 in
1105 2116 1193 2159 unum
1216 2100 1338 2177 aliquod
1365 2114 1512 2179 punctum

154 2206 206 2265 per
227 2190 491 2247 circumferentium
514 2188 592 2244 orbis
615 2188 729 2257 terreni,
754 2202 820 2243 curn
843 2184 935 2243 altero
955 2185 1029 2262 pade
1044 2186 1252 2247 describendus
1275 2190 1348 2247 ieret
1363 2192 1511 2265 circelltrs,

151 2275 227 2335 ultra
249 2292 336 2351 quern
360 2275 445 2333 Luna
468 2290 617 2348 tranquaut
642 2272 782 2333 ascendit.
814 2271 928 2332 Deinde
951 2272 1040 2347 ltujue
1063 2274 1169 2333 circelli
1193 2279 1379 2351 sexagesima
1401 2288 1512 2342 octava

152 2362 268 2423 domurn
290 2379 359 2437 pare
382 2371 523 2436 aequaret
546 2360 719 2419 diarnctrnm
743 2362 873 2435 corporis
896 2364 1014 2433 terreni,
1036 2360 1116 2437 qnod
1138 2361 1264 2437 litigetur
1286 2367 1314 2421 in
1330 2364 1429 2423 medio
1453 2370 1512 2425 cir·

150 2450 216 2511 cclii
245 2448 365 2508 lunaris.
410 2449 508 2507 'l'anto
536 2450 671 2506 nimirum
702 2446 858 2506 interuallo
888 2456 1008 2523 superat
1040 2448 1115 2508 coeli
1147 2450 1284 2509 necuim
1313 2454 1512 2525 cogitationen

149 2545 272 2599 nostras.

253 2624 364 2683 Verum
380 2626 537 2692 enimvero,
561 2626 631 2697 qnia
646 2624 766 2680 nimium
782 2622 889 2695 exigua
904 2620 977 2680 lrucc
990 2620 1157 2697 spiraernln,
1180 2640 1235 2683 nec
1250 2634 1320 2699 apta
1338 2634 1371 2683 ιιι
1385 2630 1510 2699 numeri,

148 2710 255 2770 ucdum
270 2710 460 2789 particulares
476 2712 561 2770 orbes
577 2714 604 2767 in
622 2729 687 2768 cam
703 2712 878 2769 inserantur.
895 2708 962 2767 ideo
978 2711 1006 2765 in
1022 2710 1078 2767 hac
1094 2710 1207 2768 tlrccria
1229 2712 1326 2771 rotula
1341 2714 1428 2773 nobis
1444 2714 1512 2775 loco

147 2798 290 2875 sphaerae
317 2799 426 2857 lunaris
453 2797 620 2856 adhibenda
641 2800 710 2867 crit,
735 2812 811 2870 qtrae
834 2812 898 2853 sese
919 2798 995 2853 iuter
1015 2795 1124 2855 dorem
1146 2809 1174 2856 et
1198 2798 1323 2857 Martem
1345 2802 1510 2875 insinuaut,

151 2888 223 2944 satis
247 2886 376 2961 amplum
400 2888 506 2960 reperit
521 2887 648 2960 spatium
665 2900 718 2959 pro
735 2882 961 2941 dernonstrauda
975 2896 1071 2941 motus
1088 2883 1197 2943 lunatis
1214 2888 1366 2949 varietate.
1399 2888 1512 2949 Verum

153 2971 191 3031 ad
215 2971 270 3031 hcc
295 2990 369 3048 opus
393 2986 436 3031 cst
460 2971 519 3029 alia
543 2972 670 3046 querclam
695 2986 787 3045 caque
812 2974 919 3041 exigua
941 2970 1045 3031 tottila.
1084 2971 1158 3029 Nam
1183 2974 1210 3029 in
1226 2974 1380 3049 superlicic
1396 2976 1513 3039 diuisae

150 3058 265 3119 rotulae
289 3059 502 3135 comprehende
526 3060 591 3139 ιζ’.
631 3056 746 3116 lieindc
769 3056 807 3114 ad
830 3072 934 3113 rrranne
955 3073 1039 3115 sume
1061 3058 1191 3133 aliquam
1206 3065 1369 3133 trratcrinm,
1394 3082 1431 3121 cx
1452 3081 1512 3140 que

150 3150 239 3207 ctiam
262 3148 358 3207 rotula
384 3156 511 3205 currerat.
542 3156 572 3204 ct
596 3162 659 3203 tum
683 3144 739 3203 lrac
762 3142 955 3217 amplitudine
979 3144 1111 3204 describe
1129 3146 1278 3206 circellum
1303 3166 1430 3225 eumque
1455 3170 1509 3211 et·

149 3233 251 3293 scinde
273 3244 303 3295 et
326 3252 377 3310 per
400 3245 529 3291 centrum
553 3233 667 3291 rotulae
690 3232 747 3291 duc
769 3232 952 3290 diametrum.
999 3231 1133 3307 Arrtplins
1156 3250 1229 3309 capc
1251 3236 1361 3295 circino
1383 3238 1512 3311 gradun

151 3320 190 3403 tp}-
214 3323 242 3377 in
265 3322 367 3381 cadom
393 3324 626 3379 cin-rmn'crentin
656 3330 685 3379 ct
712 3322 809 3394 posito
842 3334 899 3376 uno
928 3315 1004 3394 pede
1031 3320 1070 3377 ad
1100 3320 1187 3379 tinem
1218 3322 1392 3383 alterutrum
1420 3325 1513 3385 mode

149 3407 255 3467 ductae
279 3408 421 3477 diametri,
445 3428 511 3465 cunr
534 3406 629 3465 altero
653 3410 681 3464 in
705 3406 846 3465 diametro
869 3418 1000 3464 centrum
1024 3408 1156 3481 imprime
1180 3420 1332 3483 rotantque
1355 3414 1513 3473 materiam

148 3498 177 3553 in
200 3503 310 3570 puncto
334 3514 387 3554 acu
412 3513 570 3571 perprrrrge,
610 3490 804 3551 Nihilominus
828 3510 862 3549 cx
888 3492 938 3551 illo
961 3504 1061 3551 ccutro
1084 3508 1112 3552 ct
1135 3512 1201 3552 cnm
1217 3495 1269 3555 illa
1283 3498 1384 3557 circini
1400 3498 1513 3575 ampli·

149 3580 249 3641 tudine
273 3582 405 3641 describe.
428 3584 518 3641 alium
542 3580 689 3643 circellum
712 3584 843 3650 nigrum,
872 3582 921 3653 qui
945 3583 1021 3639 sicut
1044 3600 1063 3640 a
1086 3582 1227 3639 diametro
1258 3586 1338 3659 prius
1366 3583 1459 3645 ducta
1481 3590 1513 3647 iu

150 3668 209 3729 duo
232 3668 388 3741 diuiditur,
420 3672 460 3727 ita
484 3679 514 3727 tn
538 3688 604 3727 euru
628 3666 754 3743 arttprlius
778 3668 805 3722 in
832 3674 848 3723 ιι
873 3676 970 3741 parics
993 3667 1127 3737 dividas,
1158 3668 1247 3729 ducta
1274 3673 1513 3747 perpendiculari

149 3774 200 3833 pct
222 3756 405 3817 diametrum.
446 3756 482 3813 Et
503 3774 634 3815 sttrnrnac
658 3758 732 3831 parti
755 3752 864 3815 circelll
879 3754 1014 3815 adscribe
1029 3768 1128 3813 netum
1147 3752 1197 3825 [].
1220 3760 1298 3817 imao
1320 3776 1394 3820 vero
1410 3772 1513 3821 nom

149 3855 185 3909 ο(
217 3844 264 3903 rel
290 3859 340 3909 σο.
387 3842 466 3901 Parti
495 3844 629 3901 sinistrae
654 3846 691 3917 tsi
715 3861 836 3901 cettseas
864 3842 1011 3901 circellum
1043 3844 1072 3899 in
1100 3846 1244 3917 superiori
1277 3856 1360 3920 parte
1387 3850 1513 3925 maJonr

149 3946 269 4021 cimelii>
293 3948 386 4006 scribe
409 3956 507 4005 trotanr
524 3928 621 4035 {0ss
653 3946 770 4005 rlentrae
793 3926 891 4033 [ιῖ.
935 3947 1084 4005 l‘ostrcnm
1100 3949 1190 4005 ctiam
1213 3950 1354 4023 mojorem
1377 3952 1506 4013 rotulam

149 4056 179 4110 in
202 4070 256 4111 suo
282 4064 380 4109 centro
404 4069 552 4127 perpunec
575 4066 604 4110 ct
628 4068 663 4107 cx
687 4049 780 4107 altera
801 4061 884 4124 parte
906 4068 942 4107 ex
967 4050 1019 4107 illo
1041 4060 1140 4109 centro
1163 4063 1422 4127 pcrpcrpunctunt
1439 4074 1512 4117 een.

149 4152 225 4199 trum
247 4140 368 4196 minoris
391 4136 498 4197 circelli
522 4138 579 4195 duc
601 4144 714 4209 uiarum
730 4138 878 4194 circulum.
902 4135 1013 4195 llltinro
1036 4139 1153 4211 applica
1176 4150 1305 4197 centrum
1329 4140 1438 4200 circelli
1462 4162 1512 4201 ro-

150 4226 230 4285 tulae
246 4238 354 4287 centro.
372 4235 501 4283 centrtrm
525 4243 595 4283 cero
619 4226 739 4283 nrirreris
758 4224 865 4281 circelli
881 4234 1071 4299 perpunctmn
1087 4226 1205 4299 applica
1220 4228 1363 4287 beneflcio
1386 4232 1511 4305 regulae

150 4314 188 4372 ad
211 4330 312 4383 serap.
338 4322 366 4371 a.
391 4312 471 4391 ‘232⁰
491 4311 614 4370 rotulae.
648 4312 683 4370 lit
705 4314 779 4370 sicut
804 4313 832 4367 in
856 4312 983 4385 planetis
1005 4313 1138 4369 adscribe
1161 4314 1270 4383 aradus
1292 4322 1322 4373 et
1344 4332 1513 4389 sexagenas

149 4401 218 4459 ltuic
241 4400 344 4458 ultimo
368 4398 474 4457 ductae
497 4398 592 4457 lineae
617 4400 766 4459 circulari.
798 4400 911 4472 eritque
934 4398 987 4457 tibi
1010 4398 1057 4456 iric
1079 4399 1228 4471 circellue,
1252 4402 1291 4459 ad
1314 4401 1442 4463 rotulam
1464 4408 1512 4481 (at

150 4488 315 4549 docebarist
338 4487 513 4563 applicatus,
536 4503 589 4562 pro
610 4488 736 4563 apltuera
759 4486 862 4544 lunari.

650 4646 792 4703 zodiaci
812 4646 1007 4703 instructio.

254 4748 297 4807 nx
320 4747 415 4807 altera
436 4750 510 4807 lucio
533 4748 645 4807 rotulae
669 4748 761 4807 habes
779 4756 951 4823 repuncta,
975 4764 1027 4823 per
1050 4765 1126 4822 utrae
1148 4766 1185 4809 ct
1208 4758 1308 4809 centro
1323 4752 1437 4811 rotulae
1453 4750 1510 4813 due

150 4834 289 4897 circulum
316 4844 348 4897 et
368 4836 454 4897 lineis
476 4854 528 4913 per
552 4843 591 4897 ιι
614 4846 724 4913 puncta
753 4834 848 4897 ductis
878 4834 961 4895 iilum
993 4834 1149 4911 distingue.
1198 4836 1323 4913 Singula
1354 4844 1394 4899 ta
1423 4842 1510 4917 rigna
