3308 5534
146 370 215 449 230
504 360 679 420 collactanea
695 376 731 419 cx
748 362 888 423 codicibus
905 362 1147 426 Pnliroricnsibas.

148 564 221 630 tum,
244 551 317 626 dixi,
340 549 415 622 vitii,
439 542 519 623 quod
542 548 674 619 tempere
696 542 846 621 subrepsit
859 544 890 601 in
906 553 1076 623 computum
1092 545 1285 611 Chaldaicum
1307 568 1362 615 ren
1376 558 1515 615 retem

147 642 338 705 Graecorum.
374 636 416 695 At
437 630 593 694 Thaletem
616 647 690 704 esse,
713 632 766 707 qui
789 634 893 691 vitium
915 634 1138 711 animadvertit,
1162 635 1192 696 id
1215 656 1286 701 uero
1309 638 1515 703 liberalium

148 730 344 808 conjecturae.
381 724 458 783 Nam
482 720 573 780 verba
591 716 704 778 Laeuii
726 741 777 796 rna
798 716 859 781 rino
882 741 993 799 τροπης
1022 720 1070 784 ἐπι
1091 746 1203 803 sponna
1224 734 1358 807 macedon
1378 728 1513 791 nondum

149 828 264 881 tantum
286 812 395 885 valent,
425 818 456 871 et
484 805 644 867 ridendum
674 806 703 863 in
727 805 859 882 hairtio,
891 825 930 867 an
959 808 1085 870 affirmet
1107 810 1172 886 ille,
1203 816 1330 891 primum
1351 816 1514 879 Thaletem

148 908 208 969 hoc
229 900 404 982 prodidisse.
448 896 525 955 Nam
547 893 754 970 antiquissima
777 902 807 953 et
828 898 929 971 generi
950 896 1080 957 humano
1111 915 1224 961 coaeva
1251 910 1297 963 θη
1326 904 1454 965 peteme„
1476 904 1514 967 p,

150 994 256 1055 diebus
272 994 346 1062 365,
368 1002 424 1047 nco
436 984 584 1060 aequitare
607 979 717 1041 Thales
739 983 856 1058 scripsit
878 982 915 1044 de
931 1000 1009 1044 anno
1030 986 1190 1062 solstitiali,
1215 1006 1284 1067 ergo
1298 994 1415 1067 primu,
1431 992 1514 1053 quum

149 1079 290 1162 prodidit.
326 1074 436 1135 Induiti
459 1070 548 1132 hodie
570 1068 684 1128 infinita
706 1072 928 1144 transscrihuut,
950 1088 1006 1133 nec
1021 1074 1189 1135 inventores
1204 1094 1306 1139 eorum
1327 1082 1418 1157 primi
1435 1090 1512 1143 snat.

150 1168 292 1248 Ejusdem
315 1168 490 1241 augauniae
512 1163 580 1217 sunt
603 1158 674 1215 leta:
700 1159 754 1214 hoc
771 1159 843 1230 quod
863 1162 879 1215 9
898 1161 996 1217 diebus
1021 1170 1085 1219 ante
1110 1164 1346 1223 intercalationem
1371 1169 1514 1241 vulgarem

150 1257 311 1317 breuissima
333 1259 407 1309 esset
432 1251 540 1315 umbra,
568 1245 818 1321 sapientissimum
846 1244 1001 1307 Thaletem
1032 1252 1140 1325 movit,
1169 1250 1282 1329 aliquid
1311 1254 1349 1315 de
1377 1254 1513 1317 solstitii.

152 1354 183 1407 et
211 1343 248 1404 de
277 1338 472 1417 aequinoctiis
507 1333 652 1406 seribere,
684 1333 764 1409 quod
792 1344 997 1410 argumentum
1025 1340 1136 1414 primus
1167 1342 1298 1401 emnium
1330 1340 1513 1405 Graecorum

150 1432 288 1504 tentarit,
312 1430 342 1485 in
364 1440 424 1503 quo
447 1421 656 1482 commentario
679 1422 791 1497 primos
814 1419 1015 1500 deprehendit,
1039 1432 1072 1484 ut
1093 1426 1195 1487 scribit
1210 1426 1357 1505 hairtins,
1382 1452 1438 1507 τῃ
1452 1428 1510 1495 tiu

151 1542 260 1599 sponna
283 1514 328 1577 ἐπι
350 1534 461 1593 egicano
484 1514 623 1587 παροδον,
648 1524 724 1584 qnae
748 1515 793 1569 est
815 1526 887 1569 vera
909 1509 1040 1572 definitio
1063 1514 1133 1573 anni
1155 1513 1270 1576 solaris.
1317 1518 1356 1577 Et
1379 1528 1415 1577 ut
1438 1515 1510 1593 dem,

151 1606 304 1669 Ladrtinm
325 1604 420 1680 primo
444 1596 486 1657 illi
508 1596 635 1658 tribuere
657 1596 845 1657 solstitialem
868 1615 986 1675 annum,
1011 1602 1172 1681 quaeritur,
1193 1604 1288 1679 primo
1311 1616 1346 1665 ut
1368 1608 1511 1667 invenem

154 1714 192 1758 au
215 1700 249 1755 ut
269 1686 427 1767 scriptori?
456 1685 532 1746 Nam
554 1685 630 1743 ratio
654 1690 708 1759 est,
732 1702 809 1761 quae
832 1685 950 1747 eredere
970 1686 1064 1763 jubet,
1087 1688 1181 1750 multa
1195 1692 1226 1749 in
1240 1694 1357 1753 arcanis
1372 1692 1510 1757 habuisse

153 1783 328 1861 religionum
350 1776 496 1837 antistites
518 1774 690 1850 priusquam
713 1772 917 1835 scriberentur.
962 1774 1013 1835 Sic
1035 1776 1085 1836 iol.
1105 1784 1162 1837 14:
1186 1780 1275 1839 etiam
1296 1784 1405 1855 primu.
1424 1790 1509 1857 ⁶5³⁰·

153 1880 235 1927 surae
252 1870 358 1932 septem
376 1856 471 1916 stellas
489 1854 680 1924 consideravit,
699 1854 798 1923 quibus
816 1872 926 1911 cursum
944 1860 1124 1928 nauigationis
1144 1860 1297 1931 dirigebant
1314 1864 1478 1921 Phoenices.

257 1944 372 2007 Ibidem
393 1940 444 2001 iol.
470 1946 521 2000 14.
545 1935 764 1997 Anaximandro
786 1937 903 2015 adimit,
932 1939 1011 2015 quod
1035 1939 1130 2003 eidem
1153 1944 1255 2005 tribuit
1278 1946 1412 2023 Plinius,
1438 1950 1509 2025 ,ab

153 2037 322 2117 liquitatem
344 2029 500 2091 Zodiaoi“.
545 2024 644 2101 Quare
668 2026 718 2101 qni
743 2025 889 2105 „eclipses
906 2024 985 2087 Solis
1008 2036 1037 2089 et
1059 2028 1206 2090 solstitia“
1230 2032 1341 2094 Thales
1365 2038 1510 2113 antequem

157 2123 345 2207 ,praedicere
368 2134 428 2180 nen
449 2116 604 2194 potuisset,
628 2114 684 2172 nisi
707 2115 844 2174 scivisset
859 2113 1066 2191 obliquitatem
1080 2116 1242 2178 zodiaci“?
1269 2120 1334 2181 lmo
1350 2120 1510 2201 scaligero,

155 2212 284 2276 solstitia
306 2206 372 2269 sola
394 2204 634 2266 observationum
658 2203 824 2261 constantia
845 2218 898 2278 per
920 2219 1014 2264 annos
1037 2210 1078 2264 20
1093 2205 1223 2283 praedici
1238 2217 1374 2284 possunt,
1399 2214 1510 2271 eamq

156 2318 247 2365 eausa
269 2300 419 2375 ignoretur
440 2291 571 2365 solstitii,
594 2291 665 2367 quio
683 2288 758 2349 haec
781 2290 950 2351 observatio
965 2309 984 2352 a
998 2290 1064 2351 sola
1085 2292 1194 2370 pendet
1216 2295 1427 2359 observatione
1443 2315 1511 2360 ocn-

155 2390 221 2451 lari.
265 2383 400 2461 Eclipses
423 2382 512 2441 etiam
535 2376 639 2439 cadem
663 2377 904 2438 observationum
927 2382 1095 2440 cerretantia
1115 2381 1246 2459 praedici
1272 2394 1416 2463 pessunt,
1447 2404 1511 2449 unm

157 2478 349 2543 observatum
372 2476 426 2545 est,
449 2470 492 2529 ait
513 2465 637 2540 Plinius,
662 2464 787 2543 eclipses
811 2472 873 2525 2⁶23
897 2468 1047 2528 mensibus
1070 2468 1172 2533 redire.

262 2560 347 2639 Quae
369 2563 438 2620 sunt
459 2554 511 2618 iol.
537 2560 586 2616 lb.
610 2552 647 2614 de
668 2554 874 2630 praecessione
896 2554 935 2615 ad
958 2554 1075 2619 divorsa
1097 2564 1238 2636 tempera,
1262 2578 1298 2622 ea
1320 2564 1460 2623 examina
1478 2578 1511 2625 en

156 2652 322 2717 Prutenicis
344 2664 398 2707 seu
419 2644 516 2705 Tabh.
540 2640 677 2703 resolutis
699 2640 822 2719 Magiui.

259 2736 325 2799 Fol.
351 2740 402 2795 18.
423 2732 618 2809 Impertinens
643 2728 732 2789 Plinii
762 2731 961 2807 interpretatio
987 2728 1202 2805 ,Cleostratam
1229 2738 1325 2813 prima
1347 2736 1513 2799 Asiaticae

154 2830 307 2911 Sagittarii
328 2822 483 2895 automata,
513 2820 599 2897 qnasi
620 2820 730 2894 primas
759 2818 851 2879 lacios
880 2834 933 2879 scu
965 2816 1101 2879 decadas.
1146 2820 1210 2882 lmo
1239 2826 1335 2901 prima
1364 2826 1513 2903 signorum

155 2922 287 2985 Arietem
309 2922 340 2977 et
361 2908 560 2989 Sagittarium.

261 3004 328 3069 Ful.
357 3008 410 3063 24.
441 3002 492 3059 25.
525 2998 553 3053 Si
571 2997 653 3066 igitur
670 2996 766 3053 stellae
779 3002 886 3051 mutant
903 2998 991 3063 sedes,
1009 2997 1092 3066 igitur
1105 3002 1303 3073 qnacpropins
1316 3004 1413 3073 poium
1425 3004 1514 3061 mundi

157 3097 251 3161 erant,
273 3104 323 3145 cae
344 3082 455 3140 tandem
473 3096 490 3135 a
507 3078 572 3149 pelo
589 3077 729 3145 recedunt,
748 3084 776 3131 et
793 3083 900 3142 contra,
926 3090 997 3144 quac
1015 3092 1032 3129 a
1049 3076 1114 3145 polu
1132 3079 1226 3133 mundi
1244 3084 1409 3139 remotiores
1431 3092 1513 3153 erant,

157 3187 207 3229 eae
224 3169 368 3241 propiores
385 3178 458 3217 nunc
475 3157 539 3229 polo
558 3156 652 3213 mundi
670 3162 734 3211 suunt
752 3172 834 3224 quam
851 3156 926 3210 olim.
954 3154 1063 3224 Alioqui
1082 3156 1106 3209 si
1123 3172 1232 3227 semper
1248 3160 1277 3214 in
1295 3160 1394 3215 eadem
1412 3160 1511 3217 distan-

157 3254 197 3307 tia
209 3266 226 3305 a
238 3249 303 3319 pelo
320 3242 415 3299 mundi
433 3244 505 3301 suut,
523 3250 572 3293 cae
590 3234 686 3306 procul
705 3232 787 3289 dubio
805 3250 860 3289 non
876 3242 1026 3289 mercatur.
1061 3230 1139 3305 Quid
1154 3232 1287 3311 Scaliger
1302 3236 1406 3314 polum
1416 3234 1513 3297 mundi

158 3334 239 3395 dicat
260 3328 339 3413 (nam
362 3325 509 3385 diversum
532 3339 551 3380 a
573 3318 643 3398 pole
666 3316 890 3395 aequinoctialis
906 3316 997 3393 iacit),
1021 3317 1151 3379 nondum
1175 3320 1257 3383 dixit.
1296 3324 1448 3401 Quicquid
1462 3342 1513 3385 ao-

159 3430 219 3483 tem
241 3422 281 3480 sit
303 3413 382 3494 quod
407 3411 506 3488 polum
529 3406 629 3467 mundi
653 3406 744 3479 dicat,
776 3404 882 3465 laisum
905 3414 1003 3467 tamen
1027 3414 1085 3478 est,
1113 3424 1199 3468 omne
1230 3411 1310 3487 quod
1340 3422 1513 3473 moa-eene.

159 3508 230 3588 pole
252 3503 354 3567 mundi
376 3498 512 3559 recodere
541 3495 587 3555 rel
611 3494 740 3554 adeum
767 3492 916 3555 accedere.
961 3492 1036 3553 Nam
1058 3502 1157 3571 potest
1186 3498 1340 3559 circumire
1369 3502 1513 3559 ina-2112„

160 3596 312 3668 distantia,
335 3592 360 3649 si
383 3605 423 3647 sc.
447 3591 602 3645 rrroveatur
623 3585 653 3641 in
675 3581 817 3659 parallelo
840 3579 939 3639 circuli
963 3582 1091 3655 uroximi,
1115 3582 1221 3659 apolo
1244 3585 1345 3645 mundi
1371 3588 1514 3665 descripti.

161 3682 220 3745 Sed
244 3682 315 3759 quia
337 3676 471 3745 Scaliger
500 3673 602 3731 nititur
630 3670 755 3730 reiutare
782 3676 893 3728 motuni
922 3666 1073 3727 stellarum
1096 3672 1174 3731 cirea
1200 3672 1286 3749 pelea
1309 3674 1466 3752 eclipticas
1487 3676 1514 3734 tu

162 3767 387 3847 consequentia,
422 3760 616 3822 concedamus
644 3759 732 3833 igitur
759 3755 801 3814 illi
831 3758 860 3814 in
890 3756 945 3815 hoe
973 3756 1142 3833 particulari
1171 3776 1242 3819 casu
1271 3778 1359 3821 suum
1390 3766 1514 3823 axioma

162 3861 238 3920 Nam
260 3859 285 3917 si
311 3872 371 3932 qua
391 3847 478 3909 stella
499 3854 635 3906 movetur
657 3848 686 3902 in
711 3845 921 3921 consequentia
943 3846 972 3901 in
994 3844 1136 3921 parallelo
1160 3847 1330 3923 eclipticae,
1355 3850 1439 3911 illam
1461 3854 1514 3909 im-

162 3945 306 4026 possihile
328 3948 374 4001 est
396 3953 511 4013 serrrper
533 3936 561 3991 in
585 3940 647 3993 toto
671 3932 792 3991 circuitu
815 3934 939 3991 retinere
954 3931 1079 3993 eandem
1094 3952 1113 3992 u
1130 3932 1200 4009 polo
1216 3936 1318 3995 mundi
1333 3937 1513 3999 disemum

163 4034 240 4095 Nam
255 4029 335 4109 quod
350 4025 460 4106 polaris
476 4021 563 4081 hodie
579 4018 651 4079 nibil
667 4027 762 4079 nrutat
775 4036 860 4078 suam
876 4037 894 4079 a
909 4018 980 4095 pole
996 4020 1165 4080 distantiam
1180 4023 1375 4099 sensibiliter,
1398 4024 1429 4085 id
1445 4036 1517 4087 tem-

165 4137 324 4200 poraneum
347 4123 376 4175 ct
399 4112 467 4173 inde
482 4118 536 4183 est,
560 4107 639 4185 quod
654 4125 721 4185 pars
738 4106 789 4165 illu
802 4105 937 4184 paralleli
959 4106 1121 4185 eclipticae,
1145 4110 1173 4167 in
1197 4128 1257 4187 qua
1271 4111 1359 4173 stella
1375 4126 1515 4187 scrutur,

166 4215 211 4269 est
225 4206 358 4285 proxima
372 4200 451 4280 polo,
472 4199 523 4257 ubi
540 4196 725 4257 decrementa
740 4194 885 4253 intervalli
899 4214 918 4255 a
931 4194 1001 4271 polo
1025 4212 1091 4255 eum
1108 4198 1291 4257 incrementis
1307 4213 1517 4277 permutantur.

271 4291 385 4353 ibidem
407 4288 432 4347 Ε
454 4285 554 4363 polum
577 4281 678 4342 mundi
700 4282 784 4355 tescit,
807 4282 862 4341 snb
886 4299 945 4358 quo
968 4282 1021 4341 ltl'
1044 4292 1195 4361 aequator,
1218 4294 1248 4345 et
1271 4294 1371 4347 tamen
1395 4300 1518 4365 quatuor

165 4382 253 4443 liuteis
275 4388 343 4459 post
363 4373 524 4437 seeundum
545 4370 646 4449 polum
667 4369 752 4443 iacit,
783 4372 834 4445 qui
857 4380 901 4430 est
923 4388 955 4431 re
978 4388 1048 4429 vcra
1070 4371 1157 4447 polus
1182 4374 1273 4449 ipsius
1296 4374 1359 4435 ltu.
1406 4376 1518 4439 ibidem

167 4468 298 4547 appellat
321 4465 452 4527 colurum
474 4464 617 4539 tropicum
639 4460 777 4535 ambiguo
800 4474 852 4535 pre
876 4456 976 4517 coluro
999 4458 1164 4531 solstitiali,
1189 4459 1297 4521 ibidem
1323 4460 1448 4541 vulgus,
1472 4468 1517 4523 pn.

169 4560 241 4635 quit,
266 4554 355 4617 credit
378 4560 536 4611 extremam
560 4548 728 4624 Cynosurae
752 4563 816 4605 csso
838 4544 938 4622 polum
961 4546 1075 4619 mundi,
1104 4549 1181 4607 circa
1203 4565 1270 4607 eum
1293 4550 1387 4609 credit
1409 4554 1519 4613 rcrssri

169 4644 318 4705 mundum.
366 4639 508 4714 anuriam
539 4636 609 4694 iacit
641 4634 748 4709 uulgo,
779 4635 829 4709 qui
860 4636 978 4694 omnino
1010 4635 1080 4710 quid
1110 4637 1149 4695 sit
1178 4634 1265 4713 polus
1295 4640 1421 4713 ignorat
1470 4640 1520 4699 Sin

170 4740 269 4792 autem
298 4730 334 4790 de
364 4726 458 4785 doctis
487 4724 630 4800 loquitur,
661 4719 759 4780 nullus
788 4721 844 4782 hac
873 4720 1014 4795 scaligeri
1044 4724 1222 4783 correctione
1253 4724 1385 4803 indiget,
1418 4744 1520 4787 amm

171 4817 263 4881 libelli
285 4816 431 4897 sphaerici
452 4811 510 4875 hoc
524 4810 643 4883 habent,
665 4810 723 4869 uisi
745 4808 781 4868 dc
802 4812 864 4869 suis
886 4808 1027 4887 palinuris
1043 4810 1170 4887 Belgicis
1184 4811 1334 4891 loquatur,
1359 4816 1410 4893 qui
1424 4832 1523 4877 em
