3308 5534
247 409 314 480 966
488 480 490 487 ,
553 434 555 441 ·
763 408 830 467 Vita
845 408 961 467 Joaunia
979 404 1102 479 Kepleri.

234 564 394 670 'pecuniae
423 591 568 667 augustiis
597 591 723 651 amioum
753 591 792 650 ab
823 589 960 649 omuibus
991 586 1186 648 incommodis
1217 586 1383 648 defendere
1406 606 1467 649 111
1488 602 1610 666 possent¹

251 686 351 739 111111
375 681 473 738 omnia
495 677 639 750 lecerunt,
672 688 704 736 ut
726 680 822 737 amice
845 678 910 736 viro
932 679 1027 736 vitam
1049 676 1164 753 Pragao
1187 678 1263 735 setis
1286 676 1404 735 bonam
1427 686 1458 737 et
1480 678 1611 739 tolerabi-

249 766 307 826 lem
338 765 500 825 redderent.
554 764 653 840 Quum
684 773 784 824 autem
815 771 845 825 et
874 771 1047 840 aegrotante
1076 772 1107 824 et
1136 772 1254 823 mortno
1282 762 1451 840 liudolpho
1483 768 1512 822 in
1539 766 1609 843 regis

251 853 410 913 multarum
432 869 526 912 rernm
550 854 741 911 commutatio
764 853 843 912 lucta
859 858 946 924 esset,
969 854 1040 909 novi
1055 850 1189 912 homines
1204 848 1362 928 Rudolphi
1389 855 1532 911 ministris
1552 870 1610 913 sue·

250 942 422 1014 cessissent,
452 947 513 997 turn
542 941 629 998 arnioi
651 955 771 1014 quoque
799 938 944 1015 Keplero,
976 955 1085 998 novam
1114 938 1299 1014 eandemque
1332 940 1569 1014 tranquilliorem
1587 950 1611 999 et

253 1030 332 1088 vitae
355 1035 386 1085 11
407 1025 570 1086 studiorum
592 1025 692 1086 sedern
709 1028 877 1101 quaerenti,
900 1042 958 1084 uon
975 1026 1064 1085 modo
1087 1043 1144 1085 non
1167 1028 1351 1095 restiterunt,
1377 1025 1433 1085 sed
1456 1029 1546 1087 ettam
1565 1032 1611 1085 iu·

253 1116 334 1191 pigre
357 1112 387 1172 id
410 1115 553 1189 agebant,
579 1121 610 1171 ut
632 1115 660 1171 ei
690 1113 873 1173 conditiones
903 1121 1077 1188 quaererent
1106 1116 1179 1173 selis
1210 1121 1307 1183 tutas,
1339 1130 1422 1188 quae
1446 1114 1610 1172 1111111111-

255 1208 360 1261 reutae
383 1209 467 1273 suut,
491 1203 521 1257 in
536 1199 701 1277 Superioris
717 1200 854 1260 Austriae
877 1200 958 1263 urbe.
1005 1199 1072 1275 Quo
1089 1209 1121 1261 ut
1144 1208 1300 1261 vocaretur
1314 1199 1473 1279 Keplerus
1496 1204 1611 1278 topini

254 1284 358 1347 auctor
387 1293 450 1347 erat
479 1288 556 1346 Baro
596 1289 770 1347 Erasmus
805 1287 848 1347 da
881 1285 1144 1364 Starembcrg,
1176 1290 1227 1363 qul
1256 1296 1286 1346 et
1315 1286 1446 1364 Kepleri
1479 1291 1510 1345 iu
1538 1290 1610 1348 rebar

258 1376 464 1434 astronomicis
487 1391 601 1433 summo
624 1375 742 1450 ingenio
762 1374 844 1450 juste
867 1375 1057 1446 attribueret,
1089 1384 1119 1434 et
1141 1379 1169 1433 ln
1194 1376 1429 1450 quaestiouibus
1459 1378 1551 1435 sacris
1568 1394 1612 1435 ea·

256 1460 322 1521 dem
346 1479 412 1520 cum
435 1459 487 1520 illo
509 1464 639 1531 sentiret,
664 1469 693 1520 et
716 1464 813 1537 ipsum
829 1461 977 1521 hominem
1000 1464 1119 1521 maximi
1136 1464 1316 1522 aestimaret.
1350 1461 1434 1520 Huic
1458 1465 1515 1539 ipsi
1530 1462 1609 1539 plari·

256 1565 336 1607 mum
360 1547 462 1620 debet,
495 1547 573 1624 quod
598 1549 809 1631 benignissime
831 1548 936 1608 Linclo
959 1559 1098 1626 exceptus
1127 1567 1195 1607 mox
1219 1548 1443 1625 amplissimam
1468 1552 1612 1609 1111111111

256 1634 361 1694 habuit
383 1637 593 1710 cognitionem,
627 1638 677 1711 qui
701 1637 794 1695 vitarn
818 1637 845 1696 ei
866 1636 1028 1711 jucundam
1050 1637 1180 1696 lacerent
1207 1643 1238 1695 et
1267 1635 1404 1694 vitalem.
1453 1638 1609 1696 Amicorum

257 1723 335 1782 cuim
358 1721 473 1798 Pragae
495 1722 662 1782 relictorum
685 1732 785 1799 partes
807 1732 1001 1799 susceperunt
1023 1725 1096 1782 socii
1119 1722 1263 1782 Ordinem
1286 1723 1464 1800 Superioris
1480 1726 1611 1795 Ananiae,

247 1798 415 1885 “praecipue
439 1808 482 1867 illi
505 1811 556 1886 qui
581 1813 655 1869 inter
671 1810 802 1870 Comites
825 1818 909 1870 erant
924 1819 954 1870 et
968 1810 1102 1889 Equites,
1124 1809 1310 1887 eundemque
1328 1828 1392 1869 uon
1416 1810 1509 1871 modo
1530 1820 1612 1871 aruo

259 1912 413 1954 nemorum
436 1898 597 1974 prinoipem
620 1897 848 1971 honoraverunt,
872 1897 925 1957 sed
950 1901 1040 1957 etium
1062 1899 1293 1975 promtissimam
1309 1898 1484 1958 studiorum
1507 1898 1612 1974 adjute-

259 1999 320 2042 rem
350 1989 380 2042 et
410 1984 607 2044 consultorem
635 2002 693 2043 non
718 1987 815 2045 minus
844 2001 933 2060 quam
963 1985 1110 2045 hominem
1139 1988 1168 2042 in
1199 1986 1337 2044 coetibus
1365 1986 1610 2061 jucundissimum.

260 2068 321 2130 Sed
344 2086 411 2129 cum
434 2072 537 2130 amieis
561 2089 680 2149 quoque
694 2072 895 2148 Pragensibus
918 2072 1071 2149 multiplex
1094 2082 1155 2131 1111
1170 2070 1292 2147 Kepleri
1317 2078 1611 2145 commerciorum

260 2157 357 2216 minus
381 2158 516 2235 epistolis
539 2157 617 2218 datis
641 2168 670 2219 et
693 2163 832 2237 acceptis,
857 2176 944 2235 quem
961 2160 1114 2219 itineribus
1129 2160 1250 2235 publice
1266 2159 1399 2235 Pregam
1417 2162 1515 2231 lactis,
1537 2178 1610 2236 qaus

259 2252 329 2321 post
345 2243 493 2321 Redolphi
518 2254 640 2306 mortem
661 2247 785 2323 jubente
808 2246 936 2306 Matthia
959 2248 1133 2323 imperatore
1157 2245 1233 2305 idem
1250 2251 1418 2306 astronomi
1445 2250 1609 2325 imperatori

261 2330 389 2391 oilleium
412 2334 558 2394 retineret.
604 2335 660 2395 Per
682 2336 809 2394 amicum
833 2334 939 2394 deinde
961 2333 1110 2394 Rernum
1133 2332 1281 2410 Keplerus
1303 2335 1489 2396 consiliariis
1510 2350 1609 2411 quoque

261 2419 331 2477 novi
354 2419 540 2496 imperatoria
564 2422 787 2482 commendatus
810 2439 876 2482 mon
901 2421 1030 2481 omnium
1053 2438 1198 2480 summam
1220 2423 1352 2497 gratiam
1369 2422 1502 2500 adeptus
1522 2430 1609 2491 est,et

261 2507 352 2565 variis
385 2506 422 2567 de
451 2508 615 2587 astrologia
645 2509 838 2571 relationibus
869 2508 906 2569 ad
939 2508 1007 2569 illos
1033 2510 1145 2582 missis,
1174 2517 1204 2568 11
1232 2509 1389 2569 nonnuliis
1418 2506 1608 2588 opuseulum

260 2591 414 2656 dedicatis.

365 2681 455 2742 Brevi
477 2692 636 2760 postquam
659 2683 804 2761 Keplerns
827 2684 960 2743 11111111
982 2684 1125 2759 pervenit,
1149 2698 1215 2741 oum
1241 2684 1493 2755 Argentorateusi
1515 2684 1609 2763 proles

260 2784 329 2829 sore
349 2767 515 2831 Matthia
538 2772 787 2849 Berneggero
819 2777 955 2849 coeptum
987 2779 1031 2830 est
1057 2771 1206 2830 literarum
1230 2774 1464 2843 eornmereium,
1494 2774 1609 2833 indari

261 2873 340 2915 anuo
366 2863 449 2918 1613
474 2876 569 2933 usque
592 2859 629 2918 ed
654 2878 680 2918 1.
709 2866 791 2918 1630
816 2876 911 2936 paene
935 2864 1115 2935 perpetuum.
1153 2856 1271 2931 Quibus
1295 2861 1325 2914 in
1344 2862 1609 2939 epistolispleruu-

260 2961 320 3019 que
342 2945 523 3005 brevissimis
546 2947 674 3006 maxime
696 2948 793 3021 agitur
815 2946 852 3005 de
874 2944 995 3005 edendis
1019 2952 1048 3004 11
1066 2944 1226 3004 vendendis
1243 2944 1370 3021 Kepleri
1386 2949 1536 3023 operibus.
1555 2962 1609 3023 par·

261 3033 314 3090 tim
344 3048 463 3108 quoque
494 3032 530 3092 de
558 3033 778 3092 Austriacorum
817 3034 959 3091 nobilium
985 3031 1068 3105 liliis,
1105 3032 1154 3107 qui
1187 3032 1425 3107 Argentoratum
1467 3036 1608 3095 studium

261 3135 353 3178 11111
368 3127 518 3192 11111111,
542 3119 703 3196 aKeplero
727 3120 921 3180 commendeti
944 3122 1053 3190 amieo,
1078 3117 1205 3194 denique
1228 3118 1265 3176 11
1290 3123 1422 3197 privatis
1446 3126 1532 3183 rebus
1551 3122 1608 3181 srd-

261 3204 356 3277 bitur,
390 3206 911 3281 11111111111111111811111111
942 3207 1020 3264 filiae
1043 3207 1240 3266 matrimonio.
1288 3207 1408 3267 Eodem
1432 3228 1494 3287 quo
1515 3224 1609 3286 semper

261 3292 366 3351 solitus
389 3302 434 3352 111
457 3301 559 3370 aperte
582 3296 680 3353 uninro
704 3312 749 3354 res
772 3313 842 3355 suas
865 3296 1019 3372 proposuit
1040 3296 1150 3363 amico,
1175 3311 1241 3351 eum
1267 3303 1298 3353 11
1320 3294 1476 3357 liberrime
1498 3298 1532 3358 de
1552 3312 1609 3357 esn-

259 3377 421 3439 ditiouibus
444 3381 555 3440 diceret
584 3382 642 3441 sibi
670 3381 781 3453 allatis,
813 3392 846 3442 ut
868 3394 920 3443 aut
944 3382 1097 3440 Bononiae
1119 3380 1233 3456 blagini
1264 3386 1379 3441 mortni
1408 3384 1609 3460 [1111111111-

257 3473 353 3543 peret,
378 3474 430 3526 aut
453 3470 482 3526 in
507 3469 645 3545 Angliam
670 3473 800 3542 veniret,
823 3478 875 3529 aut
897 3470 1048 3545 Saganam
1071 3471 1125 3527 iret
1148 3488 1165 3525 n
1189 3468 1415 3530 Wallcnsteaio
1440 3482 1571 3541 1111111,
1586 3482 1608 3526 er

257 3556 384 3615 amicum
417 3564 550 3630 rogaret,
587 3573 656 3614 num
687 3575 723 3616 ex
753 3576 783 3616 re
819 3566 949 3618 censeret
978 3560 1203 3631 Argentoratum
1235 3556 1404 3632 proticisci,
1443 3571 1476 3617 ut
1504 3554 1609 3618 111111

257 3640 368 3702 tabulis
390 3641 589 3719 Rudolphiuis
612 3644 729 3703 scholas
752 3643 883 3706 haberet.
920 3645 954 3702 ln
971 3644 1106 3703 omnibus
1122 3660 1217 3718 paene
1241 3644 1339 3702 literis
1355 3645 1520 3721 Keplerum
1541 3642 1608 3701 rile-

257 3745 323 3787 mus
354 3737 384 3789 et
413 3730 557 3789 auxilium
580 3738 611 3789 et
633 3732 786 3791 consilium
817 3733 854 3791 ab
884 3734 979 3791 amieo
1011 3739 1124 3807 petere,
1156 3747 1222 3788 raro
1251 3729 1288 3788 ric
1320 3732 1434 3791 studiis
1464 3748 1515 3792 aur
1535 3732 1607 3791 iiten·

257 3815 367 3889 scribit,
391 3819 523 3894 inprimis
552 3835 617 3876 cum
640 3836 695 3877 sua
718 3837 736 3875 n
759 3818 956 3893 Berneggeri,
989 3817 1129 3875 historiae
1157 3826 1186 3874 11
1215 3817 1413 3892 eloquentiae
1447 3822 1606 3897 prolessarit.

256 3902 364 3961 studiis
385 3903 503 3978 longius
526 3906 673 3965 abessent.
712 3906 755 3963 Eo
779 3906 962 3980 frequentius
984 3905 1072 3963 amici
1096 3920 1187 3978 opera
1210 3907 1312 3975 utitur,
1340 3916 1376 3964 nt
1399 3906 1537 3967 dirimas.
1557 3922 1606 3965 ran

257 3996 309 4048 aut
332 4007 398 4049 cum
420 3992 549 4051 librariis
573 3994 650 4069 agit,
680 4000 733 4050 aut
755 4009 876 4069 operum
904 4009 1024 4054 suorum
1055 4009 1144 4067 quum
1172 3990 1302 4067 plurima
1327 3996 1472 4071 exempla
1504 3994 1607 4055 reudert

256 4084 309 4134 aut
331 4093 412 4136 raros
434 4078 524 4138 libros
547 4081 690 4156 inspicere
714 4080 792 4153 vult,
817 4098 882 4140 cum
906 4081 1060 4159 pecuniam
1084 4087 1136 4137 aut
1158 4078 1338 4153 erigendam
1364 4093 1418 4139 aut
1444 4083 1543 4142 liberis
1561 4094 1606 4141 trr-

257 4161 382 4222 dendam
406 4176 497 4225 curat.
543 4166 627 4241 Quae
651 4171 749 4228 omnis
772 4169 869 4227 ollieia
892 4169 931 4226 ab
954 4170 1048 4226 emico
1072 4163 1218 4241 Keplcrus
1242 4168 1369 4227 minime
1394 4172 1546 4244 petiisset.
1563 4166 1604 4225 atsi

256 4249 321 4323 ejus
344 4253 478 4311 intimum
502 4256 632 4313 animum
655 4264 683 4315 el
708 4257 891 4315 voluntalem
915 4254 1076 4314 ollioiosam
1101 4254 1216 4329 penitus
1240 4258 1467 4331 perspexisset,
1491 4276 1553 4317 eun
1571 4254 1606 4311 ille

256 4338 393 4397 omnibus
416 4339 535 4417 Kepleri
561 4341 712 4401 desideriis
735 4360 767 4401 se
790 4345 1018 4419 promtissimam
1042 4340 1171 4411 offerret,
1200 4341 1225 4397 si
1252 4341 1326 4414 quid
1360 4348 1436 4402 novi
1459 4344 1606 4404 mandat·

256 4432 349 4498 esset,
372 4429 483 4502 gratias
504 4439 622 4504 ageret,
654 4431 752 4488 omnia
775 4447 810 4489 ex
835 4430 955 4507 Kepleri
978 4428 1124 4489 sententia
1147 4435 1276 4499 curaret,
1308 4447 1434 4509 semper
1457 4440 1606 4510 parurn

257 4511 373 4585 agendo
404 4523 434 4574 et
463 4515 641 4574 consulendo
670 4518 756 4575 emioi
784 4534 831 4576 res
858 4519 971 4593 jrrvare.
1018 4513 1240 4575 studiosissimo
1271 4526 1378 4575 sutem
1410 4520 1606 4579 matrimoni·

256 4597 376 4675 Kepleri
406 4601 484 4660 filiae
512 4620 577 4660 cum
602 4604 754 4663 Bartschio
785 4605 945 4665 ineundum
973 4610 1092 4667 tractat.
1122 4618 1194 4659 1111
1223 4600 1305 4659 demi
1341 4610 1467 4683 nuptias
1495 4618 1605 4685 appulsi

256 4684 372 4746 absenti
394 4690 488 4748 amieo
512 4689 672 4751 laetissime
695 4700 724 4752 et
747 4708 841 4770 paene
869 4692 946 4752 elate
976 4691 1112 4763 nunciet,
1144 4688 1214 4763 quid
1239 4696 1414 4766 paraverit,
1447 4706 1604 4771 quantopere

256 4789 311 4830 sua
333 4791 403 4834 eura
426 4784 454 4836 et
477 4775 659 4853 diligentia
651 4796 679 4837 rn
703 4779 857 4839 clarissimi
882 4781 937 4841 viri
961 4778 1050 4838 liliam
1073 4776 1602 4857 11111111111111111111,1111111111ι

257 4859 371 4923 nivibus
393 4870 424 4924 et
446 4865 641 4952 protervorum
665 4866 792 4953 collegio
814 4867 1006 4951 comprobata
1027 4866 1075 4927 sit.
1107 4863 1175 4943 Quo
1198 4881 1237 4928 ex
1259 4866 1400 4931 virorum
1423 4886 1480 4931 usu
1500 4880 1602 4929 eron·
