3308 5534
146 388 232 464 1004
622 391 956 470 onerosam-uepres

148 577 225 638 eirca
247 575 367 638 'l’erram
391 575 578 656 dispensatur
599 596 619 639 a
640 576 749 654 Terrep
778 584 810 640 ot
837 579 883 639 sle
904 574 956 638 Sol
977 574 1180 657 plonetarnm,
1211 576 1316 639 'ferra
1345 592 1415 638 roro
1433 574 1500 638 Εὐ

146 672 242 724 motor
265 667 464 724 constituitur.
508 665 540 725 Si
564 666 690 743 denique
714 665 974 725 Aristarchus
991 709 998 725 .
1015 713 1024 729 .
1040 709 1073 724 ..
1106 674 1182 727 tune
1206 667 1355 725 binorum
1375 682 1500 742 qnoru-

146 768 261 829 ennque
283 753 465 830 planetarum
488 755 573 813 orbes
602 757 677 813 inter
697 760 730 814 e‘e
754 754 969 832 proportionem
991 751 1080 813 ulem
1102 753 1226 827 babent,
1253 770 1340 830 quae
1361 752 1434 813 duae
1451 762 1501 815 ter·

147 842 204 899 tias
227 839 438 918 complectatur
461 843 656 918 proportionis
678 841 873 918 periodorum,
895 839 1039 907 et⁸motus
1053 848 1114 900 tum
1127 840 1267 901 Telluris
1290 858 1385 918 qnam
1405 850 1502 902 oeteo

146 943 210 986 rum
233 930 362 1004 quinque
385 946 421 987 ex
445 931 530 987 unico
553 926 633 989 sonte
655 928 760 988 solaris
782 929 911 1007 eorporis
933 926 1127 1006 dispensatur.
1166 928 1228 989 Hic
1253 928 1345 989 nulla
1366 930 1451 1008 plne
1467 940 1504 989 οι

147 1017 291 1091 exceptio,
314 1019 463 1092 proportio
486 1022 531 1074 eet
546 1017 740 1075 munitissime
761 1032 798 1075 ex
820 1023 946 1092 utroque
965 1014 1072 1092 letere3
1095 1032 1131 1076 er
1155 1023 1245 1095 parte
1269 1015 1398 1093 quiden
1416 1032 1504 1077 eu

148 1109 292 1161 testantur
319 1111 550 1162 astronomorum
581 1105 803 1163 observationes
832 1101 1021 1179 quotidianse
1047 1120 1114 1162 curn
1145 1106 1229 1163 omni
1264 1104 1435 1165 sehunna
1452 1122 1504 1177 ru,

149 1205 186 1248 ex
208 1202 290 1265 parte
313 1206 384 1249 vero
414 1192 537 1251 rationis
563 1191 738 1268 astipulatur
765 1191 852 1250 nobis
874 1189 1060 1250 Aristarchus
1083 1193 1112 1248 lu
1134 1190 1348 1267 generalibus,
1372 1193 1403 1250 lu
1423 1194 1506 1271 ῃὺ

147 1292 218 1335 rero
241 1293 347 1337 eeusae
370 1286 530 1355 suppetunt
551 1278 796 1353 evidentissimae,
818 1278 917 1355 postu
937 1279 1034 1356 specie
1056 1279 1261 1340 immaterlata
1285 1281 1421 1358 eorporis
1439 1278 1507 1339 seh·

147 1364 200 1434 ris,
231 1379 281 1422 cur
308 1368 456 1441 proportio
479 1370 565 1435 (ratio)
591 1364 697 1425 debeat
724 1382 789 1426 esse
815 1358 870 1425 nee
898 1364 1020 1442 simpla,
1051 1382 1106 1425 nea
1128 1364 1239 1445 duple,
1266 1364 1325 1426 sed
1348 1367 1436 1444 plne
1453 1384 1507 1427 ere·

148 1448 302 1526 quleltera.
333 1451 448 1511 Causae
471 1456 558 1513 etiam
580 1459 749 1531 suppetunt,
772 1469 822 1512 cur
836 1451 888 1513 Sol
906 1453 1005 1533 potine
1020 1450 1129 1512 'l'errne
1144 1460 1181 1513 nt
1196 1453 1395 1531 planetam
1408 1462 1506 1517 netu·

149 1558 227 1611 rum,
258 1558 346 1617 quum
368 1540 459 1600 Terra
482 1540 559 1600 Solis
591 1549 686 1599 motor
709 1557 774 1601 esee
796 1542 906 1617 possit,
936 1539 1061 1616 denique
1088 1541 1239 1599 naturalis
1268 1542 1399 1601 rationis
1424 1540 1505 1601 lun

149 1627 253 1701 dietat,
284 1627 445 1704 digniorem
469 1639 498 1688 et
521 1631 614 1704 magis
636 1627 853 1705 archetyplcam
875 1644 941 1687 esse
963 1628 1090 1704 speciem
1113 1643 1241 1705 opernm
1267 1627 1347 1700 Dei,
1377 1631 1506 1689 mmet·

150 1733 250 1775 omnes
273 1716 310 1774 eb
334 1732 392 1774 uno
416 1716 494 1775 iente
510 1717 618 1790 fluant,
641 1733 729 1792 quam
752 1717 777 1774 ei
800 1715 931 1793 plerique
953 1713 1069 1790 quidem
1092 1715 1131 1774 ab
1150 1731 1214 1774 uno
1236 1714 1296 1775 illo
1317 1716 1413 1791 tonte,
1433 1718 1507 1777 id

149 1820 219 1863 reru
243 1805 335 1879 ipsius
358 1803 396 1861 ab
420 1804 478 1863 alio
501 1804 674 1880 ignobiliore
697 1798 808 1862 ioute.“

257 1889 410 1970 „Accedat
442 1909 512 1950 vero
543 1891 679 1950 formatio
709 1892 774 1969 ipsa
801 1889 998 1969 proportionis
1025 1889 1140 1948 orbium
1173 1891 1308 1949 seorsim
1331 1898 1404 1949 ente
1424 1896 1508 1951 at·

150 1977 230 2037 laeta
252 1995 303 2055 per
331 1980 461 2055 quinque
488 1978 596 2054 figurae
625 1986 654 2038 et
681 1995 733 2057 per
758 1977 936 2037 barmoniae.
980 1975 1056 2035 Nam
1082 1978 1110 2036 si
1132 1975 1276 2036 Brebeus
1310 1994 1414 2037 rerum
1438 1978 1507 2051 uer,

150 2062 247 2124 lucum
270 2067 328 2124 ista
351 2083 408 2124 non
433 2066 542 2127 habent
564 2068 621 2125 uisi
645 2066 758 2126 adscito
782 2065 891 2126 circulo
918 2062 1018 2140 eliquo
1040 2061 1169 2123 Telluris
1198 2067 1281 2124 inter
1303 2066 1395 2125 orbes
1418 2064 1507 2125 unu

152 2160 183 2211 et
205 2152 329 2212 Veneris
353 2170 404 2232 per
427 2156 666 2231 imaginationem
690 2150 903 2225 circumducto,
926 2159 957 2212 et
978 2151 1060 2211 Deus
1082 2167 1141 2209 uon
1166 2153 1212 2210 rei
1234 2154 1348 2230 ipsius,
1371 2152 1425 2212 sed
1444 2156 1508 2212 hs·

151 2242 313 2316 piscationis
336 2243 436 2319 potius
459 2259 558 2301 curum
581 2242 694 2316 habuit,
716 2239 905 2317 distorquens
927 2255 1001 2317 opus
1023 2241 1120 2316 ipsum
1143 2237 1349 2314 mundanum,
1372 2251 1405 2299 ut
1425 2242 1509 2319 oper'r

151 2329 325 2404 imaginatio
348 2327 470 2406 pulchre
492 2346 557 2389 esee
580 2337 697 2406 posset,
721 2346 787 2387 cum
810 2334 908 2387 nmen
929 2325 1060 2386 inlicitae
1082 2325 1160 2386 alise
1182 2327 1306 2387 similes
1330 2330 1508 2405 imaginun

152 2418 266 2494 species
289 2414 334 2496 (ut
356 2419 516 2476 stationum
539 2424 569 2476 et
590 2413 886 2494 retrogradationum)
915 2423 1034 2474 careant
1061 2413 1114 2473 tuli
1144 2422 1279 2475 ornatur
1312 2424 1348 2475 at
1368 2419 1396 2476 sl
1419 2432 1508 2475 rer·

152 2502 224 2563 dicit
246 2503 446 2576 Aristarchus,
471 2511 541 2563 tuuc
563 2511 684 2562 ornatus
707 2506 762 2564 iste
785 2504 934 2562 invenitur
955 2503 985 2559 io
1008 2518 1056 2573 re,
1086 2503 1204 2579 speeies
1227 2518 1308 2562 uero
1331 2506 1507 2580 imagin·-

153 2607 263 2665 ornnee,
287 2591 369 2650 nulla
392 2601 524 2667 excepta,
549 2594 755 2668 permittuntur
778 2590 1002 2650 necessitatibus
1024 2588 1123 2665 legum
1147 2591 1356 2665 optionem*

260 2678 369 2759 „Hisce
392 2679 542 2756 perpensis
565 2694 650 2756 spero
675 2694 729 2738 vos
751 2694 863 2754 aequos
886 2677 1055 2753 dogmatum
1079 2693 1218 2737 censores
1239 2678 1319 2752 iore,
1344 2694 1401 2738 nec
1420 2677 1507 2737 hrt·

153 2783 207 2827 ros
231 2775 366 2843 gesturos
391 2772 509 2825 ornatus
537 2783 658 2845 opernm
682 2766 847 2825 divinorum
869 2766 1100 2840 exquisitissimi.
1137 2762 1283 2824 iatera⁴⁴

256 2854 377 2931 Scripsit
406 2851 480 2911 baec
506 2853 651 2931 Keplerus
682 2870 781 2913 mense
813 2850 934 2912 Octobri
958 2859 1056 2924 1621,
1087 2851 1185 2927 legem
1218 2868 1295 2912 roro
1325 2855 1431 2929 ipsun,
1455 2864 1505 2926 q·

152 2941 304 3018 Gopernici
335 2940 371 3000 de
401 2940 510 2999 mundo
542 2944 684 3000 rationem
718 2939 884 3020 „theologis
906 2947 936 3000 et
965 2936 1170 3017 pbilosophle“
1206 2946 1240 2998 ut
1261 2941 1330 3015 jam
1354 2939 1503 2999 firmissime

152 3030 313 3089 stabilitam
337 3039 366 3088 at
390 3027 617 3087 demonstratam
639 3030 761 3108 probat,
791 3029 904 3087 invenit
934 3044 1010 3086 anno
1037 3032 1130 3089 1618.
1153 3043 1288 3104 eamque
1319 3029 1504 3087 inventiam

154 3120 219 3194 ipse
240 3117 326 3176 relcrt
350 3119 378 3173 in
403 3116 584 3175 Harmoniae
607 3116 681 3175 libro
704 3118 806 3194 quinto
829 3115 973 3175 scribens:
1005 3115 1156 3194 „Inventis
1180 3117 1263 3174 serie
1287 3115 1407 3174 orbium
1427 3119 1504 3172 iuter·

152 3205 240 3263 vellis
263 3221 313 3281 per
336 3205 557 3263 observationes
574 3204 680 3262 Brehei
705 3203 821 3282 plurimi
843 3203 984 3280 temporie
1008 3202 1108 3261 labore
1125 3204 1271 3261 continuo
1296 3201 1427 3273 tandem,
1447 3212 1504 3261 ttr-

154 3291 220 3351 dem
243 3292 370 3367 genuina
392 3294 543 3368 proportio
567 3297 728 3368 temporum
752 3289 963 3368 periodlcorum
978 3288 1018 3348 ed
1039 3292 1264 3367 proportionem
1290 3291 1408 3351 orbiu·

466 3413 507 3423 —
531 3411 573 3422 -
595 3397 663 3438 scra
686 3378 806 3454 quidem
829 3381 959 3454 respexit
980 3381 1117 3447 inertem,

464 3466 605 3541 Respexit
626 3474 730 3525 tumea
752 3473 780 3525 et
800 3466 891 3542 leaeo
909 3473 979 3541 port
1001 3473 1135 3541 tempore
1156 3467 1263 3539 uenit,-

154 3571 258 3630 eaqne,
282 3555 306 3611 si
331 3553 470 3629 temporis
492 3552 631 3612 articulos
656 3556 740 3630 petis,
765 3559 794 3612 8.
810 3551 909 3611 Martii
932 3553 1020 3628 hujus
1035 3554 1104 3611 anni
1124 3557 1220 3612 1618.
1243 3554 1351 3611 animo
1366 3558 1504 3628 compte.

153 3642 204 3702 sed
227 3641 383 3700 infeliciter
405 3639 442 3699 ed
466 3641 596 3700 calculos
620 3648 726 3700 vocata
749 3657 843 3717 eoque
872 3657 924 3718 pro
951 3639 1027 3699 salsa
1053 3638 1177 3714 rejecto,
1210 3637 1347 3715 deniqne
1372 3647 1420 3700 15.
1441 3637 1504 3711 Urit

153 3746 269 3789 reversa
291 3745 369 3787 noro
394 3738 479 3805 capto
503 3730 613 3805 impetu
637 3730 819 3804 expugnavit
848 3729 954 3786 mentis
977 3743 1059 3786 meae
1082 3727 1239 3799 tenebrae,
1272 3735 1361 3788 tanta
1383 3742 1504 3805 compu-

151 3818 271 3876 batione
294 3823 323 3875 et
346 3815 456 3874 laboris
479 3819 535 3875 mei
560 3815 832 3892 septendecenualis
855 3817 884 3873 in
908 3815 1167 3874 observationibus
1183 3814 1356 3875 Brabeanis
1378 3824 1408 3875 et
1422 3813 1504 3874 nefi-

152 3905 271 3962 tationis
294 3902 383 3978 hujus
406 3906 434 3960 in
459 3920 548 3961 unum
571 3905 811 3982 conspirantium,
836 3913 869 3961 nt
890 3904 1035 3961 somniare
1058 3918 1105 3961 me
1129 3915 1159 3962 et
1182 3919 1380 3980 praesumere
1402 3902 1504 3979 qud

152 4000 213 4049 tum
237 3994 311 4049 inter
332 3993 475 4068 principia
498 3993 590 4067 primo
613 3988 790 4050 crederem.“

255 4078 288 4134 ln
312 4077 465 4136 Prodromi
490 4081 585 4156 prima
607 4078 736 4138 editione
758 4079 854 4155 pergit
874 4076 936 4152 jam
960 4075 1105 4153 Keplerus
1128 4078 1286 4152 inquirens
1311 4094 1421 4139 unser
1443 4075 1505 4152 ,dr-

152 4162 263 4223 ieetne“
288 4181 474 4224 numerorum
498 4183 617 4227 snorum
643 4184 678 4226 ex
702 4166 874 4242 corporibus
896 4163 1080 4239 regularibus
1102 4162 1320 4237 deductorum,
1343 4164 1505 4243 comparati

151 4251 303 4327 Ceperniei
328 4256 463 4324 numeris,
489 4270 614 4312 errorem
636 4259 721 4332 putet
742 4254 785 4312 lta
800 4251 994 4311 demonstrari
1009 4267 1111 4326 posse,
1135 4259 1168 4309 ut
1184 4268 1285 4326 neque
1302 4262 1403 4312 motus
1421 4264 1504 4329 req!

152 4340 237 4396 orbes
260 4338 424 4414 relinquere
449 4358 569 4399 neeesse
593 4342 639 4399 sit.
671 4340 769 4415 Quare
791 4346 908 4398 mutato
932 4337 1047 4398 calculo
1064 4336 1140 4396 alios
1156 4336 1356 4416 deprehendit
1373 4352 1503 4399 nm

151 4427 259 4498 quibus
286 4428 334 4503 „in
357 4431 476 4485 remotis
498 4447 516 4486 a
539 4428 630 4486 'l’erra
652 4428 778 4506 planetis
801 4425 840 4486 ad
865 4425 980 4486 medies
1009 4424 1166 4485 distantias
1199 4429 1339 4502 proxime
1361 4424 1503 4489 nerrdb·

153 4515 181 4568 in
207 4514 311 4571 ricinis
334 4512 443 4582 (Marte
467 4523 496 4573 et
520 4515 650 4587 Venere)
679 4516 804 4574 motoria
838 4513 979 4573 distentia
1006 4515 1144 4588 utrinqne
1174 4515 1308 4572 vicinior
1338 4524 1385 4575 est
1410 4514 1502 4573 rm

151 4615 240 4672 quam
269 4599 471 4677 Cepernicena
500 4601 629 4662 media“.
674 4603 708 4660 ln
736 4602 782 4662 ed.
806 4600 850 4660 11·
880 4608 981 4660 monet
1007 4599 1171 4676 Keplerus:
1210 4600 1429 4679 ,Supervacua
1452 4600 1502 4675 j·

151 4702 237 4760 porro
261 4694 305 4745 est
328 4687 401 4745 baec
423 4689 609 4764 conjectatio.
656 4690 734 4749 Vera
757 4691 834 4749 enim
856 4691 1043 4767 proportione
1067 4689 1205 4761 inventu,
1237 4691 1270 4745 in
1304 4708 1368 4767 qua
1390 4688 1502 4749 edre·

151 4770 238 4848 plane
261 4772 367 4843 nullus,
391 4774 460 4849 quid
484 4774 553 4834 mibi
577 4794 651 4856 opus
675 4787 719 4837 eet
741 4776 817 4836 fuleo
840 4776 980 4837 delectui
1008 4776 1069 4835 Neo
1083 4790 1210 4853 corporo
1231 4792 1288 4836 seu
1312 4774 1501 4856 ἧμαι*

151 4857 277 4918 forment
299 4860 455 4921 iuterrulle
482 4861 681 4941 planetarum,
713 4880 768 4929 noe
788 4871 923 4926 motuum
951 4862 1022 4925 telis
1043 4864 1073 4921 ln
1095 4862 1256 4928 individuo
1287 4874 1339 4929 est
1359 4862 1500 4946 perper&
