3308 5534
143 422 209 495 998
312 502 316 509 ,
659 423 723 483 Vita
738 418 855 479 inaneis
871 418 992 491 metat

145 604 312 669 didatorum
334 603 537 678 defenderem,
565 601 619 665 sed
647 604 739 663 etiam
765 605 934 662 accuratam
960 598 1198 677 disputationem
1226 600 1269 665 de
1299 610 1384 665 saun
1409 606 1492 682 prbe

145 693 226 773 quod
241 692 349 753 Terrae
371 691 524 752 volutione
538 688 662 762 accidat,
685 684 927 751 consutuemm.“
959 688 1113 764 Cogitasse
1135 706 1171 749 se
1192 692 1296 767 inquit
1317 691 1494 753 anetam

146 782 328 842 volutionem
357 797 392 839 ex
423 778 554 856 physicis
586 784 658 857 „ant
688 778 714 839 ai
739 777 849 849 meris,
871 775 1102 854 metaphystem‘
1133 774 1360 839 demonstrare.
1407 779 1495 839 lain

146 868 246 931 studia
269 866 305 928 de
328 866 484 927 Platonica
506 873 537 925 et
559 863 758 942 Pythagorica
780 860 967 941 philosophia
990 861 1087 923 Gratii
1113 880 1242 940 quoqne
1267 864 1427 942 diiigenter
1443 880 1496 927 a·

146 958 329 1027 continuata,
352 954 406 1012 ubi
427 952 465 1013 ds
487 968 606 1011 munere
628 950 666 1010 ad
690 949 859 1012 tractandas
873 967 944 1011 sues
958 953 1151 1026 quaestiones
1165 955 1246 1013 satis
1270 954 1496 1030 temperisssl'a-

144 1044 307 1120 quebetur;
331 1041 440 1116 quibus
462 1038 567 1099 studiis
589 1037 628 1097 ad
650 1037 679 1096 id
694 1038 841 1117 Keplems
856 1036 1001 1099 adductos
1016 1045 1071 1112 est,
1094 1046 1127 1097 nt
1150 1055 1214 1099 non
1237 1040 1337 1101 modo
1359 1040 1497 1119 almepa-

146 1132 289 1209 spiccret,
318 1135 500 1204 quantopere
533 1127 621 1185 etiarn
651 1125 744 1186 multo
772 1131 840 1203 posi
862 1124 1056 1203 Cuperuicum
1087 1124 1291 1207 philosophia
1323 1129 1497 1197 Aristffl

145 1233 223 1294 quau
246 1223 381 1290 regnaret
395 1214 469 1286 sola,
493 1212 667 1289 disciplinae
682 1212 851 1291 procedenti
866 1213 1021 1284 obstiterit,
1044 1212 1208 1275 sedetiam
1230 1216 1314 1275 satis
1337 1214 1498 1291 intelligeret

146 1304 340 1382 Copornicum
364 1301 525 1361 doctrinam
548 1316 632 1359 socru
647 1301 676 1357 in
691 1300 879 1378 Pythagorae
900 1316 1059 1376 eorumque
1074 1301 1126 1376 qui
1143 1301 1349 1379 Pythagorae
1369 1319 1499 1365 susan·

146 1394 206 1451 rint
227 1387 600 1468 pbilosophiat'undnviase
615 1393 645 1446 et
666 1389 855 1451 exstruxisse.
892 1386 943 1447 Sic
963 1388 1121 1463 imaginem
1136 1387 1306 1449 Prodrosni
1320 1388 1497 1463 (sota-att

146 1472 294 1555 additam)'
323 1476 478 1553 sphaeram
515 1472 586 1533 dicit
623 1473 819 1552 planetariam
850 1474 1316 1554 „copemieopytbsgorsesrn“.
1360 1476 1497 1553 Portam

147 1574 248 1627 eutem
272 1565 362 1622 variis
384 1561 480 1621 modis
504 1568 627 1621 conatus
650 1569 703 1634 cst,
726 1562 910 1640 planetarum
932 1562 1119 1622 incursibus
1141 1570 1176 1622 et
1191 1566 1333 1627 motibus
1354 1564 1497 1641 aequb-

146 1661 205 1717 tem
228 1649 377 1727 eumdum
401 1658 431 1711 et
453 1648 636 1708 harmoniam
658 1652 849 1723 constituere,
868 1651 923 1709 'ita
943 1647 1061 1725 quidem
1085 1658 1119 1708 ut
1141 1648 1225 1710 duos
1251 1651 1395 1728 planetas
1414 1668 1497 1719 usas

149 1756 245 1817 „qnos
268 1739 343 1797 inste
367 1737 405 1796 nb
428 1736 589 1799 exilitatem
612 1753 670 1798 non
693 1735 884 1810 videamus“,
906 1734 1030 1797 alterum
1051 1737 1128 1799 inter
1151 1736 1348 1799 Mercurium
1370 1748 1400 1801 et
1419 1736 1498 1799 voss

146 1845 218 1901 rem,
243 1828 318 1886 inter
339 1823 468 1884 Mentem
490 1831 521 1884 et
542 1821 652 1884 Jovem
675 1824 800 1883 alterum
821 1823 1024 1895 interpolaret,
1045 1825 1156 1885 iterum
1180 1822 1497 1903 Pythagoream-'a

147 1916 278 1975 animum
301 1913 366 1988 ejus
389 1913 480 1972 subiit
494 1909 644 1985 doctrina,
660 1928 736 1987 quas
752 1927 875 1989 corpora
888 1912 1018 1987 quinque
1032 1911 1185 1986 regularia
1208 1929 1282 1973 urm
1306 1916 1402 1991 tonus
1417 1910 1497 1973 ιιί

147 2008 293 2063 structura
316 2007 345 2059 et
368 1999 599 2059 conformatione
623 2005 817 2059 connecteret.
849 1995 1022 2072 ,cuniae
1039 1996 1168 2059 Procius
1192 2016 1232 2059 ea
1256 1999 1339 2060 dixit
1360 2000 1498 2077 eod-p

149 2096 268 2150 auctore
294 2086 446 2161 „Euclidis
475 2088 638 2162 geometria
664 2087 805 2147 universa
826 2084 1024 2163 Pythagorica
1053 2092 1102 2147 est
1128 2094 1162 2146 et
1185 2085 1309 2149 directa
1340 2091 1371 2151 iu
1392 2090 1498 2166 gabaat

148 2175 326 2253 regularium
349 2175 532 2234 schematum
555 2169 783 2250 cognitionem“.

254 2261 322 2336 Qua
344 2260 381 2321 ds
403 2278 458 2321 sua
480 2263 675 2337 cogitatione,
697 2261 772 2321 haec
792 2260 925 2335 quinque
946 2258 1097 2319 schemata
1120 2260 1282 2336 regularia
1304 2264 1402 2341 ipdns
1419 2256 1498 2323 nd

148 2348 340 2411 tondensnte
361 2357 392 2409 et
421 2348 605 2409 conditiones
633 2347 771 2426 ponendi,
802 2349 866 2426 lpse
892 2344 964 2409 dicit
990 2345 1078 2407 baeer
1113 2346 1170 2419 ,Si
1203 2350 1277 2426 quis
1301 2350 1498 2429 partempar-

150 2441 223 2499 ates
250 2439 378 2497 rationes
409 2437 472 2497 sine
500 2437 663 2497 rationibus
693 2444 723 2496 et
750 2433 815 2495 eolo
843 2436 905 2495 dau
933 2435 1067 2512 excipere
1096 2444 1194 2511 atque
1225 2436 1357 2499 eludere
1387 2437 1498 2505 adad,

149 2532 306 2605 propterea
320 2522 400 2600 quud
417 2541 512 2584 novus
527 2523 616 2582 homo
631 2523 687 2584 suh
701 2523 788 2583 finem
803 2520 979 2595 seculorum,
1001 2523 1171 2582 tacentibus
1196 2523 1412 2603 philosophiae
1431 2524 1498 2583 ius

149 2614 238 2673 nibus
262 2613 401 2688 antiquis,
426 2610 633 2689 philosophica
655 2613 714 2671 lete
736 2609 889 2686 proferam,
912 2608 957 2667 lili
979 2626 1034 2684 ego
1057 2607 1175 2681 ducem,
1201 2620 1363 2673 auctorem
1384 2622 1413 2673 et
1431 2628 1499 2690 pas·

151 2706 376 2762 monstraturum
406 2716 442 2758 ex
470 2700 676 2773 antiquissimo
705 2696 806 2757 seculo
832 2696 977 2774 proferam
999 2695 1221 2773 Pythagoram,
1255 2701 1348 2775 cnjus
1377 2698 1496 2759 ulus

152 2787 263 2850 sobolis
285 2787 406 2858 mentio,
430 2785 520 2863 quod,
543 2801 609 2844 cum
625 2786 834 2864 praestantiam
858 2785 969 2845 rideret
984 2787 1115 2860 quinque
1129 2800 1308 2861 corporum,
1333 2784 1498 2865 similiyina

149 2878 265 2939 ratione
288 2882 358 2934 ants
376 2875 421 2933 bis
438 2871 518 2932 mille
533 2890 637 2948 annos,
660 2889 720 2950 qua
742 2888 821 2933 nune
842 2888 908 2948 ego,
924 2871 1069 2931 Creatoris
1093 2888 1165 2931 cura
1191 2888 1256 2933 uon
1281 2874 1498 2949 indignantes·

151 2966 242 3025 euerit
265 2961 304 3021 ad
327 2960 378 3021 illa
400 2963 553 3037 respicere,
577 2970 666 3037 etque
689 2961 776 3020 rebus
798 2958 1011 3021 mathematicis
1033 2956 1158 3035 physice
1190 2970 1221 3019 ct
1247 2978 1288 3021 ex
1312 2978 1370 3021 sus
1390 2960 1498 3037 aad&

152 3052 333 3129 proprietate
355 3048 555 3108 accidentaria
578 3050 697 3109 censitis
719 3065 765 3107 res
787 3064 846 3107 nou
868 3046 1090 3107 mathematicas
1112 3048 1404 3109 accommodaverit.
1441 3046 1498 3107 ier·

152 3155 215 3198 ram
246 3138 323 3197 euim
346 3136 423 3195 cubo
447 3136 669 3213 aequiparavit,
700 3137 771 3210 quia
795 3134 913 3195 stabilis
940 3142 1075 3210 uterque,
1107 3132 1197 3194 coelo
1227 3136 1409 3197 icnsab'dros
1428 3132 1497 3197 dt&

153 3227 225 3302 quia
240 3232 395 3299 utrumque
412 3222 552 3295 volubile,
575 3225 635 3297 igni
652 3220 814 3300 pyramide,
837 3223 908 3298 quis
929 3221 1002 3281 haec
1017 3216 1146 3280 volantis
1171 3224 1304 3297 igniculi
1327 3224 1427 3293 tortas,
1444 3218 1498 3281 rei·

152 3330 214 3388 qua
237 3310 296 3370 duo
320 3327 443 3388 corpora
474 3310 549 3368 inter
571 3313 669 3370 alitem
692 3319 723 3369 et
744 3326 853 3384 aquam
879 3307 1043 3380 distribuit,
1071 3316 1196 3384 propter
1222 3311 1359 3371 similem
1387 3312 1497 3379 nubs·

153 3416 220 3460 cum
249 3398 354 3459 vicinis
383 3399 598 3472 cognationem.
643 3396 704 3459 Sed
731 3399 808 3457 eninr
833 3396 1010 3475 Copsmicna
1041 3392 1084 3453 illi
1115 3397 1183 3455 viro
1214 3397 1330 3471 deluit,
1360 3403 1409 3475 qni
1435 3398 1498 3475 μ’·

153 3485 225 3565 qnid
248 3494 327 3547 esset
349 3486 378 3544 in
401 3483 511 3543 mundo
534 3484 658 3559 diceret3
688 3484 802 3561 absque
823 3501 859 3546 eo
881 3500 939 3545 non
961 3483 1077 3554 luisset,
1109 3480 1239 3547 dubium
1273 3503 1337 3547 non
1359 3496 1420 3559 est,
1442 3484 1497 3559 β

154 3590 246 3650 quare
270 3579 347 3633 esset
370 3574 544 3643 invenisset,
576 3582 665 3647 atque
696 3572 770 3633 baec
796 3572 943 3633 coelorum
971 3570 1122 3649 proportio
1152 3578 1218 3631 tam
1243 3584 1322 3633 unta
1343 3590 1417 3635 nuso
1436 3580 1497 3633 Ι

151 3679 242 3740 qnam
264 3662 331 3738 ipss
353 3663 483 3738 quinque
507 3676 646 3735 corpora,
674 3667 735 3721 tam
764 3661 834 3720 item
856 3667 973 3736 recepta
1003 3674 1093 3734 quem
1116 3656 1178 3719 hoc
1200 3667 1375 3740 temporum
1395 3660 1495 3721 dem

152 3748 281 3810 invaluit
303 3747 356 3807 illa
378 3748 414 3807 de
438 3745 516 3806 Solis
539 3754 622 3806 motu
646 3744 740 3824 deque
762 3748 862 3822 quiete
883 3745 1010 3807 'l'ellnris
1032 3746 1168 3821 opinio.“

255 3835 364 3896 Rerum
381 3843 479 3895 nutem
495 3851 610 3893 summa
627 3841 699 3906 erat,
720 3834 794 3895 haee
809 3836 939 3909 quinque
953 3849 1074 3910 corpora
1096 3834 1141 3891 sic
1165 3834 1246 3894 inter
1262 3834 1400 3911 planetas
1416 3832 1495 3891 m

151 3923 212 3996 bui,
237 3931 270 3981 nt
300 3940 400 3982 eorum
428 3921 625 3982 dimensiones
655 3938 720 3981 cnm
748 3921 932 3998 planetarum
961 3919 1109 3979 distantiis
1130 3931 1349 3997 congruerent
1387 3922 1493 3995 lesa·

150 4017 197 4070 est
219 4008 341 4086 Kepleri
369 4026 471 4069 omnes
501 4010 556 4070 hae
583 4010 778 4084 cogitationes
808 4007 1025 4085 memphyticae
1055 4010 1213 4084 persequi,
1249 4026 1380 4085 quamn
1400 4002 1493 4085 apsel

150 4095 228 4157 hsnc
250 4095 485 4155 distributionem
510 4098 651 4174 pervenit.
696 4096 791 4156 Nobis
812 4103 858 4155 sst
880 4103 927 4154 cst
948 4097 1045 4172 ipsum
1071 4092 1210 4157 libellum
1243 4096 1386 4157 attulisse
1408 4108 1437 4155 st
1452 4093 1493 4153 ist

150 4181 267 4257 addere,
290 4184 451 4260 Keplerum
474 4200 596 4260 corpora
618 4186 661 4243 sic
681 4182 874 4255 distribuisse,
897 4190 931 4241 ut
953 4180 1028 4242 radii
1042 4181 1203 4256 globorum
1225 4193 1260 4243 et
1282 4187 1316 4243 in
1339 4187 1376 4243 iis
1389 4183 1493 4257 dan}

150 4276 247 4330 torum
269 4278 299 4330 et
321 4273 400 4329 circa
422 4287 458 4329 ea
480 4271 762 4350 circumscriptorum
785 4287 851 4331 cum
873 4269 1065 4347 planetarum,
1088 4273 1207 4346 corpori
1229 4274 1348 4349 wione
1362 4272 1493 4331 stum

149 4372 224 4429 rum,
247 4359 384 4416 maximis
407 4364 436 4417 et
459 4359 585 4417 minimis
607 4357 766 4430 distantiis,
789 4356 894 4433 quales
908 4356 1088 4434 (lopernicus
1111 4365 1275 4434 statuerat,
1299 4352 1492 4437 enodanda

149 4450 351 4518 congruerent.
398 4444 584 4505 Differentiae
613 4454 729 4517 autem,
760 4462 837 4520 qnae
865 4446 940 4505 inter
962 4444 1183 4521 Gopemieanos
1214 4456 1247 4505 et
1280 4465 1356 4509 snos
1383 4456 1490 4507 aua·

150 4529 378 4602 intercederent,
402 4531 440 4589 ud
464 4532 544 4592 illius
566 4535 594 4590 in
618 4531 821 4593 ratiocinando
844 4531 1057 4607 indiligentiam
1079 4537 1110 4590 ei
1131 4533 1387 4595 obtensum·
1407 4536 1490 4607 ψ·

149 4615 304 4678 lectionem
328 4617 453 4680 reduxit.
493 4620 666 4698 „Copemici
690 4624 834 4681 intentum
856 4621 887 4679 ln
911 4620 1091 4679 sauonomia
1115 4632 1267 4693 versatur,
1291 4622 1488 4685 Meua·

150 4704 283 4763 nonnihil
311 4708 341 4763 in
366 4722 464 4765 seram
488 4708 602 4767 orbium
624 4711 843 4786 proportionem
873 4715 976 4786 peccet
1005 4723 1109 4785 parurn
1131 4707 1193 4784 ipsi
1223 4726 1320 4771 escrae
1341 4722 1397 4779 est.
1421 4702 1487 4767 aab

150 4806 286 4851 numeros
309 4808 346 4851 ex
369 4793 627 4855 obseruationibus
649 4813 702 4857 eos
722 4797 899 4869 comtituai,
925 4797 978 4872 oui
998 4797 1061 4855 siut
1082 4792 1122 4857 ad
1145 4793 1397 4861 demonstrandas
1412 4804 1486 4855 nt·

149 4873 392 4959 ΡΝΜΜΜ
413 4878 481 4949 loos
495 4882 703 4967 manubria,
724 4892 869 4965 comtum
890 4881 957 4949 fleri
975 4883 1085 4965 potnit,
1106 4884 1240 4951 nasius
1263 4886 1360 4969 apti·
