3308 5534
137 370 202 439 378
614 367 750 429 iudicium
768 368 865 424 matris
882 366 1002 438 llopleri

137 552 190 611 tris
211 566 296 609 meac
318 552 545 627 septuagenaria
567 556 717 610 necterent
739 565 816 625 aque
840 549 919 607 vitiis
943 546 1104 623 nonnullis,
1135 546 1243 625 quibus
1264 546 1384 609 laborat
1404 558 1499 609 mater

137 656 213 712 mea,
237 646 271 695 ιιι
292 646 361 695 sum
383 639 547 713 nugacitas,
571 640 734 711 curiositas,
758 638 802 695 ira
824 634 991 711 vehemens,
1015 638 1255 713 imprecationes,
1278 638 1447 714 pertinacia
1467 640 1496 695 iu

138 724 434 803 expostulationibus,
458 742 536 801 quae
560 726 633 782 vitia
657 726 686 781 in
709 724 765 783 hac
787 730 884 783 aetate
908 732 977 783 sunt
999 742 1035 783 eo
1058 724 1115 783 loci
1138 722 1353 799 vulgatissima.
1393 724 1498 801 ltaque

138 815 240 873 matris
263 830 347 871 meae
369 828 506 871 occursus
530 814 628 886 eoepit
650 811 751 870 haberi
767 812 978 887 inauspicatos,
1003 813 1089 888 cique
1104 813 1242 887 imputari
1258 812 1428 871 rumoribus
1451 814 1496 869 in-

138 903 225 961 certis
247 898 373 975 pecudes
397 898 517 975 aliquae
540 902 706 960 morientes.
751 896 848 957 Mater
869 900 977 955 irarum
1004 906 1033 957 ct
1056 900 1161 957 luroris
1190 898 1279 975 plena
1308 916 1371 977 quo
1401 902 1495 977 magis

140 986 338 1065 expostulavit
367 1004 433 1045 curu
463 988 544 1045 lacco
574 986 692 1061 poprrli,
723 985 780 1045 hoc
803 986 898 1061 magis
921 986 1029 1045 lamam
1052 992 1082 1045 ct
1104 988 1288 1061 suspiciones
1315 988 1409 1045 auxit.
1457 988 1495 1045 ht

139 1075 308 1153 phrenetica
331 1072 502 1132 confirmata
524 1074 698 1147 rumoribus,
721 1090 796 1149 quos
818 1074 883 1148 ipsa
897 1076 992 1149 prima
1006 1077 1211 1145 seminaverat,
1234 1074 1495 1146 succrescentibus,

141 1162 259 1223 tandem
282 1161 411 1235 graviter
434 1160 613 1219 decumbens
635 1164 777 1221 accersito
800 1158 1000 1219 ecclesiastico
1023 1160 1053 1222 S.
1077 1160 1107 1221 S.
1125 1161 1328 1221 Eucharistiae
1351 1162 1494 1221 sumtionc

143 1250 326 1310 cortfirmarit
348 1265 417 1306 suris
441 1248 476 1305 de
500 1258 592 1305 matre
616 1266 682 1307 mea
706 1246 853 1322 querelas,
883 1250 1001 1323 saepius
1024 1270 1042 1307 a
1065 1260 1156 1307 nistre
1179 1266 1245 1307 mea
1267 1266 1320 1325 per
1345 1250 1494 1307 internun-

141 1340 204 1397 cios
227 1335 379 1394 admonita
401 1342 514 1394 tantum
538 1338 622 1395 abest
652 1346 684 1393 ιιι
713 1336 881 1405 desisteret,
914 1344 946 1393 nt
967 1338 1067 1411 potius
1093 1342 1141 1395 14.
1166 1336 1293 1411 Augusti
1316 1338 1387 1393 anni
1415 1342 1492 1396 tuti

141 1424 321 1504 praelectum
344 1421 455 1493 adiret,
479 1423 684 1481 assistentibus
707 1425 734 1481 ei
758 1425 862 1479 marito
886 1428 914 1479 et
937 1424 1023 1481 fratre
1048 1424 1192 1497 chirurgo,
1215 1425 1281 1482 ciue
1304 1422 1493 1500 Tubingettsi,

138 1514 288 1591 juniorum
311 1510 478 1585 Principum
503 1521 637 1583 tottsore,
662 1512 711 1584 qui
735 1526 770 1567 co
795 1507 841 1567 dic
865 1509 937 1569 iorte
961 1527 1026 1567 cum
1051 1510 1218 1587 Principum
1241 1528 1300 1569 uno
1325 1510 1492 1587 lacobergae

141 1606 212 1660 erat.
259 1598 374 1655 Vocnta
397 1608 490 1655 ritrrter
511 1616 587 1665 mea,
610 1596 728 1654 rtrrelitae
752 1596 903 1671 querelae,
933 1605 1027 1655 nsoter
1048 1614 1080 1655 se
1103 1596 1276 1671 deiendere,
1304 1614 1372 1657 cum
1396 1608 1491 1659 tonsor

120 1688 211 1745 diris
234 1685 506 1760 imprecationibus,
531 1686 617 1743 minis
640 1684 887 1741 atrocissimorum
910 1702 1070 1760 poermrum
1093 1684 1171 1743 laeta
1194 1688 1310 1745 miscuit
1334 1696 1364 1745 ct
1387 1684 1490 1746 nudato

143 1774 279 1851 superius
302 1771 401 1847 gladie
423 1782 526 1847 pcctns
549 1773 650 1829 metiris
672 1788 755 1829 niceae
778 1774 924 1847 stringens
948 1770 1105 1831 identidem
1130 1770 1251 1831 devovit
1274 1790 1307 1833 se
1331 1772 1418 1847 diris,
1440 1776 1489 1831 nisi

144 1870 239 1921 muter
261 1876 390 1918 sororem
414 1876 498 1916 suam
522 1861 665 1929 restituat,
688 1876 742 1918 sua
766 1875 855 1915 manu
878 1876 1021 1917 casuram.
1059 1858 1151 1917 Jussu
1174 1859 1313 1935 praciccti
1338 1869 1407 1936 post
1429 1858 1488 1919 lon-

142 1966 212 2025 gam
236 1948 453 2007 connivcntiam
476 1948 539 2005 risa
562 1948 699 2005 cessarit.
743 1946 809 2004 Non
832 1954 895 2005 erut
917 1948 1061 2019 integrum
1090 1948 1175 2005 matri
1206 1946 1316 2005 iactum
1340 1945 1398 2005 hoe
1419 1948 1489 2005 inal-

142 2046 205 2097 tum
227 2036 432 2106 transmittere,
456 2052 492 2091 ne
515 2033 566 2092 alii
589 2032 647 2093 hoc
668 2032 834 2108 exemplum
856 2035 949 2092 secuti
973 2032 1155 2093 cumularent
1178 2033 1247 2093 olim
1272 2032 1382 2093 indicia
1404 2034 1489 2093 ursle·

144 2124 221 2199 ficii3
243 2124 359 2181 actione
375 2123 517 2191 instituta,
540 2122 746 2180 assistentibus
768 2120 854 2178 l'rntrc
870 2128 900 2179 et
914 2138 1014 2179 sorore
1028 2123 1112 2193 meis,
1134 2121 1235 2181 liberis
1252 2124 1356 2198 ipsius,
1372 2121 1489 2199 phrene-

143 2214 233 2271 ticam
256 2227 293 2268 eo
316 2208 442 2284 redegit,
477 2218 508 2265 nt
532 2216 684 2283 cogeretur
712 2207 902 2283 respondere,
933 2210 1068 2283 qrramris
1100 2208 1261 2267 diutissime
1292 2212 1488 2283 tergiversata.

143 2296 224 2375 quod
247 2297 310 2372 ejus
332 2298 437 2354 marito
458 2313 566 2371 inagna
588 2312 656 2371 pars
674 2294 808 2370 judicum
838 2304 920 2353 arcta
948 2296 1163 2355 necessitudine
1194 2294 1380 2369 cohaereret,
1411 2314 1488 2373 prar-

144 2390 238 2445 i'ectus
260 2384 325 2459 ejus
348 2384 429 2441 hatti
452 2382 587 2457 chirurgo
611 2384 824 2458 impensissime
848 2384 975 2455 faveret,
1006 2385 1131 2457 gratiam
1154 2384 1227 2443 loric
1249 2382 1420 2459 Principum
1443 2384 1489 2443 hac

142 2475 194 2531 via
215 2488 376 2547 aucupans.
424 2472 526 2545 ltaque
550 2486 608 2529 rien
632 2477 700 2528 anie
724 2478 859 2528 exactum
882 2487 991 2528 annum
1022 2472 1176 2546 impetrare
1199 2473 1295 2545 potuit
1317 2480 1413 2531 mater
1433 2488 1488 2531 mer

144 2562 221 2619 diem
244 2558 425 2635 producendi
449 2561 510 2616 suis
536 2558 668 2627 testibus,
692 2574 815 2632 quorum
831 2559 1006 2633 praecipuus
1028 2567 1091 2617 erat
1106 2558 1272 2634 praelectus
1296 2560 1360 2635 ipse
1375 2560 1486 2617 iuturru.

147 2649 219 2705 liics
241 2646 322 2705 dicta
344 2652 396 2705 ul.
414 2644 558 2716 Octobris,
583 2652 675 2703 tsater
698 2654 787 2703 testes
811 2646 974 2703 nominauit
994 2651 1042 2703 13.
1059 2644 1204 2717 Octobris,
1228 2646 1393 2721 injunctum
1415 2646 1488 2705 testi·

146 2737 202 2795 bus
225 2750 277 2810 per
299 2734 462 2791 ministrum
477 2732 628 2807 publicum
646 2738 695 2791 tt.
714 2730 859 2804 Octobris,
883 2742 916 2789 ιιι
930 2740 998 2808 post
1012 2732 1161 2791 octiduum
1176 2744 1388 2809 comparerent.
1426 2736 1487 2791 t'on

146 2841 215 2883 ecce
238 2820 379 2897 postridie
398 2826 446 2879 15.
463 2816 600 2879 Octobris
622 2826 716 2879 mater
737 2822 767 2877 in
790 2822 918 2879 ricinum
934 2837 1044 2895 pagum
1060 2836 1213 2879 excurrens
1229 2820 1331 2879 incidit
1348 2824 1377 2879 in
1397 2823 1488 2881 seriem

146 2908 310 2987 puellarum
333 2906 527 2983 bajulantium
550 2907 665 2981 tegulas
688 2906 792 2965 crudas
816 2906 853 2965 ad
876 2915 1038 2977 cocturam,
1058 2907 1146 2981 justa
1168 2924 1243 2983 quas
1266 2907 1356 2967 ductu
1378 2912 1488 2967 senticae

148 3000 191 3057 sic
214 2998 342 3067 transiit,
375 3008 407 3053 nt
431 2994 497 3053 illas
521 2996 703 3055 uestimentis
725 2996 897 3069 stringeret3
929 2994 1166 3053 animadvertens
1188 3001 1287 3054 autem
1311 2996 1379 3055 illas
1402 2998 1488 3071 lugere

146 3094 176 3142 ot
197 3086 327 3141 avorsari
349 3100 435 3141 strum
458 3100 626 3153 occursum,
646 3083 709 3157 jam
731 3092 949 3157 praetergressa
970 3084 1100 3158 respexit
1123 3082 1249 3158 illasque
1272 3084 1403 3141 uicissim
1427 3080 1488 3139 cidit

148 3172 348 3247 respicientes.
395 3170 465 3228 licat
488 3172 562 3227 inter
583 3170 699 3245 puellas
722 3186 780 3227 una
803 3171 943 3241 octennis,
967 3171 1052 3245 cnjm
1076 3178 1168 3228 muter
1184 3170 1285 3241 liurga
1306 3174 1411 3247 paucis
1432 3178 1488 3229 aute

146 3258 318 3335 septimanis
347 3265 467 3315 rrraircnt
498 3274 593 3313 ntearn
616 3256 717 3315 itidem
740 3255 907 3314 insimulare
938 3259 1034 3333 coepit
1062 3256 1198 3317 maleficii
1228 3258 1289 3316 titio
1318 3274 1390 3327 suo,
1420 3258 1487 3315 tratri

146 3346 235 3421 hujus
259 3344 390 3420 puellae,
420 3344 512 3415 illati,
545 3360 609 3401 cnm
633 3354 742 3403 certum
766 3346 813 3410 sit,
838 3360 958 3419 puerum
982 3346 1020 3403 ab
1043 3346 1162 3405 ineunte
1188 3353 1287 3405 aelate
1310 3346 1401 3403 luisse
1423 3342 1488 3403 malo

148 3436 278 3509 corporis
301 3432 416 3491 habitu:
440 3430 492 3489 sed
516 3448 581 3489 cnm
606 3432 704 3505 lhtrga
726 3434 948 3507 superstitiones
972 3442 1105 3491 crescent
1130 3436 1237 3491 uetitas
1261 3430 1489 3509 iratremqneth·

148 3522 312 3579 vinctorem
335 3532 364 3577 et
387 3520 586 3578 curationibus
610 3522 707 3577 vetitis
731 3520 867 3577 infamem
891 3516 1007 3589 habeat,
1031 3519 1096 3594 ejus
1119 3519 1273 3578 consilium
1289 3528 1392 3579 secuta
1416 3520 1489 3577 insti·

149 3610 205 3665 tuit
227 3606 319 3665 tilium
343 3624 428 3663 stnnn
451 3616 495 3665 ter
518 3605 619 3663 laturre
641 3606 763 3665 scrrlusis
788 3608 959 3681 importunis
983 3606 1090 3679 linguis
1106 3606 1281 3681 theuhtldttlttr
1304 3606 1416 3675 hebrai,
1437 3622 1493 3665 caut

151 3696 262 3753 lauanti
286 3696 457 3770 supervenit
480 3702 573 3751 ntater
594 3710 668 3764 raca,
692 3694 823 3753 debitum
847 3692 995 3767 quoddam
1017 3710 1102 3751 suum
1126 3712 1293 3771 reposeens.
1328 3694 1394 3755 Hac
1417 3696 1492 3765 igitur

151 3784 305 3842 occasione
329 3789 410 3839 oriae
434 3788 515 3840 erant
535 3780 597 3855 jam
620 3792 708 3840 antea
739 3782 906 3839 inimicitiae
937 3782 1012 3839 inter
1041 3790 1164 3839 matrem
1192 3799 1287 3841 rnemn
1311 3793 1341 3839 et
1366 3782 1494 3855 liutgart.

149 3872 219 3945 quia
243 3871 421 3929 comminata
443 3876 505 3927 crat
528 3876 620 3927 tnater
636 3886 709 3939 rnen,
733 3886 765 3928 sc
782 3870 909 3943 llurgam
925 3876 1137 3927 accusaturum.
1170 3868 1267 3943 llnjns
1284 3870 1373 3943 igitur
1389 3870 1495 3944 Brtrgsr

150 3958 250 4025 filiola,
274 3960 471 4017 matrissuae
495 3958 745 4014 criminationibus
769 3955 948 4031 qrrotidianis
967 3956 1029 4029 jam
1052 3966 1140 4016 antea
1157 3958 1286 4013 animum
1302 3972 1496 4033 praeoccupa·

150 4054 211 4103 turn
234 4052 264 4102 et
287 4044 322 4103 de
345 4058 437 4103 matre
461 4060 526 4101 rnen
549 4041 624 4101 nralc
647 4046 819 4101 sentientem
842 4060 962 4119 gerens,
985 4046 1081 4119 coepit
1105 4061 1170 4102 cum
1187 4046 1276 4102 sociis
1299 4044 1407 4120 puellis
1423 4044 1496 4119 loqui

151 4130 187 4191 de
210 4134 333 4190 transitu
356 4134 457 4191 matris
480 4148 563 4189 meae
585 4140 829 4205 praetergressum
851 4133 894 4187 sic
917 4138 949 4187 ιιι
972 4130 1142 4203 tegularias,
1166 4130 1245 4209 apud
1268 4148 1355 4207 qrrem
1373 4130 1496 4208 depost·

152 4220 258 4276 leantur
281 4236 378 4290 oneret,
404 4218 650 4278 confabulationis
673 4228 703 4275 et
725 4220 865 4277 materiae
888 4216 976 4293 hujus
999 4220 1172 4278 meminerit.
1218 4218 1324 4279 Puella
1347 4236 1383 4277 ex
1409 4236 1445 4277 eo
1466 4216 1498 4275 de

152 4304 252 4364 dolore
276 4307 387 4365 brachii
411 4307 493 4381 queri
519 4322 566 4377 „ra
588 4306 657 4379 Ιιιιιῇ
672 4306 734 4373 *ime
756 4306 812 4379 euti
834 4308 887 4363 snb
911 4304 945 4363 ob
968 4310 1018 4363 teir
1040 4310 1081 4363 rin
1104 4305 1254 4379 enecuere.
1291 4304 1400 4365 Statim
1416 4304 1499 4364 biduo

151 4396 301 4469 sequenti,
325 4402 484 4469 antequam
507 4396 643 4453 existeret
666 4394 786 4469 qtterela
809 4392 954 4459 dilucida,
979 4394 1035 4451 risi
1058 4403 1125 4451 sunt
1149 4410 1313 4453 commeato
1338 4392 1454 4466 llurgss
1474 4403 1501 4449 rt

151 4480 336 4559 phreneticac
359 4484 490 4553 maritus,
515 4482 613 4555 linrga
636 4484 712 4539 enim
736 4480 924 4555 phrenetieae
946 4480 1086 4539 clientula
1107 4490 1165 4551 est,
1190 4484 1300 4556 quippe
1324 4480 1439 4539 familis
1460 4482 1501 4537 iu·

153 4586 207 4645 ops
231 4578 261 4628 ct
283 4567 319 4627 de
342 4568 461 4645 publica
484 4571 588 4627 viretis
611 4568 815 4645 eleemosyna,
839 4568 927 4627 lertur
950 4570 1037 4627 ctiam
1062 4586 1165 4627 mensa
1187 4584 1253 4627 esse
1273 4577 1363 4644 caput
1381 4568 1503 4643 phrene-

154 4662 229 4715 ticae
253 4656 349 4713 serhis
371 4656 541 4714 solennibus
564 4659 761 4731 pronunciatis
785 4656 855 4723 (hoc
878 4657 955 4715 enim
978 4666 1021 4715 est
1044 4655 1119 4714 alias
1149 4656 1214 4729 ejus
1237 4656 1426 4714 exercitiuml
1455 4671 1505 4713 ex·

148 4764 205 4821 qne
229 4761 369 4803 cunnum
393 4762 426 4801 ra
448 4752 653 4819 argumentum
676 4744 853 4803 desnmsisse
885 4743 976 4801 morbi
1008 4744 1185 4803 ntaleiiciati.
1225 4742 1329 4801 tidluit
1353 4744 1432 4801 intra
1453 4742 1505 4800 hoc

155 4832 231 4893 idem
253 4830 381 4893 triduum
403 4834 493 4893 etiem
515 4830 677 4909 chlmrgus,
700 4833 789 4891 irater
811 4830 1015 4907 plrreuetioac,
1040 4848 1113 4891 usus
1135 4846 1221 4907 equo.
1269 4830 1348 4907 Ergo
1375 4838 1426 4891 ti.
1451 4828 1508 4889 Oe·
