3308 5534
626 353 649 410 1·
666 352 870 411 Muttito
1360 354 1425 427 175

55 533 172 594 lineam
201 531 460 607 descenderemus,
483 533 688 610 cognoscendo
716 534 851 610 subjecto
880 539 910 594 et
932 533 1064 611 angulis,
1098 532 1324 594 demonstrando
1354 551 1425 595 vero

57 620 289 681 ascenderemus
308 619 441 697 nihilque
463 621 604 680 sciremus
619 619 656 681 de
670 622 824 699 sphaerico
847 622 902 679 nisi
926 638 962 679 ex
977 631 1074 698 recto;
1097 621 1150 681 sed
1173 629 1233 679 tum
1257 619 1329 697 quid
1351 638 1426 701 opus

57 716 137 770 esset
161 709 333 784 cognitione
354 707 528 785 angulorum
550 707 713 785 trianguli?
747 710 825 786 Ergo
840 709 867 767 si
881 706 1005 768 eandem
1027 711 1163 786 utrinqne
1186 707 1356 768 methodum
1379 711 1425 766 in-

58 798 250 857 stitueremus
270 803 361 872 atque
385 797 473 855 etiam
496 794 662 856 definiendo
683 796 908 857 ascenderemus
931 795 967 855 ad
993 793 1202 874 sphaericum?
1239 796 1280 855 At
1301 798 1345 857 sic
1367 813 1426 856 non

58 892 135 945 erret
167 885 286 945 initium
308 900 329 943 s
348 881 511 962 sphaerico.
557 882 644 958 Esto,
663 901 736 944 -non
757 885 797 945 sit
818 884 1009 961 cognitionis,
1041 882 1199 943 dummodo
1223 891 1361 958 naturae,
1392 890 1426 944 ut

59 973 149 1032 etiam
172 973 204 1030 in
228 970 306 1031 aliis.

164 1058 203 1119 ln
226 1057 349 1134 longam
371 1057 594 1136 procederemus
610 1064 712 1119 contra
728 1066 872 1131 naturam,
895 1057 925 1116 in
940 1057 1033 1118 latum
1049 1057 1208 1118 secundnm
1225 1075 1299 1118 eam.
1336 1059 1425 1121 Forte

60 1155 86 1206 et
107 1149 139 1205 in
164 1145 362 1207 delinitionali
384 1148 476 1206 mixta
497 1145 675 1206 methodus?
712 1145 787 1205 Nam
811 1147 861 1205 ubi
885 1145 992 1205 desinit
1019 1145 1196 1218 materialis,
1219 1148 1423 1222 inciperemus.

60 1232 145 1308 Quod
169 1235 229 1293 sihi
253 1236 309 1311 ipsi
332 1235 480 1307 terminos,
504 1235 661 1310 optimum,
689 1243 758 1309 poet
789 1232 867 1310 quod
895 1231 1077 1310 superficiem
1104 1233 1197 1293 habet
1224 1250 1277 1310 pro
1300 1237 1423 1295 termino

60 1321 247 1381 uniformem.
287 1320 353 1380 Nou
369 1320 420 1381 diu
435 1321 604 1397 procederet
618 1322 693 1382 haec
706 1323 790 1381 ratio.
820 1321 933 1380 Forsan
956 1321 1044 1397 igitur
1068 1318 1264 1398 incipiendum
1282 1338 1300 1380 a
1315 1321 1425 1399 sphae-

60 1409 127 1480 rico,
152 1406 335 1470 veniendum
357 1406 537 1481 adlimam,
559 1407 751 1487 superficiem,
776 1407 919 1484 corpora?
957 1407 1119 1467 Videamus
1142 1407 1320 1484 exemplum,
1344 1411 1425 1484 prins

62 1497 88 1553 in
111 1494 228 1555 latum:
253 1512 368 1572 aequae
390 1495 478 1555 bases
499 1504 529 1555 et
551 1494 723 1556 altitudines
744 1496 855 1555 iaciunt
877 1512 988 1571 aequa,
1012 1497 1088 1555 inest
1110 1497 1236 1571 primum
1265 1513 1425 1572 eorumque

59 1582 160 1659 planis
184 1584 263 1643 cubo
294 1592 323 1643 et
347 1582 485 1655 rhombo,
517 1593 584 1661 post
606 1583 740 1660 longiori,
765 1597 825 1642 turn
848 1582 1022 1656 rhomboidi,
1047 1582 1256 1659 quadrangulis
1279 1592 1309 1643 et
1330 1587 1425 1643 trian-

58 1670 117 1747 guli
141 1670 292 1749 partibus.
330 1670 419 1730 ltasi
441 1671 525 1744 cubo,
549 1688 619 1747 ergo
635 1680 664 1732 et
678 1670 833 1749 pyramidi,
857 1672 932 1747 parti
956 1671 1032 1745 cubi,
1056 1671 1139 1746 cujus
1163 1688 1228 1730 cum
1252 1671 1328 1730 cubo
1342 1675 1423 1748 prius

58 1760 217 1835 proportio
239 1757 454 1834 investiganda
500 1757 551 1819 Sic
576 1775 691 1837 semper
722 1757 757 1818 de
780 1767 875 1832 recto,
908 1776 948 1819 rc.
971 1776 1108 1819 mensura
1134 1760 1273 1835 primum,
1304 1758 1424 1819 atinde

60 1844 217 1921 derivatis,
241 1853 310 1923 post
333 1845 370 1905 de
393 1846 457 1922 ejus
478 1838 570 1922 parte,
594 1845 722 1922 danique
744 1845 781 1906 de
804 1847 974 1922 compositis
997 1864 1032 1906 er
1047 1847 1190 1922 partibus.
1224 1841 1350 1924 (Valeat
1365 1846 1423 1906 ali·

58 1933 132 2010 qnid
155 1935 387 1994 communicatio
409 1935 596 1995 scientiarum
619 1943 650 1995 et
673 1933 962 2009 demonstrationum,
984 1952 1040 1995 nec
1056 1935 1155 1994 omnia
1177 1936 1206 1992 in
1229 1950 1319 1993 unum
1334 1933 1424 1994 cbaos

58 2037 125 2081 cnm
148 2020 290 2082 Cardano
311 2015 500 2102 reserantur.)

167 2106 342 2171 Geometria
365 2107 481 2169 ridetur
502 2105 633 2185 profiteri
656 2108 913 2184 investigationem
936 2110 1132 2186 proportionis
1161 2108 1290 2168 omnium
1313 2124 1424 2182 eorum,

60 2213 137 2273 quae
168 2194 257 2257 aliter
287 2213 434 2256 essenon
460 2203 593 2273 possunt.
639 2192 730 2256 Utin
754 2198 833 2254 omui
862 2195 1008 2273 triangulo
1037 2197 1130 2255 tribus
1157 2197 1278 2273 positis,
1311 2195 1425 2271 reliqua

59 2300 186 2345 maesse
207 2292 255 2344 est
276 2300 352 2345 esse.
398 2282 494 2361 Saepe
524 2281 660 2342 ridemus
687 2281 772 2342 aliter
799 2282 910 2358 aliquid
934 2300 1079 2344 essenon
1107 2299 1212 2360 posse,
1242 2282 1296 2342 sed
1325 2291 1424 2343 mmen

60 2374 213 2431 nescimus
233 2371 313 2431 riam
336 2388 373 2431 eo
392 2369 590 2448 perveniendi.
628 2368 800 2445 subjectum
822 2372 911 2446 igitur
932 2372 1111 2447 geometriae
1135 2379 1181 2431 est
1203 2373 1297 2431 omnis
1318 2370 1422 2447 ligura,

63 2462 106 2518 sie
130 2458 291 2536 descripte,
314 2467 349 2519 ut
369 2457 526 2535 singularis
548 2464 662 2518 tantum
683 2459 731 2521 sit.
771 2455 895 2533 Quoties
918 2461 995 2518 enim
1017 2461 1060 2518 ita
1074 2459 1255 2534 describitur,
1279 2466 1313 2517 ut
1326 2459 1424 2534 plures

65 2563 129 2608 erse
151 2547 279 2625 possint,
301 2546 360 2606 sub
381 2547 562 2607 mensionem
582 2561 642 2604 non
665 2543 752 2605 cadit

760 2631 806 2692 De
828 2631 984 2695 materiali.

759 2720 806 2780 De
828 2720 943 2781 formali
965 2721 995 2779 in
1018 2728 1123 2797 quarta
1144 2721 1244 2799 specie
1262 2719 1424 2798 qualitatis.

509 2674 717 2755 Metaphysica
734 2634 743 2795 Ξ

167 2720 216 2781 Dc
239 2718 455 2798 quantitatibus

512 2805 708 2881 Geometriea,
730 2810 854 2868 scientia
874 2810 1104 2886 proportionum.

170 2893 326 2956 Hactenus
349 2892 439 2972 plana
460 2896 622 2970 rectilinea,
646 2895 813 2956 differantur
835 2899 927 2957 mixta
949 2896 1088 2957 aliorsum
1110 2902 1141 2956 et
1155 2897 1291 2956 veniatur
1312 2895 1351 2956 ad
1374 2913 1425 2956 au·

63 2981 123 3043 lida
145 2989 238 3046 recta
281 2981 385 3041 Plania
415 2984 505 3059 igitur
533 2982 640 3044 'accidit
668 2983 848 3060 parallelitas
879 2984 1034 3061 perfectior
1057 2992 1087 3046 et
1108 3001 1266 3044 concursus
1298 2983 1424 3061 plurium

64 3087 151 3146 quarn
177 3070 302 3130 duorum
326 3069 489 3148 planorum.
537 3069 697 3132 Generatio
720 3071 752 3130 tit
775 3071 917 3148 parallelo
941 3072 1045 3145 ductu,
1074 3080 1213 3148 generata
1237 3071 1308 3131 tiunt
1331 3090 1425 3147 quae-

64 3157 140 3233 dam,
168 3157 316 3234 quaedam
338 3165 429 3231 secta,
452 3160 599 3234 quaedam
621 3161 793 3237 composita.
829 3158 1041 3219 Generatorum
1064 3160 1138 3218 fiunt
1160 3159 1293 3235 singulae
1310 3160 1424 3219 basium

63 3244 159 3306 meae
183 3244 397 3322 quadrangula
446 3245 670 3319 Persectiesima,
697 3265 773 3322 quse
796 3255 875 3307 recto
898 3248 1007 3325 angulo
1031 3256 1061 3307 et
1083 3266 1159 3323 quae
1183 3247 1326 3323 quadrata
1350 3248 1424 3322 basi,

62 3342 128 3410 pest
152 3350 234 3409 quae
260 3331 464 3409 quadrangula
487 3335 624 3411 oblonga,
649 3333 717 3393 inde
738 3336 900 3410 sequentia.

169 3420 299 3489 iniretur
319 3419 421 3496 aliqua
443 3422 510 3481 talis
532 3424 621 3480 ratio:
645 3420 741 3495 linea,
763 3440 815 3498 per
838 3440 926 3497 quam
941 3422 1056 3482 ducitur
1074 3421 1184 3494 altera,
1206 3424 1233 3480 si
1255 3423 1363 3480 insistit
1385 3420 1423 3480 ad

61 3515 167 3582 metes,
190 3508 267 3567 liunt
288 3509 473 3584 rectangola,
504 3527 628 3587 quorum
651 3506 783 3568 diametri
815 3509 969 3585 aequales3
997 3512 1021 3569 ai
1055 3508 1187 3585 aequalis
1215 3516 1259 3568 est
1285 3510 1422 3567 insistens

63 3594 182 3670 ductae,
204 3595 240 3655 lit
262 3594 452 3673 quadratum3
482 3599 526 3656 sin
548 3596 726 3674 inaequalis,
750 3596 783 3655 tit
805 3596 973 3673 oblongum.
1019 3598 1066 3656 Ab
1090 3595 1206 3672 angulis
1229 3595 1346 3672 ringula
1369 3595 1424 3655 de-

62 3684 190 3759 pendent
223 3683 444 3760 obliquangula.
489 3684 564 3744 Nam
594 3687 619 3743 si
650 3684 783 3760 aequalis
814 3685 965 3761 subjectae
996 3686 1118 3758 insistit,
1150 3683 1184 3742 fit
1214 3702 1250 3744 ex
1278 3682 1421 3759 quadrato

63 3771 211 3845 rhombos,
235 3788 359 3849 quorum
381 3771 617 3848 perfectissimus,
640 3772 724 3847 cujus
747 3771 878 3831 alterutri
893 3775 1093 3848 oppositorum
1116 3771 1226 3831 distant
1240 3771 1340 3831 latere.
1370 3769 1423 3830 Sin

63 3859 239 3937 inaequalis,
262 3859 296 3919 lit
316 3876 353 3919 er
367 3860 496 3937 oblongo
517 3859 721 3934 rhomboides,
746 3876 870 3936 quorum
892 3860 1144 3937 perfectissimum,
1170 3860 1253 3936 cujus
1276 3875 1335 3918 una
1358 3856 1424 3917 dla-

64 3956 152 4009 neter
174 3954 288 4024 aequat
309 3946 396 4007 latus.

396 4277 629 4362 hstitotionum
656 4278 923 4362 Geometricarum
950 4280 1029 4363 liber
1056 4278 1096 4362 ll.

557 4434 607 4491 De
630 4436 710 4490 ortu
731 4434 928 4503 flgrnrarum.

165 4550 308 4624 Primum,
333 4548 406 4627 quid
420 4553 460 4612 sit
473 4551 576 4629 figura,
600 4571 637 4614 ex
660 4561 765 4631 quarta
787 4555 884 4630 specie
901 4552 1061 4629 qualitatis.
1076 4583 1119 4594 -
1134 4549 1304 4611 Terminata
1325 4565 1421 4625 quan-

75 4637 151 4698 ritate
172 4641 335 4715 quantitas

166 4725 264 4787 Causa
286 4726 481 4803 figurationis.
525 4724 709 4802 Magnitudo.
755 4726 853 4787 Curva
881 4734 911 4786 et
933 4732 1011 4785 recta
1033 4733 1062 4785 et
1083 4728 1256 4803 composita,
1280 4742 1315 4784 ex
1338 4732 1420 4783 utra-

77 4826 125 4887 qna
151 4815 253 4879 mixta
304 4813 404 4877 Carra
433 4830 466 4877 se
495 4815 591 4894 ipsam
623 4816 769 4876 terminat.
822 4814 929 4893 (Nota,
963 4815 1135 4891 quantitatis
1172 4814 1320 4892 proprium
1353 4828 1420 4874 esse
1533 4838 1537 4845 ·
