3308 5534
376 350 1106 453 ιιιιιιιιιιιιιιιιιιιιιιιιιιιιιι
1348 394 1413 465 ιιι

56 564 236 625 worm
252 566 320 639 (nou
337 570 504 641 extrorsum)
522 584 608 638 rema,
627 576 656 625 et
673 576 737 626 sunt
754 570 826 626 inter
843 583 873 626 se
891 584 1051 639 conversae,
1069 568 1219 639 sicutipse
1236 568 1348 638 specula
1367 568 1415 624 Ec

58 654 83 701 st
97 644 162 711 LV,
180 652 215 702 ut
230 662 296 717 pars
313 646 361 704 nni
380 648 478 705 dextra
494 649 531 704 sit
549 664 566 705 e
583 649 694 719 regione
712 650 839 706 sinistrae
851 648 971 719 ulterius,
990 649 1101 705 sinistra
1114 649 1178 705 huic
1190 663 1206 704 e
1217 649 1329 717 regione
1341 646 1416 703 illius

54 722 180 779 dsxuae.
213 725 397 783 Parteniorum
416 742 480 783 vero
497 727 586 785 latera
603 729 720 798 (dextra)
738 729 842 785 habent
859 735 887 784 et
903 729 1061 784 dextrorum
1078 729 1207 797 speciem.
1236 727 1275 782 Et
1285 727 1338 782 hae
1350 732 1416 781 sunt

52 802 110 870 J'am
129 802 308 859 obscuriores
326 812 355 859 et
373 812 508 875 apparent
525 822 581 863 una
598 823 660 863 cum
677 808 794 877 imagine
807 807 913 877 speculi
925 806 1040 874 adversi,
1059 805 1144 861 veluti
1156 805 1185 860 iu
1196 806 1257 874 ejus
1269 804 1414 875 profundo.

54 880 92 937 Et
102 881 178 939 haec
195 882 303 955 speculi
314 884 424 940 adversi
434 885 483 941 LV
500 887 589 955 imago
607 886 636 941 iu
645 886 693 942 Ec
705 886 781 954 iacit,
799 895 831 942 ut
842 886 890 942 EC
908 885 1050 956 speculum
1068 891 1201 955 appareat
1212 884 1290 955 quasi
1304 884 1415 954 duplex,

55 958 95 1017 xie
111 962 198 1017 etiam
218 962 276 1018 LV.
311 963 420 1027 Tertio,
442 966 467 1020 si
483 966 569 1036 magis
587 966 754 1023 inclinentur
771 963 885 1036 specula
902 965 937 1020 ad
955 980 985 1020 se
1003 963 1131 1032 invicem,
1150 964 1208 1033 J'am
1226 964 1254 1020 in
1272 963 1334 1033 ipsa
1349 962 1414 1017 ima·

54 1038 119 1109 gine
137 1039 249 1110 speculi
265 1040 323 1111 hv,
342 1057 414 1112 quae
430 1045 537 1101 videtur
553 1047 628 1101 intus
645 1045 674 1099 in
688 1044 744 1116 EC,
763 1046 850 1100 oritur
866 1042 1040 1113 imaguncula
1057 1043 1162 1112 speculi
1180 1043 1229 1099 ΕΟ
1246 1048 1275 1097 et
1292 1044 1332 1099 sie
1349 1043 1414 1097 ima·

53 1117 177 1187 mmlx
195 1120 238 1174 rei
254 1120 284 1177 in
300 1136 331 1177 re
348 1121 419 1191 ipsa.
443 1123 481 1179 Et
495 1125 523 1179 in
542 1123 594 1178 hac
605 1123 780 1194 imaguncula
798 1122 903 1192 speculi
915 1128 1030 1192 apparet
1048 1122 1130 1177 etiam
1142 1121 1314 1191 imaguncula
1326 1122 1415 1192 faciei,

55 1192 137 1251 ralde
155 1195 277 1254 obscura
294 1208 322 1255 et
340 1200 487 1269 protunda.
521 1202 560 1258 Et
578 1204 648 1257 haec
665 1202 739 1258 tertii
758 1200 858 1271 gradun
877 1201 965 1269 imago
982 1216 1090 1256 ιιιιιιι
1108 1200 1192 1255 ιιιιι
1210 1202 1319 1256 sinistra
1335 1200 1415 1258 faciei

58 1272 237 1333 dextrorsum
253 1294 342 1335 seraa
371 1280 510 1339 Fortassis
527 1283 610 1354 igitur
627 1281 704 1352 loqui
721 1279 808 1335 roluit
818 1278 983 1335 Plutarchus
1001 1279 1036 1335 de
1055 1279 1181 1336 secundis
1199 1286 1228 1335 et
1244 1281 1333 1337 tertiis
1350 1282 1416 1337 ima·

57 1354 182 1425 duabus,
201 1356 375 1415 hallucinans
393 1374 458 1415 sero
475 1360 584 1416 locutus
602 1367 646 1417 est
665 1359 811 1429 deprimis
830 1364 859 1414 et
875 1359 1012 1416 secundis.
1101 1378 1104 1383 ·

161 1434 209 1491 26.
227 1436 304 1493 Haec
326 1452 362 1493 cx
385 1437 469 1508 paulo
492 1439 679 1509 superioribus
701 1452 844 1508 perperam
862 1438 978 1506 repetita
996 1444 1024 1492 et
1041 1437 1086 1493 hic
1103 1439 1164 1494 loco
1182 1438 1270 1495 alieno
1295 1448 1360 1499 sunt
1376 1441 1415 1497 in·

60 1518 147 1583 serta5
166 1512 269 1583 quibus
288 1518 435 1587 expunctis
453 1518 596 1587 sequentia
614 1516 764 1573 cohaerent
781 1531 843 1571 cum
860 1515 1093 1573 antecedentibus.

162 1592 209 1648 21.
228 1592 308 1649 Plato
326 1595 470 1666 supponit,
493 1595 606 1664 specula
623 1596 740 1666 primum
755 1594 849 1663 jacere
871 1594 899 1648 in
918 1595 1026 1665 tabula,
1050 1598 1178 1666 contigua
1200 1597 1330 1668 invicem,
1354 1604 1415 1653 tan·

59 1688 142 1741 quam
159 1672 227 1729 libri
243 1677 333 1745 aperti
350 1676 438 1733 codex
456 1683 586 1746 uterque,
605 1684 634 1731 et
651 1684 832 1746 spectatorem
851 1675 968 1747 desuper
986 1677 1134 1745 inspicere;
1159 1674 1256 1730 deiude
1275 1675 1416 1746 speculum

58 1762 208 1823 auumque
231 1754 319 1813 latere
336 1759 465 1815 exteriori
487 1758 657 1829 aliquantum
679 1759 782 1829 clarat,
806 1756 867 1814 loco
891 1758 1064 1814 manentibus
1088 1754 1220 1812 lateribus
1242 1756 1415 1813 iuterionhus

58 1834 205 1903 unuqnia

162 1912 210 1969 28.
229 1914 314 1971 Ludit
337 1917 569 1988 aequivocatione.
603 1919 646 1973 De
664 1917 718 1972 hoc
735 1924 778 1972 est
797 1914 936 1985 quaestio,
962 1921 1053 1970 utrum
1071 1914 1189 1984 angulus
1206 1913 1370 1971 incidentiae
1387 1914 1416 1969 in

56 2004 111 2045 una
128 1990 229 2063 aliqua
246 1993 410 2053 rchoefione
426 1997 464 2053 sit
479 1994 601 2067 aequalis
619 1994 721 2063 angulo
738 1993 904 2050 reflexionis.
936 1993 973 2049 Δι
988 1993 1035 2051 hic
1052 1994 1155 2050 Lucius
1172 1994 1201 2048 in
1219 1993 1299 2048 cham
1317 2007 1416 2063 sequa·

55 2066 162 2127 litatem
181 2073 310 2144 erumpit,
330 2076 410 2144 quasi
428 2076 481 2131 hoc
498 2077 620 2132 dicerent
638 2075 832 2143 mathematici,
852 2088 946 2129 omnes
963 2072 1143 2130 reflexionum
1156 2072 1273 2143 mquloa
1292 2072 1417 2129 omnihus

57 2161 116 2203 acac
134 2152 281 2220 aequales.
316 2154 446 2210 Minime:
470 2155 551 2211 nnius
574 2155 645 2212 enim
669 2154 750 2209 inclei
772 2152 840 2208 risio
858 2151 891 2207 fit
908 2159 937 2207 et
954 2152 1070 2222 simplici
1092 2165 1257 2221 repercussu
1279 2166 1315 2205 ex
1338 2157 1414 2207 recto

57 2228 158 2295 mqulo
176 2230 205 2284 iu
225 2240 343 2303 metum,
363 2233 396 2288 tit
413 2241 443 2290 et
459 2234 596 2302 geminata
614 2235 822 2304 repercussione
841 2248 876 2288 ex
893 2249 948 2287 uno
967 2230 1079 2301 speculo
1097 2231 1126 2287 in
1143 2230 1216 2287 aliud
1235 2229 1352 2300 obliquis
1370 2246 1416 2285 an·

57 2306 126 2373 nulia
144 2315 176 2363 ct
199 2308 242 2365 sic
259 2311 368 2367 demum
390 2312 419 2368 in
438 2312 550 2382 inciem;
569 2320 599 2368 at
616 2314 698 2369 ιιιιιι
717 2312 744 2367 ιι
763 2311 817 2367 ιιι
835 2310 971 2380 geminata
988 2311 1194 2381 repercussione
1207 2324 1315 2378 semper
1331 2325 1416 2379 anpu-

57 2382 97 2439 luc
115 2386 289 2445 incidentice
306 2397 350 2447 eat
367 2390 491 2460 aequalis
509 2393 608 2462 angulo
632 2391 849 2462 repercussionis
868 2391 895 2445 in
914 2398 1032 2460 utroque
1051 2390 1171 2461 speculo.
1207 2390 1333 2459 Denique
1350 2390 1418 2445 haec

56 2478 164 2523 summa
182 2473 244 2535 est,
269 2469 372 2526 Lucius
390 2487 510 2528 errorem
528 2472 680 2542 argumenti
697 2470 807 2527 hostilis
831 2485 924 2527 errore
942 2470 996 2525 alio
1013 2470 1127 2539 refutat,
1152 2468 1323 2527 adversarius
1342 2467 1418 2538 Sylla

57 2544 162 2616 unlgec
181 2546 299 2616 hircum,
319 2550 424 2607 Lucius
442 2551 559 2608 cribrum
577 2551 714 2622 supponit

160 2626 207 2683 29.
228 2628 304 2684 Haec
321 2634 364 2685 est
382 2631 466 2687 tertia
483 2634 589 2703 species
607 2632 690 2703 lucis,
717 2648 798 2701 quam
816 2646 868 2703 eqo
888 2630 1024 2701 appellavi
1045 2628 1296 2685 communicativam
1312 2627 1342 2682 in
1361 2625 1417 2695 Op·

59 2704 127 2761 licis.
165 2706 208 2761 Et
226 2710 397 2767 ιιιιιιιιιιιι
417 2718 472 2779 ιιι,
496 2711 536 2767 ιιι
554 2712 660 2767 Lunam
678 2712 819 2767 reflectere
837 2710 928 2766 radios
947 2709 1032 2775 Solis,
1056 2713 1088 2763 ut
1105 2724 1153 2763 cos
1171 2706 1288 2763 reflectit
1306 2704 1418 2774 quilibet

57 2785 145 2919 mea
165 2801 184 2840 a
202 2786 269 2844 Sole
286 2788 451 2858 illustratus,
475 2790 663 2846 orbiculariter
680 2789 797 2859 scilicet,
822 2789 875 2844 etsi
892 2787 983 2845 lumen
1002 2786 1074 2843 Solis
1096 2789 1131 2844 ah
1157 2804 1213 2843 una
1230 2785 1319 2842 solum
1337 2783 1418 2854 plaga

125 2865 194 2921 itur.

162 2946 208 3003 30.
231 2945 307 3002 Haec
323 2946 427 3004 nullius
445 2950 525 3018 pretii
543 2955 586 3005 cst
603 2947 758 3017 excusatio,
782 2953 812 3003 at
833 2962 922 3018 neque
944 2945 1107 3003 necessaria.
1142 2946 1213 3001 Nam
1230 2944 1297 3015 quia
1314 2951 1417 3001 certum

56 3030 103 3093 est,
119 3026 236 3083 Lunam
252 3026 281 3081 in
298 3042 348 3082 soa
364 3028 453 3098 ipsius
471 3027 612 3097 superficie
631 3026 784 3083 combibere
801 3025 894 3084 lumen
911 3026 1020 3083 radians
1039 3025 1241 3096 orbiculariter,
1260 3024 1328 3081 nihil
1347 3040 1415 3095 opus

57 3112 104 3172 ost,
122 3102 196 3158 illud
215 3105 245 3160 in
262 3104 425 3161 intermedio
444 3105 550 3162 demum
569 3106 643 3161 sarie
661 3105 837 3161 reverberari.

161 3182 208 3239 31.
232 3182 307 3239 Sicut
323 3185 352 3238 in
369 3185 508 3240 schemate
526 3186 562 3252 (4)
580 3184 647 3239 sisio
666 3183 698 3238 tit
713 3183 797 3238 radiis
815 3181 895 3237 faciei
914 3183 967 3249 OS,
986 3183 1040 3255 SP,
1058 3183 1105 3239 ΡΟ
1123 3185 1295 3255 compositis,
1320 3182 1418 3253 quibus

59 3260 142 3319 iacies
161 3261 256 3316 radiat
272 3262 301 3316 in
319 3279 398 3319 suurn
415 3264 501 3333 ipsius
520 3264 637 3320 oculum.

163 3340 208 3397 32.
228 3343 290 3398 lion
309 3343 389 3399 facile
415 3350 507 3397 estex
526 3350 581 3397 tam
601 3341 695 3411 paucis
713 3340 804 3395 verbis
828 3341 920 3395 venari
943 3348 1060 3398 mentem
1079 3343 1164 3398 Lucii.
1200 3343 1245 3397 Ex
1262 3343 1295 3399 iis
1313 3350 1417 3410 tamen,

57 3420 169 3489 quaein
180 3436 268 3477 cautu
279 3430 430 3490 versantur,
448 3421 571 3489 conjicio,
583 3421 636 3474 ιιι
646 3418 723 3472 illum
736 3418 817 3487 velle,
836 3418 908 3488 quod
924 3436 1008 3489 supra
1020 3422 1082 3488 (not.
1095 3424 1148 3491 20.)
1168 3421 1252 3489 tetigi,
1271 3428 1347 3477 ratus
1367 3421 1414 3477 ad·

58 3500 211 3554 suarium
235 3500 314 3556 Lucii
338 3501 437 3569 Syllam
460 3500 566 3555 felicius
588 3504 771 3568 pugnaturum
794 3497 891 3562 iniisse,
916 3499 940 3552 ιι
959 3500 1067 3555 modum
1089 3501 1246 3556 reflexionis
1265 3500 1415 3570 specularis

58 3578 176 3633 alienum
189 3594 255 3634 esse
267 3580 468 3636 contendereta
476 3579 608 3648 phasihus
620 3578 787 3633 illuminatae
799 3578 904 3634 Lunae.
929 3579 1012 3648 Atqui
1025 3581 1069 3635 hic
1081 3580 1182 3635 Lucius
1199 3579 1254 3648 jam
1273 3578 1300 3633 id
1318 3580 1416 3648 ipsum,

57 3664 87 3709 ιι
103 3656 228 3721 ridetur,
246 3667 369 3726 usurpat,
388 3664 419 3711 nt
437 3674 470 3713 eo
488 3658 622 3724 obtineat,
648 3657 743 3710 saltem
762 3655 868 3724 aliquos
887 3656 957 3711 Solis
975 3659 1066 3713 radios
1085 3675 1101 3713 a
1119 3660 1198 3714 Luna
1214 3658 1318 3714 reflecti
1336 3672 1418 3726 posse

58 3735 84 3790 in
101 3737 236 3801 Terram,
262 3737 368 3792 etiamsi
385 3738 464 3793 Luna
490 3744 627 3792 statuatur
652 3751 712 3790 esse
738 3734 888 3804 speculum.
926 3738 991 3791 Cum
1011 3739 1083 3793 enim
1100 3738 1228 3805 dixerim,
1247 3753 1353 3806 semper
1371 3736 1419 3791 ali-

58 3816 132 3886 quod
149 3814 271 3885 reperiri
289 3823 419 3886 punctum
437 3817 465 3870 in
484 3814 564 3884 globo
584 3814 732 3884 speculari,
756 3814 784 3867 in
804 3830 857 3881 quo
875 3816 964 3884 possit
980 3817 1117 3886 repercuti
1139 3816 1231 3871 radius
1249 3817 1289 3871 rei
1306 3815 1419 3871 visibilis

59 3895 92 3950 ad
109 3894 229 3951 oculum
246 3896 410 3965 spectantis,
436 3895 503 3950 illud
528 3902 603 3950 certe
627 3901 757 3964 puuctum
781 3893 975 3962 utplurimum
1001 3895 1029 3949 in
1050 3904 1128 3965 parte
1146 3897 1241 3951 Lunae
1265 3911 1321 3949 non
1338 3894 1419 3963 plane

59 3974 187 4029 deornm
207 3972 244 4028 cd
256 3989 307 4028 nos
319 3990 405 4043 sema,
425 3974 473 4030 sed
486 3990 580 4029 versus
594 3973 685 4028 Solem
703 3972 794 4027 inclini
807 3972 867 4027 erit.
895 3972 969 4029 SitT
982 3974 1074 4043 Terra,
1094 3975 1218 4039 Limne,
1237 3974 1293 4029 MN
1302 3972 1419 4028 circulus

59 4054 118 4121 cius
135 4051 356 4115 illuminationis,
375 4057 407 4106 ut
424 4052 471 4108 Sol
489 4054 526 4108 ιιι
542 4054 570 4107 ιι
584 4052 611 4113 S,
630 4057 658 4105 et
676 4052 810 4122 producta
827 4052 884 4106 MN
902 4060 1027 4108 occurrat
1044 4054 1071 4108 in
1087 4054 1118 4121 T,
1137 4052 1202 4122 quia
1219 4052 1299 4107 Luna
1315 4053 1420 4108 hisecta

57 4134 169 4203 ponitur
181 4133 213 4187 in
226 4132 412 4200 nonagesimo.
424 4136 490 4201 (sig.
501 4136 537 4201 ι.)
562 4132 623 4188 Erit
640 4132 722 4200 igitur
734 4131 768 4186 ab
780 4132 806 4185 N
819 4147 913 4187 versus
931 4132 1021 4189 Solem
1033 4138 1165 4203 punctum
1184 4131 1295 4201 aliquod
1312 4130 1419 4185 inclinis

58 4210 218 4281 superficiei
236 4210 286 4278 Nl,
304 4211 375 4278 quod
393 4210 517 4266 reflectat
534 4210 625 4265 radios
644 4211 663 4264 S
681 4212 710 4264 in
721 4210 754 4264 T.
784 4209 816 4264 ld
835 4211 873 4265 sic
891 4211 1040 4267 invenitur:
1059 4221 1152 4267 centro
1171 4212 1195 4266 L
1212 4209 1355 4265 intervallo
1371 4208 1419 4263 LT

56 4290 193 4346 amhatur
206 4304 303 4351 ιιιιι,
322 4305 417 4345 ιιιιιι
430 4291 485 4346 LT.
505 4292 548 4347 LS
561 4291 588 4345 in
600 4290 632 4359 T,
651 4290 680 4358 0,
701 4299 729 4346 et
743 4290 880 4346 bisecetur
897 4291 942 4345 Tc
955 4291 983 4345 in
997 4291 1035 4359 D,
1055 4291 1191 4360 ductaque
1209 4289 1258 4343 LD
1278 4295 1352 4344 secet
1369 4287 1419 4342 cir·

58 4368 271 4425 conferentiam
290 4368 345 4423 MN
364 4369 392 4423 in
409 4370 433 4423 1.
468 4370 529 4424 Hoc
547 4369 599 4423 erit
616 4377 747 4439 punctum
766 4369 928 4438 quaesitum.
966 4369 1161 4425 Subtendenda
1180 4376 1223 4424 eat
1239 4367 1322 4438 igitur
1340 4365 1419 4435 globo

59 4450 154 4506 Lnnae
172 4448 338 4519 superficies
350 4449 404 4517 VB,
423 4456 538 4519 tangens
555 4447 622 4504 illud
640 4456 772 4520 punctum
790 4450 816 4518 l;
835 4455 863 4503 et
880 4449 907 4503 in
925 4448 978 4504 hac
990 4448 1132 4517 superficie
1150 4454 1241 4503 erecta
1259 4445 1312 4500 alia
1324 4459 1420 4512 super-

60 4530 133 4585 ficies
150 4528 373 4599 repercussionis
387 4528 444 4583 TIS
462 4529 588 4583 ostendet
604 4525 734 4596 angulum
752 4526 913 4582 incidentiae
925 4527 988 4581 VlT
1006 4527 1146 4596 aequalem
1160 4525 1258 4593 angulo
1276 4537 1419 4593 repercus-

62 4608 142 4663 sionis
161 4607 234 4673 alc,
253 4606 301 4661 ubi
318 4608 404 4675 Luna,
425 4608 448 4661 si
467 4622 522 4660 non
539 4614 625 4662 totum
643 4607 727 4661 totius
745 4606 862 4676 phaseos
881 4608 970 4661 lumen
989 4605 1081 4661 aSole
1099 4612 1242 4674 acceptum
1260 4602 1294 4657 ad
1307 4601 1419 4656 Terram

63 4686 226 4755 tcpemntit,
252 4693 284 4740 at
302 4684 397 4740 saltem
421 4686 449 4740 in
472 4684 519 4740 illo
543 4694 645 4755 puncto
663 4686 675 4738 l
694 4685 745 4740 hoc
764 4685 837 4740 iacit.
873 4686 909 4741 Δι
927 4702 987 4740 ιιι
1012 4683 1168 4751 hujusmodi
1186 4688 1288 4754 puncta
1306 4678 1419 4734 diversis

64 4766 231 4837 temporibus
248 4764 358 4819 diversa
375 4772 403 4819 et
421 4766 461 4821 sic
472 4766 557 4821 multa
568 4772 640 4834 sunt,
658 4764 745 4819 multa
764 4764 845 4819 eham
857 4780 967 4820 suorum
986 4763 1116 4818 luminum
1135 4762 1228 4819 aSole
1245 4766 1419 4827 acceptonrm

64 4842 89 4899 is
103 4846 220 4903 Terram
237 4843 351 4903 dimittit
367 4845 457 4901 Luna.
492 4843 837 4903 scemurensem
854 4843 948 4913 utitur,
967 4843 1032 4913 quia
1049 4840 1125 4912 Sylla
1142 4838 1315 4896 ιιιιιιιιιιι
1327 4835 1419 4893 Solem
