3308 5534
147 406 213 477 118
690 402 824 461 uoaau
843 402 957 475 septen

146 581 250 639 oblitas
268 588 320 639 est.
355 580 435 637 Prius
457 581 528 637 enim
550 582 580 635 in
602 594 720 651 persona
737 578 859 635 Theonis
884 586 1017 635 aestatem
1043 580 1167 637 lunarem
1189 582 1343 640 contulerat
1366 582 1396 638 ln
1417 580 1505 653 pleni-

147 662 261 731 lunium,
276 660 334 731 jam
351 661 396 716 hic
414 676 474 716 eam
492 659 600 716 confert
617 661 645 715 in
665 660 765 715 coitum
784 676 846 714 oum
865 656 943 727 Sole,
971 658 1148 729 plenilunium
1173 676 1237 717 vero
1264 662 1380 732 opponit
1397 660 1507 731 aestatl,

147 743 309 813 aequiparat
325 740 409 810 igitur
425 740 517 796 hiemi.
544 740 695 809 Utrumque
707 738 815 808 quidem
828 746 871 793 est
888 754 995 805 venam,
1013 737 1063 792 sed
1081 737 1134 793 hoc
1146 738 1294 795 Plutarcho
1312 754 1368 795 non
1386 738 1507 795 animad-

146 828 280 879 rertente.
316 820 457 875 Aestatem
476 817 561 885 enim,
588 819 641 873 hoc
660 824 702 873 est
720 817 790 872 diem
810 817 962 887 quindecim
988 823 1126 871 nostrates
1144 816 1202 871 dies
1222 825 1373 889 noctesque
1397 818 1507 887 longam

148 906 177 956 et
194 898 230 955 ob
248 899 276 954 id
294 896 534 959 ferventissimam,
558 893 696 965 privolvae
721 896 830 965 quidem
853 896 958 951 hubent
980 895 1008 949 in
1026 896 1219 963 conjunctione
1238 898 1332 953 Lunae
1350 914 1413 951 cnm
1433 896 1507 965 Sole,

147 982 179 1031 ut
196 975 241 1032 hic
259 973 442 1042 Plutarchus,
460 972 621 1030 subvolvani
639 987 703 1027 vero
721 974 749 1027 in
768 972 932 1042 plenilunio,
951 970 1062 1041 quaudo
1081 973 1134 1041 ipsi
1152 975 1255 1031 habent
1273 974 1458 1042 novilunium,
1477 988 1507 1029 ιιι

146 1055 224 1126 prins
242 1053 349 1108 Theon.
383 1052 443 1106 Nec
465 1057 508 1105 est
526 1051 569 1106 hic
593 1050 738 1121 cogitanda
760 1051 923 1119 permutatio
946 1058 1074 1119 respectu
1100 1054 1247 1109 eorundem
1271 1054 1436 1123 incolumem
1461 1054 1507 1109 alii

147 1133 218 1188 enim
235 1131 280 1187 hic
298 1136 363 1187 sant
379 1129 555 1199 habitatores,
574 1130 619 1184 alii
638 1127 685 1183 ibi.
724 1130 838 1185 Constat
856 1138 946 1185 manen
965 1129 1017 1185 sibi
1035 1130 1088 1199 ipsi
1106 1133 1176 1188 haec
1195 1134 1330 1205 posterior
1347 1132 1507 1203 imaginatio

146 1210 287 1266 Plutarchi
304 1225 339 1265 ea
356 1209 383 1263 in
401 1223 439 1275 re,
459 1208 540 1276 quod,
559 1209 651 1278 quiin
670 1208 862 1277 conjunctione
881 1208 976 1263 Lutrae
993 1225 1055 1264 cum
1069 1208 1133 1265 Sole
1151 1212 1222 1267 diem
1241 1212 1344 1268 habent
1362 1212 1508 1268 ferventis·

146 1290 255 1361 almam,
272 1288 354 1344 iidem
372 1288 400 1341 in
417 1286 579 1357 plenilunio,
605 1288 680 1356 quod
698 1287 791 1342 vident
812 1287 969 1356 terricolae,
997 1296 1105 1344 noctern
1129 1290 1232 1347 habeut
1254 1289 1407 1345 hiemalem.
1445 1290 1508 1345 h'on

146 1368 274 1425 habitant
291 1366 362 1421 enim
381 1380 440 1420 eam
458 1364 561 1421 lunaris
580 1366 653 1435 globi
671 1374 790 1434 partem,
816 1380 888 1435 qnae
906 1365 984 1422 nobis
1002 1368 1136 1422 terricolis
1154 1369 1250 1424 Lunae
1268 1368 1364 1423 faciem
1383 1368 1507 1438 praebet,

146 1444 196 1501 sed
213 1446 241 1500 iu
259 1444 397 1517 opposita.
426 1442 560 1498 Referunt
577 1443 661 1512 igitar
678 1444 829 1515 plenilunio
840 1444 944 1499 hiemes
962 1462 1017 1501 non
1036 1444 1212 1501 subvolvanis
1230 1448 1270 1513 (ut
1287 1448 1335 1517 qni
1346 1451 1413 1503 tunc
1426 1456 1507 1503 aesta

147 1528 304 1593 torrentur),
325 1524 374 1579 aed
393 1521 530 1594 privolvis.

251 1604 295 1659 86.
314 1602 400 1657 Video
418 1616 484 1657 sane
502 1598 727 1655 refocillationem
753 1600 871 1671 aliquarn
890 1618 940 1657 suo
959 1608 1091 1671 tempore.
1128 1604 1267 1659 Excessus
1284 1612 1376 1659 tamen
1395 1613 1506 1659 manem

147 1689 338 1752 occupantqus
356 1681 414 1736 dies
432 1679 552 1749 aliquam
571 1677 672 1733 multos
690 1680 844 1735 continuos.
874 1680 1019 1750 oporteret
1036 1682 1121 1751 igitur
1138 1682 1290 1737 animantes
1310 1698 1372 1737 esse
1390 1694 1506 1740 naturae

146 1768 175 1816 et
192 1759 358 1816 fortissimae
376 1765 404 1813 et
421 1758 601 1825 lentissimae,
620 1764 652 1809 ut
669 1773 739 1825 quae
757 1760 980 1814 refocillationem
999 1772 1054 1813 tam
1072 1761 1180 1817 tardam
1197 1763 1374 1833 minimeque.
1391 1769 1423 1818 nt
1442 1768 1507 1817 aunt

146 1846 242 1897 noctes
260 1844 379 1907 nostrae,
397 1837 521 1891 crebram
538 1841 699 1905 exspectare
716 1846 841 1907 possunt,
861 1846 965 1893 tantum
984 1840 1089 1894 interim
1108 1852 1214 1896 aestum
1233 1840 1392 1897 tolerantes.

250 1916 293 1973 itt.
312 1916 408 1972 Actius
425 1914 560 1983 loquitur,
586 1922 615 1969 at
639 1929 694 1968 non
716 1916 839 1983 proprie.
861 1934 911 1971 nec
937 1917 1027 1971 verbis
1045 1920 1211 1987 opticornm,
1234 1921 1283 1977 sed
1302 1922 1412 1989 negatio
1431 1936 1507 1977 mera

145 1994 375 2063 subintelligenda
392 2001 435 2050 est
452 1992 569 2049 actionis
588 1992 660 2047 airis
678 1991 705 2045 in
724 1992 823 2061 radios,
842 2002 873 2047 nt
891 1994 999 2061 quidem
1018 2002 1046 2049 et
1064 2000 1194 2067 seqnitur.

250 2074 293 2129 88
310 2070 470 2142 Respondet
487 2071 522 2126 ad
540 2070 560 2127 f.
579 2073 623 2126 95.
647 2073 844 2139 Argumentum
862 2071 936 2125 ducit
954 2087 971 2125 a
989 2077 1173 2131 conversionis
1197 2078 1314 2147 impetu,
1337 2094 1420 2147 quam
1443 2094 1509 2135 ren·

146 2152 298 2209 illationem
316 2154 388 2208 aiiris
407 2151 494 2207 nostri
505 2148 650 2217 terrestris,
668 2150 830 2203 matutinam
842 2152 971 2219 majorem
985 2150 1020 2203 ub
1032 2163 1134 2208 motum
1147 2156 1256 2221 Terrae,
1276 2156 1358 2210 etiam
1376 2172 1508 2223 annnam,

145 2232 329 2303 vespertinam
352 2232 497 2299 minorem,
523 2229 625 2298 quippe
643 2242 660 2281 a
678 2227 737 2281 solu
760 2236 835 2281 motu
854 2233 954 2296 primo.
978 2230 1006 2283 iu
1024 2232 1099 2299 Epis.
1118 2238 1192 2289 Astr.
1211 2240 1277 2303 t'op.
1297 2234 1342 2289 lib.
1363 2236 1385 2289 l.
1408 2236 1508 2291 admisi

145 2312 217 2369 iuter
235 2326 346 2379 causas,
370 2326 420 2364 cnr
437 2308 600 2363 matutinum
618 2314 727 2373 tempus
746 2305 781 2359 sit
801 2307 969 2361 commodius
987 2312 1155 2379 vespertino,
1173 2312 1255 2367 etiam
1273 2314 1301 2367 in
1320 2314 1414 2367 Terra
1451 2312 1507 2369 Sed

145 2397 335 2458 argumentum
353 2386 440 2454 magis
457 2386 584 2439 idoneum
602 2382 665 2437 inde
683 2391 735 2449 est,
754 2385 827 2455 quod
847 2387 1009 2441 blaestlinus
1028 2402 1056 2445 et
1073 2388 1214 2447 Galilaeae
1233 2392 1434 2457 demonstrant,
1452 2394 1508 2450 Lu·

145 2486 209 2527 uam
226 2468 330 2525 amiciri
351 2483 403 2524 suo
426 2472 502 2535 aire,
527 2472 626 2519 ventas
648 2478 714 2517 sero
736 2465 810 2519 aeris
836 2471 880 2520 est
895 2466 1030 2523 accidens.
1067 2470 1152 2524 Porro
1179 2470 1223 2523 hie
1241 2486 1330 2525 rorern
1348 2486 1434 2526 aurae
1452 2472 1507 2527 leni

146 2550 284 2619 attribuit3
304 2564 356 2619 ego
374 2545 465 2603 malint
483 2551 564 2600 vento
582 2542 659 2613 nulli,
676 2541 838 2613 plerumque
857 2546 927 2598 enim
946 2548 1101 2615 observavi,
1120 2562 1181 2601 cum
1199 2562 1246 2602 ros
1264 2548 1352 2617 cadit,
1371 2548 1506 2618 trauquil·

145 2629 203 2687 lum
220 2644 283 2687 esse
301 2634 402 2683 aerem.

250 2710 295 2763 titt.
313 2706 406 2761 Etiam
427 2702 591 2757 Plutarchus
607 2701 653 2756 hic
670 2699 735 2756 facit
752 2701 909 2770 qualitatem
934 2704 1108 2761 humectandi
1130 2706 1209 2774 quasi
1226 2708 1377 2774 potentiam
1396 2720 1506 2765 natura·

145 2787 200 2843 lem
218 2803 235 2844 a
253 2788 334 2841 Luna
350 2786 379 2838 in
397 2782 497 2837 Terras
515 2780 690 2839 descendere.
710 2780 848 2835 defluxum
867 2798 905 2838 sc.
931 2784 991 2851 ejus
1009 2784 1217 2853 temperamenti
1233 2786 1366 2853 corporei.
1404 2788 1506 2843 i'erutu

145 2868 278 2938 pleraque
295 2864 356 2933 ejus
375 2865 539 2919 documenta
556 2860 703 2915 admittunt
715 2860 854 2915 facultatis
866 2862 1027 2929 vegetabilis
1040 2864 1237 2919 interventum:
1256 2864 1284 2917 ia
1303 2864 1404 2932 plantis
1417 2868 1506 2921 mani·

146 2949 226 3015 feste,
244 2948 273 3001 in
290 2954 372 3015 partu
390 2940 561 2997 femellarum
578 2938 807 3006 manifestissime,
825 2938 854 2992 in
873 2940 1014 3008 caninibus,
1034 2940 1103 2994 vinis
1120 2948 1148 2993 et
1166 2939 1245 3009 lignis
1264 2940 1421 3009 obscurius,
1442 2944 1508 3011 quia

146 3042 201 3081 uon
219 3028 258 3082 ita
276 3031 403 3094 apparet,
432 3020 568 3091 quomodo
585 3023 708 3088 peremto
732 3015 872 3070 individuo
890 3020 967 3087 (puta
984 3019 1107 3083 animali,
1133 3018 1196 3087 vite,
1221 3020 1345 3080 arborei.
1372 3021 1507 3091 reliquias

146 3104 230 3173 huius
247 3102 386 3159 facultatis
403 3107 563 3156 remaneant
581 3098 608 3152 in
626 3094 761 3155 carnibus.
779 3094 857 3157 vinis,
874 3094 963 3163 lignis.
988 3097 1073 3165 Atqui
1085 3103 1190 3151 eertum
1203 3104 1254 3165 est,
1271 3098 1401 3167 reliquias
1420 3100 1507 3157 facul·

147 3184 212 3241 tatis
230 3182 399 3253 vegetabilis,
419 3194 491 3248 quac
508 3184 567 3234 erat
584 3176 613 3229 in
630 3175 744 3241 integro,
763 3171 884 3227 residere
902 3176 930 3228 in
948 3174 991 3229 his
1010 3176 1141 3243 partibus.
1173 3176 1243 3231 Nam
1262 3193 1278 3231 a
1296 3179 1388 3234 calane
1405 3180 1435 3233 in
1448 3196 1507 3237 car·

147 3261 227 3321 nibus
245 3270 410 3331 generantur
429 3258 495 3313 certi
513 3256 619 3326 generis
636 3268 750 3319 vermes,
769 3261 800 3305 ut
818 3252 845 3306 in
864 3250 936 3306 foliis
949 3262 1084 3308 certarunt
1102 3252 1241 3321 arborum,
1263 3256 1381 3311 retinent
1398 3268 1427 3313 ιι
1440 3258 1505 3313 odo-

145 3356 218 3405 rctn,
243 3340 295 3397 etsi
313 3340 337 3394 is
355 3354 389 3394 er
407 3337 551 3409 putredine
573 3332 606 3387 fit
623 3331 818 3385 abominabilis.
856 3332 953 3385 Vinum
979 3340 1006 3385 et
1028 3332 1139 3386 odorem
1161 3340 1190 3386 et
1207 3348 1332 3402 saporem
1357 3338 1459 3393 retinet
1476 3346 1505 3393 at

147 3418 300 3475 effervescit
319 3418 401 3471 etiam
420 3416 479 3471 sine
491 3416 578 3481 Luna,
596 3427 656 3467 cum
670 3410 798 3481 lymphae
809 3408 942 3477 insipidae
954 3425 1092 3477 nunquam
1105 3426 1122 3461 a
1136 3410 1215 3465 launa
1227 3413 1380 3467 turbentur.
1411 3416 1504 3483 Quot·

149 3512 204 3567 que
221 3498 290 3553 haec
309 3494 514 3551 effervescentia
533 3510 586 3547 non
605 3492 636 3547 fit
654 3490 810 3557 usingulari
830 3486 920 3555 aliqua
940 3488 1034 3543 ltuuae
1051 3488 1184 3558 qualitate
1202 3490 1277 3543 molli
1294 3498 1323 3545 et
1340 3507 1456 3562 aquosa,
1475 3504 1504 3549 nt

148 3576 194 3633 hic
212 3575 386 3643 Plutarchus,
404 3580 490 3645 patet,
508 3574 573 3642 qnia
591 3570 672 3626 etium
691 3583 708 3622 a
725 3568 829 3621 tonitru
847 3566 994 3620 turbantur
1011 3568 1081 3635 vina,
1099 3568 1173 3635 quod
1191 3570 1280 3637 arguit
1294 3572 1426 3627 materiae
1438 3584 1504 3630 teta·

145 3664 334 3729 pertinentem
351 3653 460 3721 igneum
478 3662 506 3707 et
525 3648 687 3722 squalidum.
724 3646 812 3713 Ligna
834 3659 899 3697 vero
917 3658 978 3697 curn
996 3653 1171 3715 putrescunt,
1196 3647 1300 3703 faciunt
1322 3650 1350 3703 id
1369 3654 1396 3706 vi
1414 3654 1505 3721 insita,

145 3750 217 3805 qnae
233 3734 282 3790 illa
298 3733 378 3802 quasi
402 3732 505 3801 exurit,
531 3731 600 3786 adeo
623 3734 654 3783 ut
671 3727 699 3781 in
722 3724 840 3779 tenebris
858 3722 968 3777 luceant
990 3738 1060 3790 pene
1086 3736 1116 3780 ut
1143 3726 1285 3783 carbones.
1320 3734 1415 3787 timuis
1434 3736 1505 3791 enim

147 3814 265 3871 facultas
284 3812 419 3882 animalis,
437 3828 499 3868 cum
517 3810 605 3867 estin
624 3822 716 3877 opere,
735 3804 805 3873 iguis
819 3802 929 3873 quidam
943 3814 992 3857 ιιι.
1012 3812 1039 3857 ιι
1059 3806 1121 3873 vita,
1140 3806 1255 3863 damma.
1274 3808 1348 3875 quod
1367 3812 1394 3865 in
1413 3812 1506 3882 dispu-

146 3896 250 3949 tatione
268 3894 303 3949 de
326 3894 379 3949 hac
400 3892 514 3947 materia
538 3890 662 3961 pluribus
685 3887 852 3940 demonstro.
888 3884 957 3937 i'iele
982 3892 1008 3937 et
1028 3886 1141 3953 ttptieea
1163 3901 1223 3954 cap.
1243 3888 1264 3939 l.
1301 3887 1399 3943 Adhuc
1423 3892 1507 3957 igitar

146 3972 275 4029 sufficere
293 3980 393 4042 potest,
412 3980 443 4027 nt
461 3968 564 4023 lunaris
582 3964 690 4021 luminis
708 3964 873 4017 incrementa
891 3960 959 4017 tiaut
977 3962 1113 4030 obJ'ectum
1131 3964 1227 4017 hanam
1246 3963 1406 4024 facultatum
1429 3986 1507 4041 vege·

145 4052 279 4119 tabilinm,
297 4066 353 4105 non
371 4064 435 4104 vero
453 4049 514 4119 ipsa
532 4048 587 4101 sint
605 4046 702 4100 activa.

251 4132 293 4184 ιιι».
314 4130 355 4183 De
373 4128 449 4183 fluxu
468 4136 496 4183 et
513 4128 621 4183 refluxu
640 4124 723 4179 maris
741 4134 822 4189 quam
840 4128 915 4173 certa
934 4136 977 4175 ιιι
995 4130 1053 4189 ιιι,
1071 4130 1126 4175 tarn
1146 4120 1227 4191 longe
1245 4124 1323 4179 abest
1343 4124 1440 4181 Lunae
1458 4128 1506 4183 hu·

146 4208 273 4265 rnectatio
291 4224 308 4262 a
326 4208 365 4261 rei
389 4220 481 4262 canusa.
518 4204 645 4271 hlodnm,
671 4200 807 4272 quomoda
827 4201 904 4254 latina
926 4212 1055 4255 catrsetur
1078 4200 1182 4255 dunum
1205 4212 1233 4255 et
1256 4202 1391 4260 refluxum
1415 4206 1507 4269 maris,

145 4290 259 4361 pmmns.
278 4286 351 4357 quod
370 4286 463 4350 sciam,
484 4285 575 4340 detexi
594 4284 620 4339 in
634 4278 834 4353 prolegomenis
848 4280 1109 4333 Commentariorum
1127 4278 1162 4333 de
1176 4280 1295 4335 metibus
1309 4284 1416 4339 hlartis.
1448 4286 1507 4339 Mo·

147 4368 198 4423 dus
217 4366 279 4421 talis
298 4374 353 4431 est,
375 4375 406 4420 nt
423 4365 515 4429 Luna,
538 4380 591 4417 non
611 4364 638 4417 in
657 4371 788 4429 quantum
808 4357 921 4411 brentida
939 4357 981 4409 vel
1000 4358 1175 4423 humectans,
1200 4360 1293 4413 sedin
1312 4372 1446 4429 eqttantnm
1465 4372 1507 4419 est

146 4458 250 4513 masaa,
269 4458 375 4499 massae
394 4444 495 4498 Terrae
513 4452 644 4511 cognata,
662 4441 688 4493 vi
706 4438 858 4505 magnetica
878 4436 969 4489 trahat
988 4452 1090 4503 aqttas,
1108 4452 1162 4487 non
1181 4444 1212 4489 ut
1230 4436 1387 4499 humorem.
1410 4442 1461 4498 sed
1478 4450 1509 4497 nt

146 4532 239 4581 terrea
257 4520 411 4577 salutantia
428 4529 456 4575 et
475 4524 549 4591 ipsas
567 4520 716 4593 praeditas,
735 4517 770 4571 ob
788 4532 867 4585 speram
888 4523 915 4570 et
933 4516 1073 4579 grav-uaris
1091 4521 1228 4569 momenta
1247 4528 1310 4572 stant
1331 4520 1455 4573 alamitae.

251 4604 295 4655 9t.
316 4600 404 4651 lltiam
427 4600 498 4655 ιιιιὶι
522 4600 609 4671 ipsius
635 4610 734 4653 nutura
752 4594 898 4665 vegetabili
923 4592 1054 4648 facttltate
1072 4592 1208 4647 foecttnela
1227 4610 1288 4649 esse
1306 4596 1428 4657 videtur.
1453 4614 1509 4669 qua

147 4690 176 4737 et
192 4680 282 4735 lacem
300 4676 424 4747 percipit,
443 4678 524 4731 etad
544 4680 604 4747 ejus
622 4675 803 4747 praesentiam
822 4674 864 4727 vel
883 4672 1033 4726 absentiam
1052 4688 1090 4727 se.
1111 4680 1141 4723 ut
1160 4676 1337 4741 spongiosum
1351 4684 1378 4729 et
1392 4678 1510 4745 presaila

147 4772 256 4829 corpus,
275 4756 317 4809 vel
335 4756 472 4810 contrabit
491 4756 534 4811 vel
552 4756 656 4811 dilatat.
692 4752 792 4807 i'ideas
811 4752 837 4803 in
857 4750 979 4816 annalis,
1003 4766 1153 4817 quaecum
1173 4754 1238 4805 totis
1258 4754 1386 4809 noctibus
1406 4756 1509 4811 inrum·

148 4836 376 4911 amantionis,
394 4844 456 4893 orta
473 4834 536 4895 luce
553 4835 656 4903 subito,
674 4832 796 4891 nondum
813 4838 872 4887 orto
892 4830 964 4897 Sole,
982 4832 1103 4887 noudum
1121 4832 1192 4887 ictae
1209 4830 1269 4898 ejus
1286 4832 1384 4901 radiis,
1406 4835 1510 4905 frigora
