3308 5534
398 119 431 176 Iu
448 118 560 177 Librum
576 119 718 177 Plutarchi
735 120 770 176 de
787 119 871 177 Facie
886 118 915 175 iu
934 117 1009 177 Orbe
1025 119 1129 176 Lunae.
1375 121 1441 193 117

78 296 198 367 praedas
216 312 303 369 ιςιιι
321 306 350 355 et
368 314 490 357 suemus.
526 297 579 354 Sed
597 297 693 354 sabula
709 296 830 353 tabulam
849 295 927 366 parit
962 295 1007 351 Ex
1026 312 1059 354 eo
1077 296 1149 353 enim
1171 295 1215 353 leo
1232 297 1286 353 iste
1302 295 1442 355 terebatur

79 382 111 437 de
126 380 231 437 Lunae
256 376 359 437 circulo
378 378 560 435 descendisse.
596 377 650 434 Sed
668 377 809 435 Plutarchi
831 379 915 435 rerba
933 384 1011 445 suut,
1034 394 1055 435 a
1070 382 1162 435 matus
1177 378 1283 449 impetu
1300 378 1439 437 deciduas

77 458 224 529 Quaerant
242 474 309 527 orgo
326 457 374 513 alii
391 457 513 513 tabulam
530 457 603 527 apud
621 456 724 527 primos
742 464 877 515 auctores.

183 538 229 595 ts.
249 535 416 593 Plutarchus
434 553 496 591 cum
513 535 627 592 Theoue
645 551 695 590 suo
720 536 835 591 totidem
852 536 881 592 in
898 536 978 591 Luna
995 544 1120 592 numerat
1138 540 1274 606 aestates,
1298 542 1366 605 quot
1389 550 1440 607 ego

77 619 213 675 minuisti
233 618 293 674 dies
312 617 388 687 (quia
406 616 487 671 unica
504 616 607 673 lunaris
625 613 684 671 dies
702 615 855 685 quindecim
873 620 1011 671 nostrates
1024 615 1081 673 dies
1100 614 1268 685 totidemque
1286 624 1380 673 ιιιιιι
1398 623 1442 672 ιιι

77 699 182 771 longai
201 698 318 753 totidem
335 696 450 765 ιιιιιιι,
468 705 536 767 quot
553 712 603 763 ego
622 702 724 752 noctes.
755 695 825 750 llam
843 693 892 748 illa
904 693 1065 765 differentia,
1084 694 1119 750 oh
1138 712 1219 765 quam
1237 703 1293 751 tres
1312 710 1363 763 ego
1382 696 1440 752 dies

76 777 261 835 aduodecim
282 778 335 834 feci
358 778 492 844 aestivos,
519 775 669 847 perexigua
691 782 735 830 ιιι
756 781 785 830 ιι
807 771 909 828 nullius
933 789 1003 843 pene
1026 776 1165 832 momenti.
1201 774 1282 842 Quod
1302 790 1368 829 sero
1392 776 1439 852 ait,

75 860 196 931 ιιιιςιιιιι
213 858 353 915 nomam
370 854 506 925 (intellige
523 856 704 919 nostratibus)
731 853 823 911 Solem
840 855 897 909 allis
912 854 975 923 fieri
996 855 1153 911 amicalem
1174 854 1205 909 ia
1218 854 1386 923 pkaclaaia,
1412 853 1440 911 id

76 954 127 1006 eqo
145 936 190 993 sic
207 937 350 1007 expressi:
376 934 473 991 mediis
496 934 722 991 subsolranorum
740 930 832 989 Solem
851 932 1000 987 consistere
1024 932 1053 987 iu
1069 932 1170 987 vertice
1194 931 1221 985 in
1245 946 1296 986 suo
1319 931 1440 989 meridie.

77 1018 158 1089 Quod
176 1017 265 1077 addit.
281 1017 490 1081 stationarium,
507 1010 636 1081 intellige,
656 1010 808 1068 solstitialis
827 1010 913 1065 nostri
931 1010 1002 1067 Solis
1020 1010 1156 1065 aemulum
1173 1008 1202 1064 iu
1219 1008 1330 1065 utendis
1348 1010 1438 1077 terris,

77 1100 104 1153 iu
120 1112 203 1154 mora
221 1096 329 1153 scilicet
345 1109 429 1165 super
447 1092 581 1164 capitibus
607 1108 658 1162 per
680 1090 738 1146 dies
764 1090 867 1159 aliquot
891 1090 1052 1156 continuos,
1077 1090 1149 1145 sicut
1166 1103 1251 1159 penos
1268 1105 1320 1144 nos
1337 1088 1366 1143 iu
1384 1088 1439 1145 sol·

80 1176 156 1233 stitia
174 1184 304 1229 moratur
320 1173 368 1229 Sol
385 1174 416 1229 iu
432 1171 480 1226 illa
498 1186 548 1227 sua
565 1186 664 1239 magna
681 1170 839 1238 altitudine,
857 1184 907 1239 per
925 1169 983 1225 dies
1002 1169 1096 1224 itidem
1114 1168 1232 1238 aliquam
1250 1169 1364 1239 multos,
1390 1170 1440 1226 sed

77 1270 124 1309 eos
145 1253 279 1309 noctibus
301 1252 454 1307 intercisos.
490 1249 550 1305 Hoc
573 1248 638 1305 dicit
661 1248 721 1305 fieri
742 1251 774 1305 ia
793 1250 961 1318 plenilunio,
984 1248 1014 1303 id
1031 1256 1076 1304 est
1093 1246 1202 1317 quaudo
1225 1264 1276 1303 nos
1294 1247 1439 1305 terricolae

76 1334 187 1390 Lunam
204 1332 317 1401 plenum
334 1330 469 1387 ridemus.

182 1413 229 1469 79.
248 1412 423 1469 Tabscnmue
439 1408 570 1465 hodierno
589 1422 642 1463 usu
659 1406 847 1463 notissimum?
873 1424 909 1463 au
926 1406 1001 1464 illam
1019 1408 1138 1465 radicem
1154 1407 1250 1464 Betele
1273 1408 1374 1465 ιιιιιιι
1391 1407 1436 1463 Ιι-

74 1492 136 1547 diae
154 1488 305 1547 orientali?

181 1570 232 1627 80.
249 1567 413 1625 Plutarchus
432 1567 466 1623 de
482 1564 565 1623 rebus
578 1567 607 1621 iu
618 1565 727 1621 sublimi
745 1564 804 1620 sitis
822 1571 851 1620 et
867 1565 901 1618 ab
919 1566 1090 1633 experientia
1106 1567 1226 1622 humana
1236 1565 1349 1622 remotis
1361 1571 1438 1622 tauto

73 1648 205 1707 liberiori
223 1662 274 1704 ore
291 1646 411 1714 disserit,
429 1652 531 1714 quanto
548 1645 661 1701 liberior
678 1652 720 1701 est
738 1644 844 1698 animus
861 1658 878 1698 a
895 1642 1075 1701 fascinatione
1092 1646 1122 1702 iu
1140 1646 1270 1703 ιιιιιιιιι
1288 1656 1402 1717 partem.

180 1730 226 1784 81.
246 1725 345 1781 Plures
362 1732 391 1779 et
408 1725 530 1795 potiores
549 1732 578 1781 et
596 1725 704 1781 omuino
722 1724 912 1794 archetypicas
935 1725 1068 1781 utilitates
1086 1727 1182 1781 Lunae
1205 1726 1298 1783 detexi
1314 1726 1343 1782 in
1360 1726 1437 1797 Epit.

73 1812 150 1867 datr.
172 1806 295 1875 Goperu.
314 1804 361 1859 lib.
379 1804 429 1859 IV.
446 1809 475 1859 et
491 1804 518 1857 iu
537 1802 693 1859 narratione
711 1804 851 1859 teutonica
876 1802 909 1858 de
928 1804 1041 1861 Tabulis
1058 1806 1208 1875 Rudolphi.
1238 1807 1318 1863 Luna
1336 1806 1438 1863 dimen-

74 1888 202 1945 sionibus
219 1882 346 1953 corporis
363 1890 393 1937 et
409 1880 544 1937 intervalli
561 1882 604 1938 sui
621 1879 725 1937 aditum
742 1882 874 1952 patefacit
891 1883 993 1938 homini
1012 1884 1047 1939 ad
1065 1892 1150 1941 totam
1162 1885 1333 1954 planetarum
1350 1886 1438 1958 regio-

73 1984 135 2025 nem
154 1963 365 2029 dimetiendam,
383 1970 415 2019 ut
432 1962 461 2017 in
478 1978 533 2031 qua
549 1962 611 2031 ipsa
629 1962 733 2031 primum
751 1960 842 2017 malae
860 1962 961 2030 gradus
980 1970 1030 2018 est.
1055 1964 1116 2019 iloc
1133 1970 1165 2019 nt
1182 1964 1229 2019 illa
1247 1965 1345 2021 doceat
1355 1981 1439 2033 segue

74 2064 162 2121 genus
182 2044 337 2109 homiuum,
355 2042 437 2098 datae
455 2048 519 2097 sunt
535 2040 576 2095 illi
593 2042 723 2097 tenebrae
741 2055 790 2111 pro
810 2048 971 2111 atramento,
989 2058 1043 2111 quo
1062 2042 1211 2099 doctrinam
1229 2043 1439 2099 astronomicam

74 2130 170 2199 pingat
188 2124 271 2179 uobis
289 2122 325 2177 ob
344 2120 451 2189 oculos,
470 2120 535 2177 data
552 2120 635 2175 veluti
653 2120 778 2188 formula,
799 2136 854 2189 qua
870 2121 971 2177 inertes
990 2122 1139 2191 discipulos
1153 2124 1255 2177 excitet
1272 2130 1301 2177 et
1312 2124 1437 2191 castiget,

75 2208 136 2261 dum
160 2201 344 2259 incrementis
368 2198 602 2269 decrementisque
626 2199 735 2255 luminis
760 2216 866 2255 omnem
888 2198 998 2256 vitalem
1023 2208 1148 2257 naturam
1169 2203 1352 2271 humoresque
1374 2202 1434 2269 ejus

74 2286 149 2355 regit,
168 2289 278 2347 aestus,
298 2277 390 2335 fluxus
408 2286 437 2333 et
455 2277 575 2335 refluxus
587 2281 690 2349 oceani,
704 2288 860 2336 menstruos
872 2277 1032 2335 feminarum
1043 2278 1143 2347 fluxus,
1156 2282 1231 2349 ipsos
1243 2280 1313 2335 adeo
1325 2279 1433 2335 morbo·

73 2380 130 2418 rum
147 2372 337 2431 paroxysmos
355 2356 543 2426 circumducit;
562 2359 596 2414 de
614 2359 713 2428 quibus
731 2359 812 2413 ctiam
829 2358 993 2414 Plutarchus
1011 2358 1070 2428 ipse
1087 2359 1158 2414 iutra
1176 2358 1205 2427 (ι.
1225 2360 1276 2427 97).

177 2438 224 2494 82.
244 2435 406 2504 Respondet
430 2434 466 2489 ad
489 2436 509 2491 l.
532 2439 574 2494 95.
619 2439 746 2495 Ordinem
769 2437 879 2505 quidem
903 2445 932 2493 et
952 2452 1003 2505 ego
1027 2436 1125 2506 doceo,
1151 2446 1183 2493 ot
1205 2438 1328 2507 quamuis
1353 2438 1433 2494 Luna

74 2535 134 2575 rere
152 2516 300 2588 inaequali
321 2522 398 2571 motu
414 2514 537 2584 incedat,
560 2532 593 2573 aa
610 2524 702 2573 tamen
725 2516 905 2585 inaequalitas
928 2532 982 2571 ιιι
1001 2515 1037 2570 ιιι
1055 2531 1132 2583 rapa.
1168 2517 1281 2588 Semper
1303 2517 1374 2572 euim
1392 2518 1433 2572 in·

73 2598 196 2655 ιιιιιιιιι·
212 2596 278 2664 eius
295 2601 387 2649 motus
405 2610 423 2648 a
439 2602 541 2664 puncto
559 2596 674 2665 apogaei
691 2611 779 2664 usque
796 2595 824 2649 ιι
842 2596 1007 2664 perigaeum,
1027 2595 1199 2650 incrementis
1216 2601 1308 2651 tamen
1325 2596 1354 2650 iu
1367 2611 1433 2666 apo·

75 2693 140 2747 gaso
158 2674 300 2747 paulatim
317 2688 441 2729 crescere
459 2672 666 2743 incipientibus,
684 2674 713 2729 in
729 2674 819 2729 medio
836 2672 1023 2743 praecipitatis
1042 2687 1131 2741 exque
1149 2689 1182 2727 ιι
1202 2674 1432 2746 decrescentibus,

75 2758 101 2811 ιι
116 2756 255 2827 perigaeo
273 2764 397 2807 erescere
415 2750 614 2821 desinentibus,
640 2752 814 2821 vicissimque
838 2750 938 2806 abillo
962 2751 1084 2822 perigaei
1105 2758 1207 2822 puncto
1230 2753 1260 2806 iu
1282 2768 1434 2821 apogaeum

76 2846 164 2891 ιιιιιι
182 2834 287 2889 iterum
304 2828 472 2897 languescit,
497 2831 590 2886 ordine
614 2830 848 2887 decrementorum
867 2830 956 2886 simili.
992 2832 1142 2901 Erigitur
1165 2831 1299 2901 ordinem;
1326 2848 1434 2889 succes·

75 2913 180 2969 sionem
198 2926 267 2967 sero
284 2909 314 2963 iu
331 2923 379 2977 eo,
401 2906 475 2977 quod
494 2923 587 2964 omues
604 2908 732 2977 periodos
750 2909 976 2979 inaequalitatum
994 2910 1065 2965 inter
1083 2925 1113 2965 se
1130 2910 1240 2979 penitus
1258 2910 1387 2979 aequales
1406 2917 1435 2967 et

77 3008 135 3049 use
154 2998 187 3049 et
204 2996 369 3059 computare
393 2986 493 3056 doceo,
518 2988 570 3043 nisi
594 2987 756 3057 quantulum
778 2988 822 3043 hic
846 2987 898 3044 sibi
921 2988 1040 3043 vindicat
1062 2988 1171 3043 luminis
1189 3005 1207 3042 ι
1224 3004 1267 3044 me
1290 2989 1363 3044 dicta
1385 3005 1435 3046 seu

76 3080 218 3127 ιιιιιιιιιι
235 3068 366 3137 varietas,
384 3082 455 3136 quaa
472 3073 564 3123 ιιιιιι
581 3073 609 3123 ιι
627 3066 688 3137 ipsa
705 3066 820 3123 similem
837 3071 865 3123 et
882 3066 1003 3122 ordinem
1021 3073 1050 3121 et
1067 3067 1254 3124 successiones
1272 3068 1364 3139 habet,
1384 3068 1434 3125 sed

76 3153 115 3205 sui
131 3148 239 3221 priuati
253 3146 335 3215 juris.

177 3229 225 3285 83.
247 3226 324 3281 Haec
341 3243 396 3281 sor
413 3230 577 3282 transsumta
595 3223 701 3280 videtur
719 3240 754 3279 ex
771 3226 884 3279 aristot.
902 3224 1024 3294 Metaph.
1043 3224 1105 3280 Xll.
1124 3226 1150 3281 8.

178 3308 226 3364 84.
244 3308 443 3361 Antecesseres
461 3305 544 3373 igitur
554 3305 711 3373 astronomi,
730 3310 761 3361 ut
773 3304 887 3359 eundem
901 3304 1023 3359 ordinem
1041 3314 1069 3361 et
1080 3305 1280 3362 successionem
1293 3304 1433 3361 obtineant

75 3388 237 3459 lunamque
256 3386 345 3455 ipsam
365 3386 438 3440 omui
450 3384 643 3451 inaequalitate
656 3384 779 3453 liberent,
800 3382 1076 3440 circumieruntillam
1094 3384 1202 3439 circulis
1214 3382 1304 3452 variis,
1322 3382 1433 3439 insertis

74 3468 131 3523 aliis
148 3470 179 3521 in
197 3466 279 3521 alios.
315 3463 442 3519 Totidem
468 3462 538 3517 euim
563 3477 633 3531 pene
651 3462 732 3517 rerba
751 3464 855 3519 iuuenis
873 3464 900 3516 in
919 3462 1090 3532 Ptolemaeo,
1118 3472 1266 3519 coaetaneo
1283 3463 1433 3534 Plutarchi,

76 3547 166 3617 Magni
181 3544 284 3615 Operis
296 3542 355 3597 libr.
365 3542 442 3597 Xlll.
456 3556 478 3594 c.
491 3540 517 3607 2,
536 3554 605 3607 quae
617 3543 791 3610 transscripsi
809 3542 837 3595 ιι
851 3542 923 3609 Epit.
938 3543 1048 3596 Astron.
1068 3541 1114 3597 fol.
1126 3543 1177 3598 502
1191 3543 1255 3611 (vol.
1264 3546 1307 3595 vl.
1320 3561 1347 3609 p.
1358 3543 1434 3611 337),

76 3626 252 3683 Ptolemaeus
270 3623 355 3693 igitur
372 3621 449 3676 initio
468 3619 632 3674 deferentem
651 3620 738 3675 nodos
756 3621 822 3675 lacit
839 3622 866 3674 in
883 3623 914 3678 19
933 3621 1010 3676 aunis
1023 3621 1164 3677 circumire
1176 3622 1248 3676 circa
1260 3620 1339 3690 polos
1352 3623 1433 3692 eclip-

75 3706 155 3773 titaa;
177 3706 206 3759 iu
226 3717 261 3756 eo
280 3701 408 3770 designat
425 3708 500 3755 certa
518 3706 620 3768 puncta
638 3700 710 3769 polis
729 3700 846 3767 orbitae,
865 3700 966 3767 quibus
984 3700 1093 3755 iunixus
1111 3700 1223 3755 interior
1241 3698 1366 3754 deserens
1384 3717 1432 3769 ap-

75 3786 146 3841 sida
164 3784 334 3841 restituatur
351 3780 558 3837 aemimenstruo
578 3780 668 3848 spatio
687 3779 822 3849 aequabili
839 3786 922 3833 motu.
960 3780 1079 3834 Rursum
1102 3778 1129 3831 ιι
1148 3779 1201 3834 ιιι
1219 3778 1361 3833 deferente
1378 3786 1432 3835 ter·

75 3866 126 3921 tius
144 3863 321 3920 ecceutrieus
344 3859 417 3913 circa
435 3856 513 3925 polos
532 3858 655 3925 eosdem,
680 3859 729 3915 sed
752 3866 890 3913 menstruo
914 3859 1044 3927 temporis
1067 3858 1157 3927 spatio
1181 3865 1208 3912 et
1226 3866 1301 3912 motu
1324 3857 1433 3926 quidem

75 3960 135 3999 rere
152 3938 296 4011 inaequali
314 3937 447 4002 circumit,
465 3934 507 3991 ιιι
525 3935 551 3989 ιι
570 3952 663 3990 mense
681 3936 784 4006 tardus,
804 3938 845 3991 bis
863 3937 950 3991 velox.
983 3938 1102 4005 Quartus
1121 3944 1164 3993 est
1183 3937 1329 4007 epicyclua
1347 3938 1433 3993 inser·

75 4034 117 4079 tus
134 4024 164 4077 iu
182 4018 339 4076 crassitiem
360 4004 517 4085 ιιιιιιιιιι,
535 4022 566 4069 ut
584 4016 696 4071 Terram
715 4033 768 4071 uon
787 4017 902 4084 ambiat,
922 4025 949 4072 et
966 4017 1049 4086 hujus
1066 4016 1204 4071 restitutio
1222 4015 1305 4085 paulo
1324 4015 1434 4071 brevior

75 4113 115 4157 est
137 4116 223 4171 qnam
248 4096 297 4151 illa
319 4093 478 4159 ecceutrici,
502 4102 647 4163 motusque
666 4104 694 4151 et
710 4097 772 4166 ipsa
789 4094 947 4164 inaequalis.
985 4096 1036 4150 Hic
1055 4095 1163 4149 demum
1181 4093 1318 4165 epieyclus
1335 4095 1363 4148 iu
1383 4110 1434 4149 sua

75 4176 297 4239 choumiereutia
320 4174 432 4229 affixam
451 4173 534 4228 babet
550 4176 656 4230 Lunum
674 4176 784 4246 penitus
801 4176 829 4229 iu
848 4190 880 4228 ιι
899 4174 1075 4241 immobilem,
1100 4182 1131 4229 ut
1149 4174 1234 4229 soluit
1250 4173 1432 4243 Ptolemaeus,

76 4272 102 4317 st
118 4254 302 4329 corrigendus
328 4253 411 4309 etiam
433 4252 488 4308 hic.
522 4254 592 4309 llam
615 4254 679 4322 quia
702 4254 783 4308 Luna
805 4268 913 4320 semper
938 4254 1051 4309 eandem
1078 4253 1175 4309 faciem
1200 4253 1278 4308 nobis
1302 4250 1430 4317 ostendit,

76 4345 181 4411 oportet
198 4344 232 4393 ut
251 4341 279 4389 et
297 4333 359 4403 ipsa
376 4333 406 4387 in
423 4330 472 4386 illo
490 4347 541 4387 ιιι
564 4328 771 4402 epicyclo'sese
794 4337 935 4387 convertat
958 4332 1031 4388 circa
1054 4346 1134 4386 suum
1156 4348 1242 4386 arem.
1279 4329 1367 4384 Tanto
1387 4345 1432 4384 ac·

78 4420 210 4489 ceptiores
229 4412 333 4469 debent
355 4426 418 4467 esse
435 4424 513 4465 meae
532 4426 633 4467 causae
650 4412 795 4483 physicae,
821 4427 891 4480 quae
918 4411 970 4467 bac
993 4412 1220 4482 multiplicatione
1236 4416 1359 4465 motuum
1377 4426 1432 4465 non

79 4497 208 4569 indigent.

174 4579 223 4637 85.
240 4574 406 4649 Legeuduus
430 4572 617 4631 duodecim.
656 4572 711 4631 Ubi
734 4578 826 4631 tameu
847 4572 1013 4631 Plutarchus
1035 4588 1065 4631 se
1086 4572 1178 4643 ipsum
1199 4566 1312 4626 iuvolrit
1333 4566 1432 4641 suique
