3308 5534
146 387 211 457 654
458 356 638 447 scamnum
656 383 796 443 Historiae
812 384 1005 447 Aaronomiae
1018 384 1209 447 nadab-m,

145 570 230 633 atque
251 562 305 619 hos
332 561 462 619 terminos
485 561 630 631 paschales
658 560 767 617 concilii
792 560 906 617 Nicaeni
933 560 1098 627 anctoritate
1123 562 1295 618 constitutos
1319 560 1484 630 §emm

148 650 256 719 ,Quum
274 657 366 706 antem
383 649 585 718 aequinoctium
609 665 721 704 vernum
739 656 802 705 ante
826 648 1024 705 correctionem
1040 648 1189 704 calendarii
1213 664 1272 703 uon
1294 648 1393 705 iistis·
1409 648 1486 701 &bus

147 736 301 805 contigerit,
318 737 418 805 quibus
436 744 559 805 tempore
577 737 685 791 concilii
703 735 818 793 Nicaeni
841 734 941 802 fiebat,
963 737 1038 792 unde
1055 735 1143 791 multa
1160 734 1338 793 incommoda
1354 742 1415 791 orta
1430 744 1486 789 m

149 823 333 879 necessarium
352 822 461 879 omnino
480 822 545 891 fnit,
568 830 599 879 ιιι
623 823 827 891 aequinoctium
850 838 962 879 vernum
979 826 1009 879 in
1027 824 1168 893 {adsunam
1192 824 1289 880 aedem
1308 822 1487 879 romum

147 927 199 967 nec
217 911 306 973 minus
323 911 479 967 necessaria
497 916 557 965 erat
569 911 703 967 correctio
716 911 873 968 calendarii.
904 912 1032 967 Excmtio
1050 912 1157 967 dierum
1178 911 1344 980 loprimnm
1359 908 1487 965 musana

146 999 201 1055 fuit
217 1007 281 1067 post
298 999 326 1054 d.
344 997 415 1053 diem
434 996 559 1055 Octobris
577 999 641 1053 anni
658 999 737 1068 1582,
755 998 821 1067 quia
837 1013 903 1054 sero
921 997 1071 1054 nonnullae
1090 997 1249 1067 provincius
1266 995 1426 1053 uOctoki
1439 996 1488 1049 sari

149 1086 225 1145 1582.
244 1086 365 1142 nondum
385 1086 478 1141 decem
495 1085 553 1143 dies
566 1093 733 1153 exemerunt,
751 1084 826 1154 quod
844 1086 880 1141 ad
897 1101 944 1143 eas
963 1092 1017 1141 tam
1036 1087 1092 1143 cito
1104 1085 1274 1155 exemplaria
1285 1084 1351 1140 novi
1362 1082 1487 1141 maai

146 1172 261 1245 pmferri
285 1190 340 1230 non
362 1181 523 1244 potuerant,
549 1173 651 1243 optimo
677 1173 790 1228 consilio
814 1171 995 1244 factumest,
1019 1181 1050 1231 nt
1074 1189 1146 1229 anno
1168 1173 1246 1229 reae.
1274 1188 1332 1227 uon
1350 1178 1488 1239 exapcmb

146 1351 221 1405 done
242 1349 279 1405 ab
303 1349 420 1405 ecclesia
443 1350 565 1403 Romana
588 1348 789 1403 dissentirent.“
826 1348 897 1405 Dein
918 1348 1025 1407 (tianius
1052 1350 1173 1405 rationes
1196 1348 1294 1413 alien,
1316 1347 1486 1417 qnibnnoe

147 1436 264 1492 ecclesia
281 1435 446 1506 posthabitis
459 1437 530 1490 seris
544 1437 640 1491 Laruae
658 1451 690 1489 ac
704 1434 774 1490 Solis
789 1435 909 1493 motibus
928 1435 1003 1492 solos
1021 1436 1126 1493 medios
1143 1445 1172 1494 et
1190 1436 1324 1505 aequales
1340 1434 1484 1492 conum:

147 1526 177 1589 t)
196 1533 289 1579 motus
307 1524 365 1579 reri
381 1522 538 1593 inaequales
557 1531 636 1593 sunt,
659 1524 741 1580 medii
763 1531 857 1579 antem
882 1540 991 1594 semper
1012 1525 1143 1594 aequales
1160 1530 1189 1580 et
1207 1523 1375 1591 uniformem
1397 1520 1486 1589 regulus

150 1612 186 1669 ad
203 1610 441 1681 investigationem
459 1610 634 1681 aequinoctii,
661 1611 793 1667 novilunii
818 1628 851 1669 ae
868 1612 1013 1682 plenilunii
1037 1612 1176 1682 paschalis
1193 1611 1299 1667 hadde
1317 1618 1385 1665 aunt
1401 1606 1483 1663 lala

149 1713 221 1769 quae
238 1713 255 1752 a
273 1696 399 1767 quolibet
416 1697 599 1753 astronomiae
617 1698 698 1753 etium
717 1699 827 1754 omnino
845 1700 907 1756 rudi
925 1709 953 1755 et
969 1701 1065 1770 ignaro
1083 1699 1190 1771 percipi
1212 1699 1323 1768 possint
1339 1696 1482 1763 mutuum

148 1793 214 1843 sunt
231 1784 368 1841 faciliores
386 1784 415 1839 in
432 1783 542 1855 medin,
566 1801 648 1855 quam
668 1786 787 1852 inseris
806 1787 933 1842 motibus.
968 1790 1000 1855 2)
1021 1788 1085 1842 Veri
1102 1793 1193 1841 monus
1215 1792 1379 1853 perpetuam
1402 1780 1482 1835 carita

152 1878 215 1928 rent
232 1870 396 1927 discorffim
414 1871 486 1929 inter
504 1871 604 1929 Christi
621 1871 718 1927 fideles
736 1872 765 1927 in
782 1873 903 1943 paschae
915 1873 1108 1941 celebratione,
1126 1880 1241 1942 propter
1252 1870 1482 1927 tabularum

149 1959 317 2017 nomicarum
340 1959 507 2017 canentem.
550 1962 580 2029 3)
597 1959 698 2017 Nudlae
723 1959 835 2015 tabulae
859 1961 987 2017 conditae
1011 1969 1078 2017 sunt
1099 1962 1134 2017 ab
1158 1959 1340 2027 astronomis,
1365 1971 1412 2027 prr
1431 1968 1482 2023 qu

149 2048 207 2103 veri
231 2045 373 2103 stellarum
396 2055 488 2103 motus
511 2048 547 2103 ad
566 2063 647 2105 omne
669 2054 780 2117 tempus
806 2054 881 2103 certo
903 2047 1003 2116 inqhirt
1025 2049 1133 2118 possint
1156 2056 1186 2101 et
1211 2044 1352 2115 cognosci.
1384 2044 1414 2099 lu
1428 2043 1481 2097 lut

150 2134 233 2190 finem
250 2141 429 2191 recensentur
446 2132 557 2191 tabulae
574 2134 733 2205 Ptolemaei,
751 2135 948 2205 Alphonsinae‚
966 2135 1130 2191 Pruteuicaa
1148 2134 1344 2204 (.praesertim
1362 2148 1420 2189 cu
1432 2129 1481 2185 nu

149 2224 255 2279 tenicae
272 2222 384 2277 tabulae
396 2222 508 2277 incertis
521 2222 730 2293 hypothesibus,
749 2223 849 2279 nedum
861 2222 988 2279 absurdis
1005 2229 1034 2279 et
1046 2238 1063 2275 a
1074 2222 1210 2277 communi
1228 2221 1369 2277 hominum
1379 2217 1481 2289 opiaisat

149 2310 361 2367 abhorrentibus
385 2318 414 2365 et
438 2311 537 2381 quibus
562 2326 656 2367 omnes
677 2310 838 2380 philosophi
860 2310 1000 2366 naturales
1025 2320 1193 2379 repugnant,
1218 2308 1352 2365 fundatae
1375 2308 1480 2369 sistat

151 2397 298 2467 l'ychonia.
337 2399 412 2465 ,Nec
429 2414 493 2453 sero
511 2398 581 2453 haec
599 2412 615 2449 a
634 2413 677 2453 ma
696 2398 759 2453 ideo
774 2397 861 2453 allata
880 2403 957 2460 sunt,
982 2399 1055 2465 quod
1073 2406 1167 2466 putem
1186 2396 1296 2452 tabulas
1314 2392 1480 2451 astronomica

151 2487 260 2541 omnino
280 2486 442 2554 rejiciendas
462 2501 523 2541 esse
541 2495 678 2555 tamquam
695 2486 780 2543 falsas
799 2494 828 2543 et
845 2485 948 2549 futiles.
967 2485 1016 2541 sed
1034 2485 1122 2540 solum
1135 2485 1189 2541 hoc
1200 2482 1350 2550 contendo,
1366 2479 1480 2539 «stema

153 2591 207 2629 non
226 2590 287 2629 esse
306 2574 340 2627 ad
360 2573 481 2628 curiosas
500 2580 718 2631 astronomorum
739 2575 905 2631 subtilitates
924 2573 1104 2645 alligandam,
1122 2588 1184 2627 cum
1203 2572 1317 2627 stenen
1334 2568 1436 2625 naeu
1447 2564 1480 2619 fl

151 2663 249 2717 durare
267 2668 413 2733 nequeant,
432 2660 481 2716 sed
498 2662 571 2717 albic
583 2669 667 2730 atqua
686 2663 759 2717 aliae
776 2679 828 2733 pro
844 2670 998 2730 temporum
1017 2661 1149 2716 uarietate
1166 2661 1222 2715 sint
1239 2658 1416 2715 adhibendae.
1444 2654 1480 2710 ,ie

151 2765 205 2819 que
223 2765 287 2807 sero
306 2749 360 2805 hoc
384 2749 511 2821 dignitati
528 2766 560 2805 uc
585 2751 771 2819 praestantiae
795 2748 978 2805 astronomiae
999 2747 1185 2803 nobilissimae
1208 2747 1340 2803 scientiae
1361 2744 1481 2815 quiaq-

152 2838 283 2906 detrahit,
309 2837 390 2890 immo
414 2852 474 2891 eam
491 2837 584 2907 potius
603 2837 716 2893 mirilico
733 2836 922 2901 commendat,
948 2836 1022 2903 quod
1040 2846 1096 2891 tam
1114 2844 1242 2889 accurate
1265 2842 1370 2889 tantam
1388 2838 1481 2885 mim

151 2925 308 2981 uarietatem
328 2924 407 2979 nobis
431 2925 466 2978 ob
486 2924 580 2980 oculos
599 2926 788 2995 proposuerit,
814 2934 944 2993 utquam
968 2924 1091 2991 proxime
1114 2922 1257 2977 ueritatem
1280 2922 1369 2989 ipsam
1392 2920 1481 2983 araur*

150 3018 236 3069 mus.“
274 3013 303 3071 t)
324 3012 438 3066 litiamsi
456 3012 568 3067 tabulae
586 3012 788 3069 astronomicae
806 3018 947 3067 exstarent
965 3008 1202 3076 absolutissimae,
1226 3008 1333 3063 frustra
1355 3016 1483 3063 um&

151 3099 252 3169 quisita
270 3098 318 3153 illa
335 3106 364 3153 et
381 3099 490 3154 curiosa
508 3102 666 3170 supputatio
686 3102 813 3157 horarum
832 3116 866 3153 ue
883 3099 1057 3153 minutiarum
1082 3095 1232 3151 secundum
1255 3109 1335 3149 ueros
1353 3104 1437 3147 monas
1448 3086 1483 3141 d

151 3187 299 3243 biberetur.
333 3187 405 3243 Nam
422 3186 564 3257 regionum
581 3204 614 3243 nc
632 3188 841 3243 meridianorum
860 3187 978 3241 uarietas
996 3184 1127 3249 efiiceret,
1145 3191 1177 3238 nt
1193 3182 1272 3236 labor
1290 3180 1339 3237 ille
1356 3177 1452 3235 inutilis
1463 3188 1484 3227 a

153 3290 239 3331 uanus
257 3274 427 3330 redderetur.
463 3272 489 3343 5)
508 3274 552 3328 Ex
571 3272 785 3343 antiquiaissima
801 3272 1000 3329 consuetudine
1013 3272 1095 3327 medii
1107 3280 1198 3325 motus
1215 3285 1267 3325 seu
1285 3269 1379 3339 potius
1395 3262 1486 3337 cptli'l

154 3362 281 3428 ecclesia,
300 3361 370 3415 seris
388 3360 507 3416 motibus
526 3360 666 3429 neglectis,
685 3362 712 3415 in
732 3376 783 3415 usu
802 3378 910 3431 semper
927 3362 1045 3415 inerunt.
1077 3366 1105 3423 ht
1125 3357 1311 3413 ttiuumucur
1327 3356 1399 3411 iden
1414 3364 1487 3409 sart*

152 3453 234 3507 ritate
253 3450 400 3505 nutritorum
424 3458 641 3505 astronomorum
665 3449 839 3519 omniumque
865 3450 912 3518 qni
935 3448 969 3503 dc
986 3448 1070 3501 rebus
1096 3448 1132 3503 ud
1153 3445 1343 3503 calendarium
1360 3444 1487 3499 nou·

153 3540 353 3611 pertinentibus
372 3552 407 3591 ex
425 3534 558 3591 ccclesiae
576 3535 774 3592 consuetudine
792 3537 969 3605 scripserunt.
1006 3535 1181 3602 (Campanus,
1201 3532 1363 3597 Stoetlerna,
1380 3526 1487 3587 Paulas·

153 3627 344 3695 hliddelhurgo
356 3624 523 3680 inducuntur
536 3625 643 3691 testes.)
657 3654 688 3661 --
705 3622 903 3689 ,laterculundi
915 3623 1037 3683 rationis,
1056 3632 1086 3676 ut
1097 3620 1301 3689 aequinoctium
1314 3628 1425 3689 propter
1434 3614 1488 3667 dic·

155 3716 197 3769 21.
218 3714 318 3779 Martii,
339 3712 374 3767 ad
393 3728 473 3780 quem
493 3718 535 3764 est
552 3722 718 3779 revocatum,
737 3711 895 3777 retineatur,
913 3710 1036 3779 pontifici
1055 3710 1125 3764 duae
1143 3709 1318 3778 potissimum
1337 3707 1395 3761 riae
1411 3710 1488 3773 Μ’
1526 3754 1528 3761 .

154 3803 224 3857 sitne
243 3809 314 3855 sunt.
351 3799 446 3855 Altera
464 3797 581 3866 quidem,
601 3806 632 3854 nt
650 3814 716 3868 prae
734 3798 929 3867 inaequalitate
947 3798 1011 3852 anni
1029 3796 1235 3867 muranenses
1253 3796 1352 3863 majani
1369 3786 1488 3849 intimuit
1526 3818 1528 3823 ·

154 3904 287 3943 annnorum
305 3887 386 3943 niodo
404 3886 509 3955 minori,
529 3886 587 3941 dies
598 3883 770 3941 intercalaris
783 3902 853 3941 nnus
867 3887 1038 3947 eximeretur,
1056 3894 1139 3952 prout
1151 3899 1240 3937 annus
1253 3883 1342 3951 malm
1359 3892 1408 3937 nat
1422 3886 1488 3933 w

153 3993 188 4031 cx
208 3975 351 4047 (lopernici
369 3973 474 4030 calculo
494 3974 638 4042 existeret,
656 3972 744 4029 altera
756 3988 829 4040 sero,
847 3982 879 4027 nt
889 3973 1048 4043 posthabita
1061 3972 1126 4028 arani
1138 3970 1337 4038 inaequalitate
1347 3968 1416 4025 ratic
1426 3966 1487 4019 iate·

154 4062 262 4119 colandi
280 4060 314 4115 ad
333 4076 434 4115 annum
452 4058 661 4129 Alphonsinum.
681 4063 728 4132 qni
744 4064 817 4118 inter
834 4064 981 4119 munitum
994 4074 1022 4118 et
1034 4061 1172 4117 minimum
1184 4060 1293 4115 medius
1311 4050 1487 4128 quotu-tt·

153 4155 204 4211 eat.
222 4147 481 4205 accommodaretur.
511 4148 651 4205 Posterior
668 4152 738 4207 ratio
757 4152 870 4207 consilio
889 4162 1106 4207 astronomorum
1124 4148 1233 4205 delectu
1251 4158 1305 4216 est,
1323 4146 1443 4217 quonia·
1455 4150 1486 4191 Κ·

155 4237 240 4293 clesia
257 4236 285 4290 in
303 4234 422 4305 paschae
441 4235 627 4293 celebratione
643 4237 769 4307 regulare
787 4239 853 4308 quid
872 4246 901 4293 et
919 4237 1066 4305 uniforme,
1094 4237 1169 4305 quod
1193 4246 1297 4291 susinum
1316 4238 1354 4291 ait
1369 4244 1398 4291 et
1411 4246 1427 4285 ⁸
1439 4240 1486 4279 Μ

156 4341 210 4379 non
231 4324 309 4391 longe
328 4322 409 4389 absit,
426 4323 519 4392 potius
537 4340 618 4393 quum
637 4332 792 4379 accuratam
808 4334 1026 4381 aanonomornm
1045 4325 1271 4394 supputationem
1289 4324 1368 4392 sequi
1384 4320 1486 4375 neas

159 4412 223 4481 quia
242 4411 357 4466 ccclesia
379 4426 430 4465 usa
449 4426 556 4478 semper
579 4418 622 4465 cst
646 4411 741 4467 mediis
764 4412 881 4467 motibus
907 4413 934 4467 in
958 4412 1105 4469 iuturilnuiis
1130 4420 1159 4467 at
1175 4410 1248 4467 lunis
1267 4410 1339 4467 le'.
1356 4408 1390 4465 ad
1406 4410 1485 4463 rtet!

158 4499 278 4569 paschae
295 4498 506 4551 celebrationem
529 4497 757 4567 inuestigandum,
779 4501 851 4557 seris
874 4499 992 4555 motibus
1014 4497 1186 4567 exquisitiori
1210 4508 1423 4553 nsuonomoru
1441 4500 1485 4559 pfl·

158 4585 318 4641 scnrtntioni
337 4584 439 4639 relictis
445 4604 453 4652 3
472 4601 589 4653 nequem
607 4586 689 4655 igituir
706 4598 734 4641 et
752 4596 966 4645 mnsentuucuus
983 4604 1044 4643 esse
1062 4589 1183 4655 uidetur,
1205 4596 1238 4641 ut
1256 4586 1293 4643 ad
1310 4576 1483 4653 neumase-

157 4675 185 4731 iu
204 4689 254 4729 sna
272 4674 338 4728 sede
355 4670 528 4727 renuendum
545 4673 675 4731 adhibeat
690 4677 874 4745 quoqncanni
885 4675 1100 4745 magnitudinem
1111 4674 1253 4731 mettun:
1270 4703 1303 4713 -
1315 4672 1358 4727 liu
1373 4670 1482 4733 iistflh

161 4784 231 4839 quac
249 4762 456 4819 hluestlinua
475 4762 582 4833 objicit,
601 4762 803 4833 aequinoctium
821 4780 944 4833 uernum,
970 4766 994 4821 si
1012 4765 1080 4821 haec
1098 4761 1233 4833 posterior
1251 4760 1325 4815 ratio
1341 4756 1480 4813 ultiman·

160 4872 196 4913 es
215 4857 257 4913 die
276 4858 317 4913 ii.
333 4855 427 4913 Mardi
444 4871 501 4911 nou
517 4857 556 4914 ita
571 4866 637 4928 port
654 4857 740 4915 unta
756 4872 891 4915 annornm
907 4856 992 4913 millia
1008 4854 1046 4913 ad
1062 4852 1107 4909 27.
1126 4867 1214 4921 usque
1225 4852 1414 4923 proteum·
1425 4828 1480 4895 Ν
