3308 5534
165 372 210 443 34
729 368 845 427 Joauuia
861 368 976 443 Kepleri

166 551 283 615 duobus
306 552 452 630 oppositis
473 552 505 611 in
526 567 604 613 anno
627 552 732 614 transit
753 553 783 611 iu
804 559 914 629 puncto
936 550 1081 615 meridiei.
1118 550 1238 629 Galeris,
1260 552 1312 630 qui
1326 568 1429 615 reims
1443 552 1531 632 polos

165 642 303 719 uhiuque
326 640 470 714 habitant,
495 640 524 697 in
547 638 668 703 merida
690 638 743 701 Sol
766 638 936 700 declinata
959 642 1068 701 vortice
1080 634 1146 721 ¹⁰⁰).

270 726 391 789 Habent
414 730 444 787 ln
468 726 603 789 Lerauia
625 736 656 788 et
676 726 847 788 nonnullam
870 728 1103 789 vicissitudinem
1124 728 1247 789 aestatis
1273 735 1304 788 et
1324 728 1444 805 hiemis,
1475 728 1530 791 md

164 832 230 876 aaut
260 832 316 877 uec
345 814 573 893 comparandam
603 818 746 877 varietate
775 833 841 876 cum
868 824 984 891 nostra,
1013 832 1068 877 uec
1090 825 1124 875 ut
1144 831 1199 874 uos
1228 832 1343 893 semper
1371 817 1475 877 iisdem
1497 819 1528 877 iu

162 902 251 977 locis,
282 902 387 965 eodem
417 905 487 964 anni
508 910 648 981 tempore.
690 904 741 963 Fit
762 905 841 964 enim
863 902 963 964 decem
986 920 1128 963 annorum
1150 905 1265 983 spatio,
1293 914 1327 964 ut
1352 914 1453 965 aestas
1475 902 1530 965 illa

162 994 269 1068 migret
289 993 328 1052 ab
352 1008 412 1052 una
433 998 517 1068 parte
539 994 610 1051 anui
632 990 737 1052 siderei
761 992 790 1048 in
812 998 925 1067 partam
948 993 1124 1068 oppositam,
1148 990 1251 1051 eodem
1272 990 1341 1052 loeo
1356 993 1528 1070 supposito;

163 1080 272 1157 quippo
300 1079 409 1139 circulo
438 1096 582 1139 annorum
607 1086 645 1139 19
669 1078 849 1139 siderearum
881 1096 934 1139 seu
963 1079 1076 1139 diorum
1100 1084 1162 1140 200
1187 1095 1289 1140 amaus
1319 1079 1405 1157 polos
1434 1082 1528 1141 vicies

161 1166 195 1227 fit
217 1177 315 1228 aestas
339 1170 485 1244 totiesque
508 1166 617 1241 hiems,
648 1167 705 1226 sub
733 1176 892 1243 aequatore
915 1166 1092 1244 quadragies
1104 1160 1175 1243 ¹⁰¹),
1206 1177 1333 1243 suntque
1355 1166 1436 1245 apud
1457 1167 1527 1229 illos

162 1257 321 1331 quotannis
344 1274 395 1315 sex
419 1254 481 1314 dies
497 1256 613 1328 aestivi,
637 1254 742 1331 reliqui
756 1253 905 1328 hiemales,
929 1262 962 1314 ut
977 1254 1057 1332 apud
1071 1271 1126 1314 nos
1141 1272 1258 1315 menses
1271 1250 1336 1329 ¹⁰²).
1375 1255 1419 1315 Ea
1432 1257 1526 1315 vicis·

161 1341 261 1403 situdo
284 1344 334 1401 vix
357 1344 481 1402 sentitur
504 1345 582 1402 circa
604 1352 809 1417 aequaturum,
841 1344 911 1418 quia
934 1341 985 1401 Sol
1008 1360 1067 1401 non
1096 1340 1175 1401 ultra
1198 1338 1233 1401 5⁰
1256 1344 1293 1401 ils
1315 1343 1388 1403 locis
1409 1360 1526 1403 rursum

159 1447 353 1507 prorsumquo
376 1430 414 1489 ad
437 1428 531 1489 latera
555 1437 689 1505 vagatur.
733 1429 831 1506 Magis
854 1431 978 1489 sentitur
996 1430 1084 1505 Juxta
1106 1428 1206 1505 polos,
1235 1448 1311 1506 quae
1334 1430 1401 1491 loca
1422 1429 1524 1492 Solam

161 1517 282 1578 alteruis
304 1518 494 1577 semestribus
516 1517 625 1577 babent
648 1524 700 1575 aut
723 1533 781 1576 non
805 1515 930 1591 babent,
961 1520 1003 1576 uti
1034 1534 1126 1593 penes
1153 1534 1207 1577 uos
1231 1519 1260 1575 iu
1282 1518 1380 1579 Terris
1403 1520 1441 1592 ii,
1472 1521 1525 1595 qui

160 1606 217 1665 sub
246 1604 385 1666 alterutro
418 1604 552 1681 polorum
579 1605 724 1663 hubitant.
769 1605 874 1680 ltaque
903 1605 992 1665 etiam
1018 1603 1169 1665 Larauiaa
1196 1603 1303 1680 globus
1333 1606 1362 1664 iu
1390 1607 1524 1683 quinqua

159 1709 250 1753 zonas
273 1693 345 1765 abit,
369 1692 552 1753 terrestribus
566 1694 673 1751 uostris
689 1689 906 1767 quodammodo
921 1689 1149 1768 respondentes,
1171 1692 1223 1751 sed
1239 1690 1350 1753 torrida
1365 1696 1416 1753 vix
1431 1693 1524 1755 habet

163 1786 201 1839 10
217 1780 335 1856 gradus,
360 1788 391 1838 ut
414 1787 443 1838 et
465 1778 603 1855 frigidae,
628 1787 721 1837 totum
743 1777 888 1854 reliquum
912 1777 989 1838 cedit
1011 1786 1239 1855 temperatorum
1261 1789 1426 1841 nostrarum
1445 1798 1519 1841 arta·

158 1863 311 1943 logis¹⁰³).
356 1868 395 1927 Et
417 1870 521 1926 transit
544 1866 653 1925 torrida
675 1884 727 1943 per
749 1866 912 1925 meditullia
935 1865 1230 1943 hemisphaeriorum,
1254 1869 1385 1929 semissis
1408 1867 1523 1930 scilieet

159 1952 352 2033 longitudinis
374 1972 425 2031 por
448 1952 659 2028 subvolvanos,
683 1953 813 2031 reliquus
836 1956 966 2013 semissis
989 1971 1041 2030 per
1063 1954 1222 2030 privolvas.

262 2042 307 2101 Ex
329 2043 509 2101 sectionibus
531 2041 705 2101 circulorum
726 2042 895 2117 aequatoris
924 2049 953 2100 ot
974 2040 1086 2101 zodiaci
1115 2044 1245 2102 existunt
1276 2044 1366 2101 ctiam
1394 2051 1523 2120 quatuor

158 2138 269 2207 puncta
290 2128 461 2202 cardinalia,
485 2137 518 2188 ut
539 2136 606 2187 sunt
629 2126 709 2205 apud
732 2145 786 2188 nos
809 2130 996 2205 aequinoctia
1019 2136 1049 2189 et
1070 2128 1212 2203 solstitia,
1235 2136 1265 2189 et
1287 2130 1327 2189 ab
1349 2132 1387 2188 iia
1410 2133 1521 2191 sectio·

156 2218 245 2278 uibus
274 2218 390 2276 initium
421 2228 466 2277 est
496 2215 610 2276 zodiaci
638 2215 737 2276 circuli
749 2212 811 2294 ¹⁰⁸).
856 2215 917 2276 Sed
939 2214 1027 2276 vulda
1057 2216 1144 2277 velox
1166 2225 1213 2275 est
1241 2224 1339 2276 motus
1366 2218 1520 2279 stellarum

156 2305 279 2366 fixarum
310 2305 349 2364 ab
373 2305 429 2364 hoe
451 2304 535 2363 initio
559 2305 588 2361 in
610 2306 834 2380 consequentia,
867 2306 976 2380 quippo
1004 2306 1089 2363 annis
1120 2304 1223 2380 viginti
1251 2306 1388 2381 tropicis,
1421 2306 1451 2365 id
1473 2316 1521 2367 ast

156 2409 217 2452 uua
238 2400 353 2452 aestate
376 2401 406 2452 et
428 2408 488 2450 una
510 2390 607 2451 hieme
629 2391 769 2464 delinitis,
801 2399 895 2451 totum
916 2391 1070 2451 zodiacum
1092 2397 1257 2465 transcunt,
1281 2392 1361 2469 quod
1383 2392 1417 2453 lit
1438 2392 1521 2472 apud

154 2497 210 2541 uos
232 2481 284 2538 vix
306 2480 391 2539 annis
415 2484 522 2538 26000
537 2472 600 2561 ¹⁰⁵).
646 2480 744 2557 Atque
767 2478 840 2539 bace
864 2477 899 2537 de
922 2488 1004 2537 motu
1027 2480 1130 2555 primo.

259 2565 461 2629 Secundorum
483 2573 616 2626 motuum
638 2567 714 2625 ratio
736 2583 795 2624 riou
817 2567 914 2625 miuus
936 2573 981 2625 est
1004 2564 1062 2625 illis
1077 2565 1194 2625 diversa
1209 2567 1247 2625 ab
1272 2567 1316 2639 iis,
1340 2582 1416 2644 quac
1431 2568 1519 2629 nobis

155 2662 308 2731 apparent,
331 2654 482 2729 multoque
505 2654 600 2729 magis
623 2671 711 2730 quam
732 2670 824 2731 penes
847 2670 901 2713 nos
924 2654 1068 2713 intricata.
1106 2651 1222 2731 Quippe
1238 2654 1374 2714 omuibus
1389 2654 1519 2730 planetis

154 2759 217 2815 sax,
240 2740 385 2815 Saturno,
408 2740 496 2813 lovi,
519 2740 617 2813 blurti,
641 2740 718 2814 Soli,
743 2740 869 2817 Veneri,
890 2739 1054 2815 Mercurio,
1077 2749 1192 2816 praeter
1214 2750 1259 2802 tot
1280 2743 1518 2819 inaequalitates,

160 2846 236 2906 quae
257 2836 326 2888 sunt
348 2830 434 2889 nobis
450 2846 516 2889 oum
532 2829 590 2887 illis
605 2845 783 2902 conrnmncs,
807 2836 864 2887 tres
887 2828 963 2888 aliae
978 2826 1115 2888 accidunt
1130 2828 1210 2906 apud
1226 2828 1302 2903 illos,
1326 2828 1402 2891 duae
1416 2829 1518 2907 longl-

154 2916 280 2991 tudinls,
304 2934 364 2976 uua
386 2915 504 2991 diurna,
527 2916 621 2976 altura
643 2934 695 2993 per
718 2918 869 2976 circuitum
892 2933 1035 2976 annorum
1059 2915 1110 2998 sl,
1144 2919 1229 2977 tertia
1258 2916 1435 2992 latitudiuis,
1465 2936 1519 2995 por

154 3006 307 3065 circuitum
328 3021 471 3064 annorum
497 3006 546 3063 19.
584 3004 660 3063 Nam
681 3002 769 3063 medii
792 3001 992 3079 privolrarurn
1014 3002 1115 3063 Solem
1137 3004 1167 3061 iu
1189 3003 1309 3064 meridie
1332 3021 1387 3064 suo
1410 3008 1516 3068 ceterls

153 3093 275 3169 paribus
297 3092 408 3153 habeut
430 3092 581 3169 majorem,
606 3091 770 3151 subvolvae
799 3092 940 3151 minorem
963 3108 1051 3166 quam
1073 3094 1100 3150 si
1122 3092 1147 3149 is
1170 3092 1280 3150 oriatur
1293 3087 1365 3175 ¹⁰⁶):
1397 3095 1516 3170 utrique

149 3179 275 3256 junctim
298 3181 474 3254 existimant,
497 3178 597 3241 Solem
613 3179 727 3256 aliquot
741 3179 860 3238 minutis
875 3178 914 3237 ab
930 3178 1066 3254 ecliptica
1080 3194 1193 3237 rursum
1213 3196 1404 3256 prorsumquc
1421 3180 1517 3243 decli·

153 3284 224 3327 nare
243 3267 307 3344 jam
329 3267 408 3344 apud
431 3266 500 3340 bas,
525 3268 589 3344 jam
621 3267 701 3343 apud
728 3265 795 3325 illas
825 3262 981 3343 liras¹⁰⁷);
1011 3265 1135 3326 ethaeo
1157 3274 1328 3327 nutameuta
1350 3270 1446 3344 spatio
1473 3277 1513 3331 ts

152 3371 293 3415 annorum
322 3362 354 3413 ut
383 3354 442 3414 diri
474 3357 665 3414 restituuntur
694 3356 722 3411 in
745 3355 869 3431 pristina
893 3355 1027 3429 vestigia.
1071 3352 1242 3415 Plusculum
1267 3363 1364 3416 umen
1387 3366 1514 3435 occupat

150 3441 226 3503 baec
256 3444 393 3519 evagatio
422 3441 582 3519 privolvis,
612 3444 707 3502 miuus
737 3442 889 3516 aliquanto
919 3439 1075 3501 subvulsis
1089 3436 1151 3519 ΙΨ).
1198 3440 1235 3501 Bt
1265 3444 1402 3519 quamvis
1428 3453 1514 3505 motu

150 3532 243 3607 primo
267 3528 319 3589 Sol
344 3538 374 3590 et
395 3529 471 3589 brae
495 3537 640 3606 ponantur
663 3528 857 3604 aequabiliter
879 3530 957 3589 circa
979 3527 1141 3589 Leraniam
1165 3528 1315 3603 incedere,
1338 3530 1390 3591 Sol
1413 3538 1512 3593 tamen

150 3616 294 3695 prirolvis
322 3618 352 3675 in
379 3617 499 3677 meridia
526 3634 601 3694 pene
630 3616 704 3675 nihil
726 3617 783 3677 sub
811 3614 877 3675 bris
899 3624 1068 3694 promovet,
1095 3614 1249 3676 subvulsis
1275 3617 1443 3678 celerrimus
1466 3628 1513 3681 ast

151 3707 182 3763 iu
205 3704 341 3779 maridie;
370 3706 545 3765 eontrarium
575 3713 708 3765 teneatur
735 3703 892 3766 demedio
920 3710 1014 3764 nocte.
1061 3702 1203 3779 Adeoque
1226 3704 1278 3764 Sol
1309 3705 1424 3766 uidetur
1453 3708 1512 3769 sub

150 3792 216 3854 fluis
238 3792 323 3871 quusi
346 3792 490 3868 quosdam
513 3791 606 3853 saltus
628 3793 732 3867 lacere,
755 3790 889 3868 singulos
913 3791 1016 3853 diebus
1038 3784 1238 3867 singulum).

254 3879 365 3940 Eadem
390 3898 460 3940 vera
490 3889 559 3940 sunt
586 3880 617 3939 iu
640 3880 771 3953 Veneto,
803 3878 948 3941 blercurio
978 3888 1008 3939 et
1029 3876 1141 3953 blarth
1172 3879 1202 3937 iu
1223 3876 1302 3941 losa
1330 3884 1360 3941 ct
1381 3878 1511 3943 Saturno

149 3985 226 4047 pena
248 3967 432 4029 insensibilia
453 3979 523 4028 sunt
546 3962 676 4045 ista¹¹⁰).

255 4057 346 4133 Atqui
369 4074 405 4115 uo
427 4056 561 4131 aequalis
584 4054 704 4133 quidem
726 4054 782 4111 sibi
806 4054 863 4129 ipsi
886 4063 931 4113 est
953 4061 1050 4113 motus
1074 4055 1129 4114 isto
1152 4052 1274 4114 diurnus
1296 4056 1426 4115 omnium
1443 4054 1510 4119 dle·

148 4160 213 4203 rum
235 4142 314 4203 boris
338 4142 555 4217 consimilibus,
587 4140 640 4203 sed
662 4141 768 4201 lentior
791 4139 966 4217 aliquando,
996 4150 1055 4199 um
1078 4140 1157 4201 Solis
1180 4159 1269 4218 quam
1298 4140 1420 4203 durarum
1444 4160 1511 4204 om·

148 4234 239 4303 nium,
263 4230 391 4291 velocior
413 4233 442 4289 in
464 4241 548 4308 purte
577 4231 647 4289 anni
670 4230 808 4306 opposita
830 4230 859 4287 iu
883 4227 1027 4288 consimili
1053 4226 1126 4288 hora
1148 4224 1282 4305 diei¹¹¹).
1327 4230 1364 4289 Et
1387 4230 1511 4293 tarditas

148 4320 207 4379 latu
228 4336 280 4396 per
303 4317 365 4378 dies
388 4320 457 4379 anni
480 4315 626 4389 ambulat,
658 4324 691 4375 ut
712 4332 789 4376 nuno
811 4316 956 4375 aestivam
979 4324 1111 4393 occupet,
1135 4332 1212 4377 nune
1234 4315 1400 4391 hibernam,
1432 4336 1511 4396 quaa

147 4406 208 4467 alio
231 4423 310 4467 anno
332 4405 512 4467 celeritatem
542 4412 689 4478 senserat,
720 4405 841 4465 circuitu
871 4420 930 4462 uno
960 4403 1098 4464 absoluto
1128 4421 1179 4481 per
1208 4406 1336 4483 spatium
1365 4423 1510 4467 annorum

146 4494 236 4572 paulo
259 4496 356 4554 minus
378 4510 485 4555 nouem
500 4488 565 4559 ¹¹¹²).
612 4491 717 4568 ltaque
736 4492 799 4567 jam
823 4488 886 4550 dies
908 4490 1023 4566 longior
1045 4492 1077 4550 dt
1103 4488 1241 4571 (naturali
1263 4491 1416 4569 tarditate,
1448 4512 1509 4555 noa

147 4592 181 4641 ut
206 4581 286 4659 apud
314 4598 367 4641 nos
397 4584 427 4641 in
457 4582 556 4641 Terris
585 4580 716 4639 sectione
746 4578 893 4655 inaequali
924 4577 1024 4640 circuli
1056 4578 1114 4639 diei
1142 4580 1297 4660 naturalis)
1321 4582 1385 4658 jam
1416 4584 1510 4643 ricla·

162 4672 170 4685 ·
297 4662 340 4705 ιιι

146 4687 202 4733 Μ
223 4668 364 4835 ”oduarizi
387 4752 510 4817 tarditas
533 4751 676 4830 priroluls
703 4754 733 4813 in
761 4755 855 4815 noctis
882 4751 1010 4815 medium
1032 4750 1148 4831 incidit,
1176 4754 1341 4817 cumulatur
1363 4756 1430 4833 eius
1452 4776 1508 4821 ax.
