3308 5534
634 394 778 483 deditium¹
790 396 885 453 matris
903 396 1023 469 Kepleri.
1442 398 1506 467 3¹29

145 576 256 651 tobrls,
279 588 347 633 eum
371 580 422 637 21.
444 570 510 634 Oet.
535 582 633 637 essent
655 574 836 653 producendi
858 584 964 652 testes,
995 578 1098 656 incipit
1119 577 1221 655 Burga
1243 596 1339 639 serere
1362 576 1506 655 querelae,

145 664 229 725 adire
251 662 371 722 danem
393 678 490 721 meum
513 661 553 722 ad
575 680 737 739 vesperam,
760 676 882 725 matrem
905 683 1001 726 meam
1023 674 1222 726 transeuntem
1238 666 1331 726 cultro
1347 667 1505 742 evaginato

145 751 263 824 adorta,
283 750 375 825 jussit
389 752 541 811 restituere
556 750 677 809 filiolam
694 768 792 810 suam:
818 771 906 828 ,nam
929 769 988 826 eur,
1012 754 1116 829 iuquit,
1139 756 1308 829 percussisti
1332 752 1430 827 illam,
1452 754 1507 810 tri-

145 842 203 899 bus
224 838 363 915 passibus
385 837 592 897 retrocedens?
624 838 654 895 id
677 838 802 899 ullirmat
823 839 915 900 liliola
937 858 1003 900 mea
1027 843 1180 916 omnisque
1203 840 1339 917 tegularii
1362 840 1503 899 familia.“

144 926 191 986 lle
215 942 269 1003 pcr
289 933 413 984 matrem
435 942 531 984 meam
554 924 591 984 ad
614 926 792 1001 praelectum
815 926 915 987 delata
938 936 967 987 et
989 926 1101 988 familia
1124 928 1261 1003 tegularii
1284 929 1435 1001 acccersita,
1459 928 1505 983 iu-

146 1020 238 1073 reutu
260 1020 306 1071 est
327 1019 442 1089 practer
465 1030 546 1085 earn,
570 1028 646 1088 quae
668 1030 700 1071 se
724 1013 836 1074 laesam
858 1018 978 1087 asserit,
1002 1016 1089 1074 unica
1111 1014 1246 1090 tegularii
1270 1014 1362 1073 liliola
1387 1021 1425 1073 10
1450 1030 1505 1073 an-

147 1118 269 1171 uorum,
302 1116 379 1174 quae
406 1097 483 1158 idem
506 1099 648 1171 ailirmut,
682 1110 812 1174 ceterae,
836 1118 913 1178 quae
937 1120 995 1161 una
1017 1101 1231 1178 procedebant,
1262 1101 1334 1159 nibil
1358 1100 1394 1161 de
1417 1101 1507 1178 plaga

148 1190 256 1249 sciunt.
295 1186 392 1245 Mater
413 1204 481 1247 mea
503 1188 737 1247 constantissime
760 1197 859 1265 negat.
897 1188 1067 1249 Praeieetus
1090 1196 1187 1248 tamen
1212 1191 1247 1248 de
1265 1188 1408 1247 maleficio
1432 1204 1504 1247 con-

148 1282 261 1335 stanter
282 1272 442 1346 affirmare,
471 1274 509 1349 let)
534 1276 576 1333 ein
598 1274 764 1351 berengrffi,
794 1275 833 1351 lup
858 1274 919 1334 rbru
940 1278 991 1335 bob
1022 1276 1086 1349 ratu
1109 1274 1207 1349 boant,
1242 1276 1357 1335 ridetur
1379 1275 1506 1351 chirurgi

149 1362 348 1439 Tubingenais
372 1364 574 1421 auctoritatem
598 1362 628 1418 iu
644 1361 699 1420 boc
715 1366 807 1439 sequi,
832 1363 993 1422 adversarii
1008 1366 1117 1436 nostrl,
1142 1372 1202 1422 turn
1226 1372 1324 1422 autern
1347 1362 1504 1421 insidiatus

149 1452 250 1509 matris
275 1464 357 1507 meae
380 1449 518 1522 moribus,
544 1466 579 1507 ex
602 1450 647 1521 iis,
672 1467 747 1525 quae
771 1450 937 1509 inconsulta
958 1450 1076 1523 lomina,
1101 1452 1261 1525 improviso
1275 1449 1353 1510 malo
1377 1452 1504 1508 circum-

150 1545 238 1597 venta
260 1542 290 1595 et
312 1551 437 1595 excussa
458 1554 511 1613 spe
533 1535 733 1612 productionis
755 1540 873 1597 testium
895 1538 1081 1613 perturbata,
1106 1540 1224 1608 effutiit,
1250 1539 1332 1597 varia
1355 1536 1503 1613 conquirit

150 1624 266 1697 indicia,
291 1640 326 1681 ex
350 1624 456 1699 quibus
479 1625 641 1700 potissima,
666 1623 744 1699 quod
767 1626 843 1684 intra
866 1625 1001 1699 triduum,
1026 1642 1061 1683 ex
1085 1643 1142 1701 quo
1166 1634 1298 1701 repetere
1321 1623 1424 1683 debuit
1438 1641 1503 1683 me·

150 1712 270 1771 moriam
293 1712 473 1769 transitionis
496 1727 577 1782 suae,
600 1721 697 1770 certae
720 1712 779 1771 diei
802 1711 895 1771 oblita
918 1718 988 1785 erat,
1012 1730 1077 1770 eum
1101 1712 1253 1788 largiretur
1276 1719 1391 1785 tamen,
1425 1710 1502 1770 diem

150 1799 231 1859 illum
253 1798 362 1871 luisse,
386 1814 444 1872 quo
468 1798 574 1857 crudae
598 1798 714 1875 tegulae
737 1800 767 1856 in
791 1799 938 1859 fornacem
961 1799 1076 1860 illatae:
1108 1802 1150 1858 sic
1174 1799 1253 1875 quod
1275 1807 1369 1859 mater
1390 1798 1504 1857 audiis-

150 1894 211 1961 set,
241 1885 423 1963 praelectum
452 1886 490 1944 ob
518 1886 595 1944 hauc
625 1893 821 1963 emergentem
852 1885 1066 1947 levissimorum
1099 1887 1249 1946 lromiuum
1284 1888 1502 1946 accusationem

153 1975 288 2051 (maritus
309 1988 340 2030 a.
357 1970 473 2047 Burgae
497 1972 645 2049 quondam
669 1973 736 2031 iurti
758 1990 870 2051 poenas
893 1973 957 2048 luit,
981 1990 1065 2034 socer
1088 1976 1215 2035 oaruilox
1238 1982 1301 2034 erat
1323 1975 1502 2050 campestris,

152 2076 251 2139 aquo
275 2059 392 2135 Bergae
416 2061 592 2136 cognomen)
616 2062 786 2120 renunciare
809 2061 867 2120 diei
890 2060 1091 2138 productionis
1114 2064 1241 2133 testium,
1265 2061 1401 2137 perculsa
1422 2060 1506 2120 subi-

151 2158 236 2209 taneo
260 2146 460 2220 incommodo,
483 2164 551 2206 nam
570 2155 683 2207 sumtus
703 2148 766 2224 jam
787 2149 905 2222 lecerat,
930 2149 1077 2225 praelecto
1100 2151 1234 2225 promisit
1256 2165 1377 2220 munus,
1407 2149 1433 2207 si
1457 2147 1505 2206 di·

151 2236 219 2309 lata,
242 2251 334 2312 quam
355 2235 522 2293 minabatur
545 2234 603 2305 ille,
626 2235 769 2295 relatione
792 2235 829 2295 ad
854 2236 1067 2309 cancellariam,
1092 2239 1216 2295 testibus
1231 2235 1385 2295 audiendis
1410 2235 1506 2294 locum

153 2323 244 2383 daret:
269 2320 435 2399 praelectus
458 2322 488 2381 id
511 2339 564 2399 pro
588 2322 696 2381 indicio
720 2322 815 2383 malae
839 2326 1035 2383 eonscientiae
1058 2322 1162 2383 detulit
1185 2324 1223 2383 ad
1247 2321 1461 2382 cancellariam.

253 2410 310 2469 His
333 2409 446 2469 artibus
468 2410 571 2486 elingit
593 2410 756 2488 praelectus
779 2413 985 2470 necessitatem
1007 2413 1185 2470 imminentis
1208 2414 1283 2469 intra
1302 2417 1319 2471 3
1338 2409 1399 2469 dies
1419 2410 1505 2485 jura-

154 2500 240 2559 menti
265 2496 439 2573 diceudiquc
462 2499 623 2557 testimonii
646 2496 682 2557 de
703 2516 735 2556 re
758 2498 918 2574 gestabis
941 2500 1054 2557 artibus
1077 2506 1175 2574 sperat
1198 2497 1348 2573 chirurgus
1371 2498 1504 2573 impuni-

154 2596 253 2660 tatem,
287 2585 333 2644 bis
365 2585 476 2643 artibus
505 2587 677 2662 opprimitur
705 2584 797 2644 delira
824 2586 1011 2645 obaeratam
1044 2588 1169 2658 leuriua3
1201 2587 1309 2662 sparsit
1339 2586 1505 2660 praelectus

154 2690 304 2747 rumorem,
329 2688 361 2732 se
383 2674 556 2731 instructum
578 2690 643 2733 esse
658 2672 804 2731 mandatis
821 2672 858 2731 ad
875 2673 1048 2749 capiendam
1072 2683 1100 2733 et
1123 2673 1160 2731 ad
1184 2682 1324 2731 torturam
1341 2671 1506 2731 vocandam

155 2772 273 2822 matrem
294 2776 408 2833 meam3
432 2759 574 2819 admoniti
596 2768 663 2819 sunt
685 2762 743 2819 mei
768 2759 804 2819 de
827 2758 930 2819 codem
953 2760 1083 2837 periculo
1100 2759 1190 2820 atide
1206 2760 1312 2834 dignis,
1336 2760 1506 2836 inquisitio·

155 2866 213 2909 uem
236 2848 277 2907 ad
299 2846 377 2906 hanc
399 2864 486 2906 unam
509 2854 570 2906 tam
592 2848 688 2907 levem
711 2849 929 2907 accusationem
952 2848 1099 2921 habitum,
1128 2848 1213 2923 plura
1236 2845 1351 2906 detecta
1375 2848 1505 2919 erimina,

156 2946 220 3013 puto
242 2934 333 3011 hujus
357 2936 454 2993 omniu
476 2933 585 2994 similia
607 2935 645 2993 ab
662 2934 765 2994 eadem
781 2934 878 2993 radice
894 2934 1078 3011 pullulantis.
1116 2934 1193 3009 Quid
1210 2942 1329 3011 agerent
1345 2937 1401 2993 mei
1417 2934 1505 2993 irater

158 3034 183 3083 et
202 3025 341 3091 sororius,
365 3021 551 3081 ecclesiastes
574 3024 602 3078 in
626 3021 809 3095 Haimaden,
835 3038 900 3081 cum
924 3021 1024 3081 multis
1044 3023 1106 3098 Jam
1130 3023 1274 3080 sumtibus
1298 3022 1399 3080 ellusis
1422 3022 1506 3098 quls·

159 3128 208 3187 que
230 3128 305 3169 atrae
327 3117 440 3168 metuat
463 3108 678 3168 incolumitati?
717 3109 793 3183 Ergo
817 3108 939 3168 consilio
964 3116 1050 3187 capto
1074 3108 1200 3169 suadent
1222 3111 1317 3179 matri,
1341 3117 1374 3168 ut
1396 3107 1433 3167 ad
1458 3125 1505 3167 me

158 3202 205 3258 iret
226 3198 376 3268 Linciuur,
407 3204 509 3255 secuta
532 3214 627 3255 uncam
650 3198 855 3255 invitationem
878 3200 998 3269 seriam,
1026 3196 1222 3272 jamdudum
1253 3198 1371 3257 iactam.
1416 3195 1507 3255 Paret

157 3285 210 3359 illa,
232 3286 303 3345 licet
326 3285 420 3341 invita
442 3283 609 3355 admodum,
632 3285 727 3359 pergit
751 3281 867 3343 Ulmam
893 3290 943 3343 30.
969 3284 1090 3356 Octob,
1114 3283 1164 3342 sed
1188 3284 1295 3358 irigoru
1319 3290 1433 3342 maturo
1457 3285 1506 3339 in-

156 3382 271 3449 gruente
294 3374 457 3431 revertitur.
502 3371 619 3429 Interim
642 3373 814 3446 praelectus,
844 3372 963 3448 perinde
986 3389 1022 3432 ac
1043 3373 1068 3429 si
1090 3370 1188 3430 studio
1220 3370 1299 3431 illam
1332 3371 1506 3446 conjecisset

161 3463 187 3519 iu
209 3461 320 3535 lugam,
345 3458 433 3517 aedes
456 3458 520 3533 ejus
544 3460 696 3532 observat3
719 3465 839 3533 rogatus
862 3478 881 3517 a
902 3459 998 3531 fratre,
1022 3476 1110 3534 quam
1135 3460 1172 3517 ob
1195 3476 1255 3518 rem
1278 3457 1309 3516 id
1332 3458 1428 3525 fieret,
1458 3474 1505 3515 re-

156 3547 279 3625 spondit,
303 3544 342 3603 ad
365 3548 535 3621 petitionem
552 3546 677 3622 Burgus,
700 3546 783 3621 eujus
806 3545 889 3604 liberi
914 3545 1067 3617 debilitati,
1092 3554 1123 3605 at
1144 3563 1201 3603 uon
1227 3546 1348 3605 obscure
1372 3543 1507 3604 errmuln-

156 3648 213 3693 tum
235 3637 261 3693 it
283 3632 401 3691 indicia.
448 3634 539 3708 Atqui
562 3641 656 3693 nrater
677 3650 744 3692 mea
767 3640 835 3691 tunc
857 3632 983 3693 redierat
1005 3636 1033 3691 in
1057 3634 1154 3692 locum
1180 3642 1351 3693 consuetum
1376 3637 1404 3689 in
1428 3631 1505 3689 Hai-

154 3720 256 3782 maden
281 3719 319 3779 ad
343 3719 432 3778 filiam
460 3738 556 3793 arram,
590 3731 622 3779 ut
649 3722 720 3794 suga
750 3738 935 3796 nequaquam
964 3721 1181 3798 interpretanda
1211 3722 1249 3778 sit
1279 3720 1344 3795 ejus
1374 3718 1412 3777 ad
1441 3718 1504 3777 dies

152 3826 261 3887 paucos
285 3808 430 3877 absentio,
452 3810 622 3884 praesertim
645 3826 711 3866 cnm
733 3806 814 3866 illam
830 3825 882 3884 per
898 3807 1077 3868 ordinarium
1101 3807 1286 3868 tabellarium
1301 3804 1502 3875 advocassem,

152 3916 215 3957 eum
234 3898 299 3973 jam
323 3895 361 3953 ab
385 3894 498 3970 aliquot
520 3897 605 3954 annis
628 3895 655 3953 id
679 3902 830 3971 ageretur,
863 3902 895 3953 ut
916 3897 981 3972 ipsa
1004 3896 1109 3955 cedens
1133 3894 1384 3953 administratione
1408 3892 1505 3950 bono-

151 4002 211 4044 mm
233 4000 356 4043 surorum
382 3980 462 4058 aprrd
484 4001 530 4041 mc
554 3984 645 4059 quieti
668 3999 700 4040 se
726 3979 823 4052 daret,
855 3999 920 4040 eum
949 3983 1022 4041 nihil
1045 3982 1198 4059 impediret
1228 3982 1284 4037 uisi
1307 3982 1506 4040 interveniens

150 4072 184 4132 lis
205 4071 343 4141 lorensis,
367 4068 496 4128 studium
519 4071 614 4129 bonae
637 4070 732 4127 lamae
756 4076 785 4128 et
807 4087 875 4146 spes
898 4071 1033 4130 instantis
1056 4072 1188 4146 proxime
1212 4069 1362 4126 victoriae.

252 4158 367 4228 Frater,
391 4156 565 4233 indignitate
580 4163 743 4217 commotus
759 4158 980 4217 observatamm
995 4157 1121 4228 aedium,
1145 4156 1338 4234 proficiscitur
1353 4154 1391 4214 ad
1411 4170 1507 4214 meam

149 4254 273 4307 matrem
294 4247 326 4302 iu
348 4243 515 4304 Haimaden
531 4252 582 4304 21.
598 4243 774 4303 Novembris
791 4261 885 4321 eaque
903 4247 1007 4317 excita,
1031 4262 1144 4303 rursum
1167 4246 1261 4302 invito
1284 4250 1314 4302 et
1335 4241 1507 4315 reluctante,

152 4340 294 4413 properat
317 4330 355 4392 ad
379 4349 426 4390 mc
448 4334 588 4407 venitque
611 4332 744 4389 Lineium
769 4328 836 4413 ²71³·
860 4333 932 4393 Dec.

254 4418 350 4479 Vides
374 4418 508 4479 Excellm·
524 4420 586 4490 Vir,
609 4426 682 4495 quot
703 4418 788 4478 molis
812 4419 1018 4479 conflictamur.
1054 4419 1262 4495 1.Litigamus
1285 4418 1314 4475 in
1330 4417 1393 4475 loro
1408 4415 1508 4474 multia

148 4508 320 4569 nominibus
341 4507 429 4566 nobis
451 4506 645 4567 incommodo.
685 4506 857 4567 lIAdemtu
881 4514 925 4567 est
948 4508 1033 4566 nobis
1055 4507 1189 4585 probatio
1212 4523 1264 4582 per
1286 4505 1431 4580 injuriam,
1453 4519 1509 4561 uec

148 4598 225 4658 euim
247 4611 353 4655 sumus
376 4594 529 4654 inhabiles.
569 4601 596 4656 3.
619 4594 789 4653 Praefectus
811 4593 999 4671 partialitatis
1022 4596 1052 4651 in
1076 4602 1198 4669 utraque
1221 4592 1390 4653 adversaria
1412 4591 1508 4648 maui-

148 4686 240 4745 lestus
265 4692 321 4744 est.
362 4687 390 4743 t.
405 4682 463 4741 Per
484 4699 626 4740 summam
648 4680 784 4756 injuriam
808 4683 959 4758 inquisitio
983 4690 1027 4741 est
1050 4683 1185 4741 instituta
1200 4682 1228 4738 iu
1245 4688 1364 4739 matrem
1378 4672 1507 4760 (nequa-

149 4788 237 4849 quam
262 4770 380 4830 idoneis
403 4769 450 4828 vel
472 4769 684 4828 sufficientibus
705 4768 830 4839 indiciis,
855 4768 935 4845 quod
950 4768 1079 4845 legitime
1095 4770 1218 4845 probare
1233 4782 1389 4846 possumus
1409 4781 1507 4823 coram

148 4858 217 4923 dato
236 4858 343 4937 judice
366 4856 565 4934 intelligenti),
590 4858 619 4914 in
642 4872 703 4932 qua
724 4857 751 4914 si
773 4855 919 4917 adimatur
940 4858 1028 4917 nobis
1050 4857 1129 4917 dicta
1150 4856 1295 4934 probatio,
1319 4850 1508 4913 hauddubie
