3308 5534
146 393 210 465 662
256 360 260 375 ’
455 393 636 454 samnium
651 393 790 452 mauro
807 393 999 457 maiacum
1015 392 1110 453 sautu
1124 393 1200 453 xrs

151 579 254 644 centes,
272 572 333 642 ejus
351 577 444 628 tamen
462 572 556 641 aliqua
572 571 724 627 scintillula
740 573 900 641 illustratos,
919 572 955 628 ad
972 587 1003 628 se
1020 579 1102 629 aocet
1117 580 1146 627 et
1163 573 1244 644 quasi
1261 570 1392 629 numen
1407 572 1499 631 naha

141 661 219 729 ,Hinc
237 668 279 715 est
297 659 369 729 quod
388 674 453 730 ego,
477 660 588 728 ignotus
606 659 657 714 tibi
682 660 760 728 licet,
786 661 937 732 sapientias
959 666 1024 715 tuse
1049 659 1184 730 fulgorem
1201 661 1236 715 ab
1254 658 1400 715 aesdenis
1415 670 1501 717 sons

146 749 314 806 Bononiensi
338 747 412 803 baud
436 747 518 803 facile
542 747 632 817 patiar
658 749 763 803 abesse.
804 747 1027 817 Sapientissimus
1050 748 1079 803 J.
1102 748 1136 804 A.
1158 748 1305 818 blaginus,
1329 747 1501 805 aarum

148 835 402 892 matbematicorum
428 834 535 899 lumen,
560 850 661 904 parens
686 835 746 904 ejus
765 849 835 903 quse
852 834 881 888 in
898 848 943 888 me
961 840 1005 889 est
1028 833 1203 891 scientiarum
1227 834 1384 905 scintillae,
1408 835 1501 906 ὠμὰ

149 923 245 979 diebus
263 923 317 988 (11.
338 925 422 992 Febr.)
448 921 484 976 ad
508 928 647 977 aeternam
671 930 808 978 astrorum
827 920 1023 992 cognitionem,
1047 929 1079 978 ut
1095 930 1232 992 putamus,
1252 939 1270 978 a
1287 924 1358 979 siris
1375 925 1501 981 amm

148 1017 197 1066 est.
234 1010 341 1064 bloeret
358 1009 499 1064 academia
518 1009 712 1083 Bononiensis,
731 1009 869 1066 ademtam
888 1008 941 1064 sibi
957 1007 1049 1064 lumen
1067 1009 1158 1080 luget,
1175 1026 1278 1075 uorum
1295 1010 1453 1081 Apolliuu
1466 1012 1501 1065 in

150 1096 281 1167 vestigat,
305 1111 386 1163 quem
404 1096 545 1161 inuenerit,
566 1098 675 1168 opinor,
700 1097 724 1152 si
741 1098 795 1152 hoc
813 1112 883 1151 onus
903 1094 996 1151 subire
1019 1113 1072 1151 non
1092 1098 1276 1153 recusaveris:
1299 1113 1355 1167 ego
1372 1098 1444 1155 euin
1456 1114 1499 1169 pto

148 1200 210 1240 mea
233 1182 317 1252 virili,
343 1183 388 1237 ubi
412 1189 489 1238 tuam
511 1182 546 1238 ad
571 1186 642 1242 hanc
666 1185 759 1241 sedem
781 1200 910 1240 noveram
933 1184 1113 1255 voluntatem,
1138 1185 1239 1249 enitar,
1258 1191 1386 1255 atquae
1401 1185 1499 1256 sculpi

147 1290 256 1345 promo,
281 1290 312 1330 re
329 1277 390 1345 ipsa
408 1277 628 1345 comprobentur.
660 1275 771 1343 Annus,
790 1272 992 1344 sapientissime
1010 1272 1072 1341 Vir,
1097 1278 1125 1326 et
1142 1273 1226 1327 innuo
1250 1280 1280 1329 st
1297 1272 1323 1327 si
1339 1272 1415 1329 iorte
1430 1274 1499 1329 bun

148 1360 273 1431 ejusdem
297 1362 399 1417 tenoris
423 1362 520 1417 literae
538 1379 554 1416 a
572 1377 616 1417 me
639 1360 688 1415 tibi
710 1361 876 1425 redduntur,
902 1359 977 1415 uuile
998 1367 1027 1415 te
1044 1359 1135 1430 capiat
1157 1358 1318 1427 admintio,
1344 1361 1418 1417 nosti
1436 1360 1497 1417 α’

148 1448 276 1505 iorttmae
293 1448 419 1511 ludibria,
438 1465 508 1518 quas
526 1451 613 1504 uitare
629 1464 706 1503 mous
725 1448 805 1505 avida
823 1465 873 1519 pro
891 1447 993 1503 viribus
1011 1463 1066 1501 uon
1085 1445 1230 1501 erubescit
1262 1446 1327 1503 llum
1339 1446 1422 1518 plura
1435 1446 1497 1503 isse·

149 1552 208 1592 rem
224 1552 276 1592 nec
294 1545 322 1592 te
339 1537 375 1591 ad
392 1539 497 1605 majora
514 1544 708 1607 properantem
726 1552 855 1606 morarer,
870 1533 961 1591 ardori
980 1540 1027 1589 tuo
1045 1534 1186 1590 ardentem
1202 1534 1278 1591 hanc
1295 1550 1387 1591 meam
1404 1534 1496 1609 ᾤ·

148 1630 235 1678 tatem
253 1623 387 1680 adscribe.
418 1625 640 1695 premeridum,
659 1641 729 1694 quas
746 1632 778 1681 ut
795 1641 830 1679 ax
848 1624 903 1680 tuis
921 1623 957 1678 ad
969 1621 1109 1691 bissinum
1122 1623 1238 1691 cognovi
1255 1621 1348 1679 literis
1358 1622 1494 1707 τυφὼς

147 1710 260 1766 tabulas
277 1726 342 1765 num
360 1712 433 1781 typis
453 1713 627 1782 commiseris,
646 1714 669 1767 si
686 1729 737 1782 per
754 1722 782 1769 te
799 1728 909 1783 novero,
926 1726 970 1766 me
984 1705 1160 1781 jampridem
1177 1709 1228 1765 tibi
1239 1708 1400 1767 deriucmm
1409 1709 1495 1767 raet·
1544 1750 1547 1757 ·

151 1795 392 1853 devinctissimum.
422 1799 534 1855 Interim
552 1800 604 1855 boc
623 1800 659 1856 sit
675 1799 880 1857 benevolentiae
897 1798 1332 1866 intemeaepignusaeteruum.
1363 1796 1493 1855 iius&

149 1890 179 1939 st
196 1881 274 1939 Vale·
309 1884 450 1939 Bononiae
469 1885 526 1942 Cal.
545 1887 638 1943 Martii
659 1890 734 1944 toti.

288 1971 442 2027 Perillustri
460 1974 620 2029 Celsitudiui
639 1973 715 2030 Tuae
733 1973 935 2030 addictissimus
952 1973 977 2027 J.
996 1973 1030 2028 Δ.
1047 1970 1408 2043 Bolieniustrlosopbise
1422 1972 1454 2029 P.
1467 1970 1493 2029 P.

254 2068 305 2123 llis
328 2069 464 2138 Keplerus
488 2071 642 2140 respondit:
671 2067 701 2126 S.
719 2066 753 2124 P.
768 2066 807 2125 D.
841 2065 923 2141 Quas
945 2064 984 2124 ad
1006 2082 1054 2125 me
1076 2064 1140 2125 cil.
1155 2063 1258 2124 Mardi
1273 2064 1384 2125 dedisti
1397 2064 1493 2135 litem

148 2152 264 2213 Nobilis
288 2163 318 2213 et
339 2153 509 2214 Clarissimo
532 2155 595 2228 Vir,
619 2154 722 2216 codem
745 2152 879 2230 exemplo
902 2155 1035 2229 geminas
1058 2154 1169 2228 accepi,
1192 2160 1370 2228 argumento
1390 2151 1494 2229 quid·

148 2240 284 2301 luctuoso
313 2250 433 2317 propter
464 2245 604 2302 amissum
631 2259 778 2302 summum
800 2242 829 2299 in
853 2240 1035 2317 professione
1064 2240 1277 2300 mathematice
1298 2243 1396 2299 virum
1417 2240 1452 2301 ll.
1467 2236 1493 2299 J.

152 2328 186 2387 d.
210 2328 364 2405 Magiuum
386 2330 517 2405 mihique
547 2332 756 2389 amicissimum
778 2326 836 2409 (cui
861 2345 926 2387 cum
949 2327 1139 2405 triumphanti
1169 2328 1324 2386 beatarum
1346 2330 1493 2387 animaru

148 2423 236 2476 coetu
257 2424 409 2476 aeternum
432 2418 506 2477 benc
528 2417 593 2495 sit),
627 2416 698 2476 mihi
729 2433 797 2476 vcro
818 2415 1047 2493 perhonorificus
1070 2415 1108 2474 ob
1131 2414 1262 2474 delatam
1290 2418 1491 2475 eumarum

147 2506 178 2561 in
200 2502 252 2563 illa
274 2503 491 2563 academiarum
513 2506 650 2581 Europae
674 2505 803 2562 omnium
825 2502 980 2580 metropoli
1003 2503 1156 2576 Bononia,
1183 2519 1255 2563 sera
1277 2512 1373 2563 matre
1393 2502 1492 2561 studie-

149 2608 222 2663 rum,
246 2607 335 2667 quam
358 2594 443 2650 unice
466 2595 595 2669 suspicio
619 2600 648 2651 ot
671 2591 752 2664 colo,
781 2607 842 2667 qua
864 2592 1038 2650 invitatione
1062 2588 1150 2650 simul
1173 2587 1384 2650 demonstrasti
1404 2594 1492 2665 siqu·
1525 2624 1528 2629 ·

152 2677 243 2738 larem
265 2681 295 2735 iu
318 2696 365 2738 me
386 2696 536 2756 nunquam
561 2683 655 2741 visum
684 2681 792 2739 amoris
815 2677 950 2737 affectum
974 2686 1004 2737 ot
1025 2678 1113 2737 rebus
1136 2678 1209 2754 ipsis
1231 2676 1376 2737 addidisti
1398 2678 1491 2737 serit

149 2783 214 2825 rum
237 2774 380 2838 ornatum,
404 2775 486 2826 tanto
510 2767 652 2827 beneficio
676 2768 909 2826 convenientem.
954 2764 1017 2824 Etsi
1040 2782 1111 2824 uero
1134 2765 1289 2837 constitui,
1314 2768 1438 2842 primun
1453 2770 1494 2823 1·

148 2870 205 2930 qus
228 2851 266 2912 ad
288 2853 334 2913 S⁸⁰
351 2853 399 2912 θ’*
416 2853 582 2930 Majsstatis
613 2853 793 2914 audientiam
823 2851 968 2913 admissus
997 2853 1095 2926 luero,
1126 2860 1227 2922 tuum,
1256 2851 1310 2911 Vir
1340 2852 1493 2919 clsr’rsh.

147 2940 205 3000 boc
228 2949 272 3000 est
303 2940 471 3000 academiae
495 2943 691 3000 Bononiensis
718 2940 754 3000 dc
777 2939 986 3015 mejudicium
1009 2956 1170 3017 exponere,
1201 2941 1380 3016 petitionem
1400 2953 1494 3017 prapa-

150 3045 229 3100 nere,
252 3027 435 3088 dissimulare
459 3031 573 3088 iuterim
596 3047 653 3088 uon
676 3045 806 3104 possum,
831 3026 901 3103 quid
926 3030 954 3084 in
978 3045 1068 3087 causa
1092 3034 1233 3100 versetur,
1256 3045 1295 3087 ue
1316 3029 1345 3087 si
1360 3024 1494 3087 lorsssul

148 3115 363 3173 incommodam
386 3116 587 3177 valetudinem
608 3116 745 3175 Caesaris
767 3131 849 3174 mora
871 3114 1014 3175 nonnulla
1036 3112 1207 3186 intercedat,
1230 3131 1287 3191 ego
1313 3113 1362 3174 vel
1384 3115 1496 3189 diligu-

149 3204 219 3261 tiam
252 3210 332 3261 tuam
361 3205 389 3262 in
418 3222 464 3262 me
495 3204 695 3282 promovendo
723 3203 849 3281 superba
878 3212 1078 3276 contemnere,
1112 3199 1159 3261 vel
1191 3201 1372 3263 desiderium
1405 3198 1496 3263 aedifi

149 3287 249 3348 differe
273 3290 382 3352 videar.
428 3291 572 3350 Nimirum
595 3308 650 3367 ego
674 3293 793 3350 natione
816 3291 972 3365 animoque
995 3287 1160 3350 Germanus
1180 3306 1264 3364 sum,
1294 3287 1494 3350 Germanum

149 3377 279 3435 moribus
310 3380 453 3451 imbutus,
485 3382 520 3437 iis
549 3381 642 3450 sitae,
673 3378 729 3437 boc
752 3386 798 3437 est
820 3380 914 3452 (more
936 3380 1122 3452 germanico,
1153 3377 1230 3436 iuter
1258 3378 1394 3438 literatos
1420 3378 1496 3439 et·-
1525 3378 1528 3383 ’

150 3459 283 3547 recepto)
306 3466 434 3542 conjugii
458 3467 684 3526 necessitatibus
709 3468 841 3537 innexus,
866 3474 899 3523 ut
921 3467 945 3523 si
962 3464 1010 3524 vel
1025 3467 1090 3541 ipae
1111 3463 1276 3540 Imperator
1289 3474 1412 3535 anuum,
1432 3478 1496 3523 ses·

150 3552 207 3609 uisi
231 3550 401 3612 difficillime
425 3552 605 3613 domicilium
629 3571 664 3612 er
689 3551 849 3612 Germania
870 3553 925 3611 sim
948 3551 1142 3612 translaturus
1165 3553 1195 3609 in
1218 3550 1350 3613 ltaliam.
1387 3552 1430 3613 Ac
1447 3552 1493 3611 ω’

149 3653 197 3696 me
219 3637 314 3714 gloria
336 3640 483 3713 stimulat,
508 3659 544 3700 es
567 3641 774 3700 honestissimo
799 3640 880 3712 loco,
904 3641 934 3696 in
958 3656 1098 3700 consessu
1121 3638 1291 3699 venerando
1314 3640 1494 3718 psalm

151 3725 384 3786 Bononiensium
406 3727 548 3798 relucens,
573 3737 603 3787 et
624 3746 692 3805 spes
715 3728 863 3804 proiectus
886 3737 1022 3805 apparet,
1045 3744 1113 3787 cum
1133 3724 1255 3803 publice
1277 3729 1309 3786 in
1329 3726 1493 3805 potua

148 3811 186 3870 ob
210 3812 386 3873 auditorium
409 3817 690 3891 frequentissimum,
724 3823 785 3874 tum
809 3815 948 3891 priuatim
969 3816 998 3873 iu
1022 3811 1159 3890 augenda
1179 3830 1228 3888 se,
1252 3822 1283 3874 at
1308 3816 1435 3877 meisa·
1451 3808 1494 3871 1

148 3900 227 3958 sitae
251 3918 317 3977 pars
340 3909 407 3961 acta
422 3912 475 3974 est,
500 3919 576 3979 quas
593 3903 679 3962 rebus
702 3904 788 3961 novis
812 3902 932 3961 oscitari
954 3901 1039 3973 solet,
1062 3916 1179 3978 quaeve
1194 3898 1321 3963 delicies
1342 3894 1491 3963 lotrad

147 3990 336 4064 concupiscat
358 3990 405 4050 sel
430 3989 597 4049 diuturnum
621 4007 721 4050 earum
743 3990 869 4050 fructum
890 3989 948 4048 sibi
971 3989 1101 4066 polliceri
1125 3990 1228 4066 possit.
1273 3988 1406 4061 Accedit,
1423 3980 1490 4067 pi

148 4075 286 4159 aopueris
316 4074 355 4135 ad
386 4084 462 4138 banc
491 4095 585 4155 usque
615 4085 743 4138 aetatem
773 4075 937 4138 Germanus
968 4079 1041 4137 inter
1070 4073 1275 4157 Germanou)
1307 4094 1346 4139 ea
1372 4076 1489 4139 listas

254 4320 277 4387 ⁸)
296 4325 326 4373 lu
345 4324 493 4372 adversariis
512 4323 574 4372 baec
593 4322 686 4372 delerit
704 4323 843 4387 Keplerus:
857 4359 864 4376 .
879 4361 886 4376 .
900 4360 905 4372 .
921 4359 928 4373 .
947 4318 1018 4374 inter
1031 4316 1183 4374 Germanos
1201 4316 1238 4375 de
1255 4318 1394 4377 Romu
1408 4316 1481 4375 α’.
1544 4314 1547 4321 ’

148 4387 305 4458 pontificias
334 4390 465 4444 institutis
486 4396 513 4443 et
528 4389 719 4456 jurisdictione
742 4406 827 4458 super
849 4389 995 4459 episcopos
1012 4388 1177 4444 Germaniae
1200 4404 1235 4444 ea
1258 4388 1384 4446 libertate
1403 4386 1479 4445 soh

146 4475 206 4512 sum
226 4458 316 4527 loqui.
336 4461 414 4527 cujus
433 4462 576 4527 memoria,
598 4460 739 4515 Germanis
758 4460 908 4515 Bononiam
926 4459 1125 4514 ventilantibus
1144 4459 1316 4529 adhaerens,
1333 4458 1408 4515 isole
1420 4454 1477 4521 ὕ,

149 4528 173 4582 si
190 4543 244 4583 uon
283 4529 423 4596 oriculum,
442 4529 540 4583 saltem
559 4537 649 4585 notam
668 4529 788 4599 aliquam
807 4531 929 4595 causari,
948 4530 1120 4598 suspiciones
1138 4530 1251 4585 coucbe
1261 4530 1475 4599 aquamque

146 4614 206 4653 rum
226 4546 407 4653 desstiouibus
426 4599 571 4654 obnoxium
591 4600 704 4655 reddere
723 4608 825 4669 posset
857 4600 948 4669 Quare
967 4600 1019 4655 etsi
1039 4617 1102 4657 cum
1118 4598 1283 4655 haeresibus
1300 4600 1379 4669 buius
1393 4608 1475 4679 ψ·

147 4668 185 4722 ris
204 4667 268 4721 nolo
289 4669 356 4723 mibi
374 4669 523 4737 quidquam
542 4685 603 4724 osse
621 4685 771 4735 commune,
791 4685 877 4740 esque
896 4670 930 4725 de
948 4685 1032 4726 causa
1052 4668 1252 4726 incommodius
1263 4668 1334 4739 depo
1345 4668 1472 4735 interm

149 4738 230 4792 etiam
249 4738 408 4797 Germanos.
427 4738 491 4806 quia
509 4748 598 4793 tamen
618 4741 772 4809 Bononiae,
791 4756 863 4810 quae
881 4741 978 4795 summi
995 4740 1137 4795 Pontificio
1155 4747 1199 4795 est
1218 4738 1358 4807 clientela,
1376 4730 1470 4793 M

149 4815 217 4933 Q
229 4807 360 4935 queuffiq'uid
385 4807 471 4865 officit
493 4811 649 4866 auctoritati
672 4816 699 4865 et
718 4810 949 4880 praeeminentiae
971 4810 1218 4885 samsonem,
1241 4825 1296 4868 noe
1318 4810 1404 4887 opiner
1418 4802 1466 4859 ὥ
