<?xml version="1.0" encoding="UTF-8"?>
<!DOCTYPE html PUBLIC "-//W3C//DTD XHTML 1.0 Transitional//EN"
    "http://www.w3.org/TR/xhtml1/DTD/xhtml1-transitional.dtd">
<html xmlns="http://www.w3.org/1999/xhtml" xml:lang="en" lang="en">
 <head>
  <title>
</title>
<meta http-equiv="Content-Type" content="text/html;charset=utf-8" />
  <meta name='ocr-system' content='tesseract 3.04.00' />
  <meta name='ocr-capabilities' content='ocr_page ocr_carea ocr_par ocr_line ocrx_word'/>
</head>
<body>
  <div class='ocr_page' id='page_1' title='image "./joanniskepleria00frisgoog/joanniskepleria00frisgoog_0088.png"; bbox 0 0 3308 5534; ppageno 0'>
   <div class='ocr_carea' id='block_1_1' title="bbox 150 366 985 439">
    <p class='ocr_par' dir='ltr' id='par_1_1' title="bbox 150 366 985 439">
     <span class='ocr_line' id='line_1_1' title="bbox 150 366 985 439; baseline -0.001 -12"><span class='ocrx_word' id='word_1_1' title='bbox 150 368 193 439; x_wconf 77' lang='lat'><strong>78</strong></span> <span class='ocrx_word' id='word_1_2' title='bbox 668 368 833 427; x_wconf 71' lang='lat' dir='ltr'><strong>Plutarchus</strong></span> <span class='ocrx_word' id='word_1_3' title='bbox 850 366 885 425; x_wconf 93' lang='lat' dir='ltr'><strong>de</strong></span> <span class='ocrx_word' id='word_1_4' title='bbox 901 366 985 426; x_wconf 81' lang='lat' dir='ltr'><strong>Facie</strong></span> 
     </span>
    </p>
   </div>
   <div class='ocr_carea' id='block_1_2' title="bbox 128 548 1514 4909">
    <p class='ocr_par' dir='ltr' id='par_1_2' title="bbox 148 548 1514 1328">
     <span class='ocr_line' id='line_1_2' title="bbox 148 548 1512 631; baseline 0 -20"><span class='ocrx_word' id='word_1_5' title='bbox 148 558 249 629; x_wconf 86' lang='lat' dir='ltr'><strong>potest</strong></span> <span class='ocrx_word' id='word_1_6' title='bbox 270 550 333 623; x_wconf 89' lang='lat' dir='ltr'><strong>illa,</strong></span> <span class='ocrx_word' id='word_1_7' title='bbox 357 568 433 626; x_wconf 90' lang='lat' dir='ltr'><strong>quae</strong></span> <span class='ocrx_word' id='word_1_8' title='bbox 455 558 537 610; x_wconf 89' lang='lat' dir='ltr'><strong>recta</strong></span> <span class='ocrx_word' id='word_1_9' title='bbox 558 567 616 609; x_wconf 90' lang='lat' dir='ltr'><strong>uon</strong></span> <span class='ocrx_word' id='word_1_10' title='bbox 641 550 776 610; x_wconf 86' lang='lat' dir='ltr'><strong>videntur</strong></span> <span class='ocrx_word' id='word_1_11' title='bbox 790 548 842 609; x_wconf 85' lang='lat' dir='ltr'><strong>illa</strong></span> <span class='ocrx_word' id='word_1_12' title='bbox 857 551 980 623; x_wconf 87' lang='lat' dir='ltr'><strong>visione,</strong></span> <span class='ocrx_word' id='word_1_13' title='bbox 1004 556 1034 609; x_wconf 93' lang='lat' dir='ltr'><strong>et</strong></span> <span class='ocrx_word' id='word_1_14' title='bbox 1056 548 1142 609; x_wconf 88' lang='lat' dir='ltr'><strong>Luna</strong></span> <span class='ocrx_word' id='word_1_15' title='bbox 1163 551 1239 627; x_wconf 89' lang='lat' dir='ltr'><strong>ipsa,</strong></span> <span class='ocrx_word' id='word_1_16' title='bbox 1262 568 1330 611; x_wconf 91' lang='lat' dir='ltr'><strong>curn</strong></span> <span class='ocrx_word' id='word_1_17' title='bbox 1352 550 1512 631; x_wconf 87' lang='lat' dir='ltr'><strong>eetpleua,</strong></span> 
     </span>
     <span class='ocr_line' id='line_1_3' title="bbox 148 636 1512 716; baseline 0.001 -17"><span class='ocrx_word' id='word_1_18' title='bbox 148 639 334 716; x_wconf 87' lang='lat' dir='ltr'><strong>speculorum</strong></span> <span class='ocrx_word' id='word_1_19' title='bbox 364 640 495 697; x_wconf 86' lang='lat' dir='ltr'><strong>omniurn</strong></span> <span class='ocrx_word' id='word_1_20' title='bbox 523 640 709 714; x_wconf 87' lang='lat' dir='ltr'><strong>purissimum</strong></span> <span class='ocrx_word' id='word_1_21' title='bbox 738 647 769 698; x_wconf 90' lang='lat' dir='ltr'><strong>et</strong></span> <span class='ocrx_word' id='word_1_22' title='bbox 789 636 1014 714; x_wconf 87' lang='lat' dir='ltr'><strong>pulcherrimum</strong></span> <span class='ocrx_word' id='word_1_23' title='bbox 1045 646 1090 696; x_wconf 89' lang='lat' dir='ltr'><strong>est</strong></span> <span class='ocrx_word' id='word_1_24' title='bbox 1111 638 1325 713; x_wconf 72' lang='lat' dir='ltr'><strong>aequabilitate</strong></span> <span class='ocrx_word' id='word_1_25' title='bbox 1346 648 1377 699; x_wconf 87' lang='lat' dir='ltr'><strong>et</strong></span> <span class='ocrx_word' id='word_1_26' title='bbox 1407 642 1512 701; x_wconf 87' lang='lat' dir='ltr'><strong>nitore.</strong></span> 
     </span>
     <span class='ocr_line' id='line_1_4' title="bbox 149 720 1512 808; baseline 0.001 -23"><span class='ocrx_word' id='word_1_27' title='bbox 149 726 256 802; x_wconf 85' lang='lat' dir='ltr'><strong>ltaque</strong></span> <span class='ocrx_word' id='word_1_28' title='bbox 278 729 355 785; x_wconf 89' lang='lat' dir='ltr'><strong>sicut</strong></span> <span class='ocrx_word' id='word_1_29' title='bbox 377 720 495 808; x_wconf 86' lang='lat' dir='ltr'><strong>(arcum</strong></span> <span class='ocrx_word' id='word_1_30' title='bbox 516 721 689 806; x_wconf 87' lang='lat' dir='ltr'><strong>coelestem)</strong></span> <span class='ocrx_word' id='word_1_31' title='bbox 713 742 766 785; x_wconf 84' lang='lat' dir='ltr'><strong>eos</strong></span> <span class='ocrx_word' id='word_1_32' title='bbox 788 727 900 801; x_wconf 89' lang='lat' dir='ltr'><strong>putatis</strong></span> <span class='ocrx_word' id='word_1_33' title='bbox 922 724 1005 785; x_wconf 85' lang='lat' dir='ltr'><strong>radio</strong></span> <span class='ocrx_word' id='word_1_34' title='bbox 1029 726 1139 784; x_wconf 77' lang='lat' dir='ltr'><strong>risorio</strong></span> <span class='ocrx_word' id='word_1_35' title='bbox 1162 741 1265 786; x_wconf 83' lang='lat' dir='ltr'><strong>sersus</strong></span> <span class='ocrx_word' id='word_1_36' title='bbox 1286 725 1387 787; x_wconf 86' lang='lat' dir='ltr'><strong>Solem</strong></span> <span class='ocrx_word' id='word_1_37' title='bbox 1411 744 1512 805; x_wconf 89' lang='lat' dir='ltr'><strong>reper-</strong></span> 
     </span>
     <span class='ocr_line' id='line_1_5' title="bbox 149 810 1513 893; baseline 0.001 -20"><span class='ocrx_word' id='word_1_38' title='bbox 149 830 238 873; x_wconf 86' lang='lat' dir='ltr'><strong>cusso</strong></span> <span class='ocrx_word' id='word_1_39' title='bbox 261 816 290 871; x_wconf 93' lang='lat' dir='ltr'><strong>in</strong></span> <span class='ocrx_word' id='word_1_40' title='bbox 313 814 392 873; x_wconf 89' lang='lat' dir='ltr'><strong>nube</strong></span> <span class='ocrx_word' id='word_1_41' title='bbox 416 814 560 889; x_wconf 77' lang='lat' dir='ltr'><strong>conspici,</strong></span> <span class='ocrx_word' id='word_1_42' title='bbox 584 830 650 872; x_wconf 91' lang='lat' dir='ltr'><strong>cum</strong></span> <span class='ocrx_word' id='word_1_43' title='bbox 673 831 709 872; x_wconf 95' lang='lat' dir='ltr'><strong>ea</strong></span> <span class='ocrx_word' id='word_1_44' title='bbox 731 812 882 872; x_wconf 85' lang='lat' dir='ltr'><strong>humidum</strong></span> <span class='ocrx_word' id='word_1_45' title='bbox 904 813 1048 888; x_wconf 90' lang='lat' dir='ltr'><strong>paulatim</strong></span> <span class='ocrx_word' id='word_1_46' title='bbox 1076 812 1224 872; x_wconf 84' lang='lat' dir='ltr'><strong>laesorem</strong></span> <span class='ocrx_word' id='word_1_47' title='bbox 1246 821 1277 872; x_wconf 89' lang='lat' dir='ltr'><strong>et</strong></span> <span class='ocrx_word' id='word_1_48' title='bbox 1305 810 1513 893; x_wconf 87' lang='lat' dir='ltr'><strong>(colliquatio-</strong></span> 
     </span>
     <span class='ocr_line' id='line_1_6' title="bbox 149 899 1514 976; baseline 0.001 -17"><span class='ocrx_word' id='word_1_49' title='bbox 149 908 232 975; x_wconf 84' lang='lat' dir='ltr'><strong>nem)</strong></span> <span class='ocrx_word' id='word_1_50' title='bbox 255 900 395 971; x_wconf 87' lang='lat' dir='ltr'><strong>induerit,</strong></span> <span class='ocrx_word' id='word_1_51' title='bbox 419 903 462 959; x_wconf 88' lang='lat' dir='ltr'><strong>ita</strong></span> <span class='ocrx_word' id='word_1_52' title='bbox 483 902 663 960; x_wconf 83' lang='lat' dir='ltr'><strong>existimavit</strong></span> <span class='ocrx_word' id='word_1_53' title='bbox 686 899 748 972; x_wconf 94' lang='lat' dir='ltr'><strong>ilie,</strong></span> <span class='ocrx_word' id='word_1_54' title='bbox 772 917 851 959; x_wconf 89' lang='lat' dir='ltr'><strong>mare</strong></span> <span class='ocrx_word' id='word_1_55' title='bbox 873 910 1004 959; x_wconf 85' lang='lat' dir='ltr'><strong>exterum</strong></span> <span class='ocrx_word' id='word_1_56' title='bbox 1028 901 1176 976; x_wconf 88' lang='lat' dir='ltr'><strong>conspici,</strong></span> <span class='ocrx_word' id='word_1_57' title='bbox 1200 916 1236 959; x_wconf 90' lang='lat' dir='ltr'><strong>ac</strong></span> <span class='ocrx_word' id='word_1_58' title='bbox 1258 902 1284 959; x_wconf 89' lang='lat' dir='ltr'><strong>si</strong></span> <span class='ocrx_word' id='word_1_59' title='bbox 1308 903 1337 959; x_wconf 91' lang='lat' dir='ltr'><strong>in</strong></span> <span class='ocrx_word' id='word_1_60' title='bbox 1354 900 1442 961; x_wconf 85' lang='lat' dir='ltr'><strong>Luna</strong></span> <span class='ocrx_word' id='word_1_61' title='bbox 1462 902 1514 961; x_wconf 91' lang='lat' dir='ltr'><strong>in·</strong></span> 
     </span>
     <span class='ocr_line' id='line_1_7' title="bbox 149 985 1514 1064; baseline 0.001 -16"><span class='ocrx_word' id='word_1_62' title='bbox 149 998 237 1057; x_wconf 88' lang='lat' dir='ltr'><strong>esset,</strong></span> <span class='ocrx_word' id='word_1_63' title='bbox 261 1004 318 1047; x_wconf 89' lang='lat' dir='ltr'><strong>noo</strong></span> <span class='ocrx_word' id='word_1_64' title='bbox 343 986 478 1064; x_wconf 84' lang='lat' dir='ltr'><strong>equidem</strong></span> <span class='ocrx_word' id='word_1_65' title='bbox 500 1004 537 1046; x_wconf 90' lang='lat' dir='ltr'><strong>ca</strong></span> <span class='ocrx_word' id='word_1_66' title='bbox 559 990 587 1045; x_wconf 89' lang='lat' dir='ltr'><strong>iu</strong></span> <span class='ocrx_word' id='word_1_67' title='bbox 609 989 738 1064; x_wconf 81' lang='lat' dir='ltr'><strong>regione,</strong></span> <span class='ocrx_word' id='word_1_68' title='bbox 761 990 790 1045; x_wconf 94' lang='lat' dir='ltr'><strong>in</strong></span> <span class='ocrx_word' id='word_1_69' title='bbox 814 1004 873 1064; x_wconf 90' lang='lat' dir='ltr'><strong>qua</strong></span> <span class='ocrx_word' id='word_1_70' title='bbox 896 996 950 1059; x_wconf 92' lang='lat' dir='ltr'><strong>est,</strong></span> <span class='ocrx_word' id='word_1_71' title='bbox 972 986 1025 1047; x_wconf 90' lang='lat' dir='ltr'><strong>sed</strong></span> <span class='ocrx_word' id='word_1_72' title='bbox 1050 990 1079 1046; x_wconf 91' lang='lat' dir='ltr'><strong>in</strong></span> <span class='ocrx_word' id='word_1_73' title='bbox 1103 985 1165 1059; x_wconf 90' lang='lat' dir='ltr'><strong>illa,</strong></span> <span class='ocrx_word' id='word_1_74' title='bbox 1189 986 1267 1047; x_wconf 94' lang='lat' dir='ltr'><strong>unde</strong></span> <span class='ocrx_word' id='word_1_75' title='bbox 1288 988 1410 1049; x_wconf 82' lang='lat' dir='ltr'><strong>reflexio</strong></span> <span class='ocrx_word' id='word_1_76' title='bbox 1432 988 1514 1049; x_wconf 86' lang='lat' dir='ltr'><strong>lacta</strong></span> 
     </span>
     <span class='ocr_line' id='line_1_8' title="bbox 150 1072 1513 1151; baseline 0 -16"><span class='ocrx_word' id='word_1_77' title='bbox 150 1078 294 1136; x_wconf 78' lang='lat' dir='ltr'>visionem</span> <span class='ocrx_word' id='word_1_78' title='bbox 316 1078 447 1151; x_wconf 75' lang='lat' dir='ltr'><strong>perfecit,</strong></span> <span class='ocrx_word' id='word_1_79' title='bbox 470 1082 637 1134; x_wconf 87' lang='lat' dir='ltr'><strong>contactum</strong></span> <span class='ocrx_word' id='word_1_80' title='bbox 659 1073 771 1135; x_wconf 88' lang='lat' dir='ltr'><strong>scilicet</strong></span> <span class='ocrx_word' id='word_1_81' title='bbox 792 1074 857 1151; x_wconf 91' lang='lat' dir='ltr'><strong>ejus</strong></span> <span class='ocrx_word' id='word_1_82' title='bbox 879 1082 910 1135; x_wconf 87' lang='lat' dir='ltr'><strong>et</strong></span> <span class='ocrx_word' id='word_1_83' title='bbox 931 1074 1108 1134; x_wconf 74' lang='lat' dir='ltr'><strong>resilientem</strong></span> <span class='ocrx_word' id='word_1_84' title='bbox 1125 1072 1193 1133; x_wconf 92' lang='lat' dir='ltr'><strong>iude</strong></span> <span class='ocrx_word' id='word_1_85' title='bbox 1207 1074 1412 1150; x_wconf 86' lang='lat' dir='ltr'><strong>radiationeru,</strong></span> <span class='ocrx_word' id='word_1_86' title='bbox 1436 1078 1513 1135; x_wconf 89' lang='lat' dir='ltr'><strong>sicut</strong></span> 
     </span>
     <span class='ocr_line' id='line_1_9' title="bbox 151 1160 1512 1239; baseline 0.001 -18"><span class='ocrx_word' id='word_1_87' title='bbox 151 1180 267 1222; x_wconf 89' lang='lat' dir='ltr'><strong>rursum</strong></span> <span class='ocrx_word' id='word_1_88' title='bbox 289 1164 458 1238; x_wconf 77' lang='lat' dir='ltr'><strong>Agesianax</strong></span> <span class='ocrx_word' id='word_1_89' title='bbox 481 1161 589 1221; x_wconf 79' lang='lat' dir='ltr'><strong>alicubi</strong></span> <span class='ocrx_word' id='word_1_90' title='bbox 612 1164 742 1239; x_wconf 88' lang='lat' dir='ltr'><strong>scripsit:</strong></span> <span class='ocrx_word' id='word_1_91' title='bbox 777 1164 840 1221; x_wconf 82' lang='lat' dir='ltr'><strong>Ant</strong></span> <span class='ocrx_word' id='word_1_92' title='bbox 856 1165 947 1236; x_wconf 79' lang='lat' dir='ltr'><strong>ponii</strong></span> <span class='ocrx_word' id='word_1_93' title='bbox 970 1165 1122 1237; x_wconf 78' lang='lat' dir='ltr'><strong>inpertiem</strong></span> <span class='ocrx_word' id='word_1_94' title='bbox 1141 1160 1375 1239; x_wconf 73' lang='lat' dir='ltr'><strong>fluctuationem</strong></span> <span class='ocrx_word' id='word_1_95' title='bbox 1396 1162 1512 1223; x_wconf 81' lang='lat' dir='ltr'><strong>oderr-</strong></span> 
     </span>
     <span class='ocr_line' id='line_1_10' title="bbox 152 1248 1311 1328; baseline -0.001 -18"><span class='ocrx_word' id='word_1_96' title='bbox 152 1269 222 1310; x_wconf 85' lang='lat' dir='ltr'><strong>strm</strong></span> <span class='ocrx_word' id='word_1_97' title='bbox 244 1267 304 1309; x_wconf 83' lang='lat' dir='ltr'><strong>aesc</strong></span> <span class='ocrx_word' id='word_1_98' title='bbox 323 1250 504 1328; x_wconf 76' lang='lat' dir='ltr'><strong>fluctuantia</strong></span> <span class='ocrx_word' id='word_1_99' title='bbox 526 1253 628 1326; x_wconf 79' lang='lat' dir='ltr'><strong>imopo</strong></span> <span class='ocrx_word' id='word_1_100' title='bbox 649 1257 892 1325; x_wconf 81' lang='lat' dir='ltr'><strong>repraesentaret</strong></span> <span class='ocrx_word' id='word_1_101' title='bbox 913 1248 1168 1327; x_wconf 69' lang='lat' dir='ltr'><strong>ionillammontt‘s</strong></span> <span class='ocrx_word' id='word_1_102' title='bbox 1188 1252 1311 1323; x_wconf 83' lang='lat' dir='ltr'><strong>epectrit&#39;.</strong></span> 
     </span>
    </p>

    <p class='ocr_par' dir='ltr' id='par_1_3' title="bbox 149 1336 1513 1588">
     <span class='ocr_line' id='line_1_11' title="bbox 256 1336 1513 1415; baseline 0.002 -20"><span class='ocrx_word' id='word_1_103' title='bbox 256 1336 312 1395; x_wconf 85' lang='lat' dir='ltr'><strong>His</strong></span> <span class='ocrx_word' id='word_1_104' title='bbox 335 1336 497 1397; x_wconf 88' lang='lat' dir='ltr'><strong>delectatus</strong></span> <span class='ocrx_word' id='word_1_105' title='bbox 520 1336 804 1413; x_wconf 78' lang='lat' dir='ltr'><strong>Apollonides,</strong></span> <span class='ocrx_word' id='word_1_106' title='bbox 828 1353 916 1412; x_wconf 88' lang='lat' dir='ltr'><strong>quam</strong></span> <span class='ocrx_word' id='word_1_107' title='bbox 938 1336 1104 1413; x_wconf 74' lang='lat' dir='ltr'><strong>singularia,</strong></span> <span class='ocrx_word' id='word_1_108' title='bbox 1128 1338 1231 1413; x_wconf 92' lang='lat' dir='ltr'><strong>inquit,</strong></span> <span class='ocrx_word' id='word_1_109' title='bbox 1255 1344 1285 1396; x_wconf 89' lang='lat' dir='ltr'><strong>et</strong></span> <span class='ocrx_word' id='word_1_110' title='bbox 1306 1336 1438 1398; x_wconf 85' lang='lat' dir='ltr'><strong>insolens</strong></span> <span class='ocrx_word' id='word_1_111' title='bbox 1455 1354 1513 1415; x_wconf 85' lang='lat' dir='ltr'><strong>ap·</strong></span> 
     </span>
     <span class='ocr_line' id='line_1_12' title="bbox 149 1422 1512 1501; baseline 0.001 -18"><span class='ocrx_word' id='word_1_112' title='bbox 149 1434 271 1500; x_wconf 89' lang='lat' dir='ltr'><strong>paratus</strong></span> <span class='ocrx_word' id='word_1_113' title='bbox 294 1434 339 1483; x_wconf 89' lang='lat' dir='ltr'><strong>est</strong></span> <span class='ocrx_word' id='word_1_114' title='bbox 361 1423 449 1501; x_wconf 83' lang='lat' dir='ltr'><strong>hujus</strong></span> <span class='ocrx_word' id='word_1_115' title='bbox 472 1426 627 1501; x_wconf 86' lang='lat' dir='ltr'><strong>opinionis,</strong></span> <span class='ocrx_word' id='word_1_116' title='bbox 650 1424 771 1484; x_wconf 91' lang='lat' dir='ltr'><strong>audacis</strong></span> <span class='ocrx_word' id='word_1_117' title='bbox 796 1439 865 1482; x_wconf 90' lang='lat' dir='ltr'><strong>vero</strong></span> <span class='ocrx_word' id='word_1_118' title='bbox 888 1422 975 1483; x_wconf 90' lang='lat' dir='ltr'><strong>simul</strong></span> <span class='ocrx_word' id='word_1_119' title='bbox 998 1431 1029 1483; x_wconf 91' lang='lat' dir='ltr'><strong>et</strong></span> <span class='ocrx_word' id='word_1_120' title='bbox 1050 1425 1194 1501; x_wconf 80' lang='lat' dir='ltr'><strong>ingeniosi</strong></span> <span class='ocrx_word' id='word_1_121' title='bbox 1217 1423 1353 1483; x_wconf 89' lang='lat' dir='ltr'><strong>bominis.</strong></span> <span class='ocrx_word' id='word_1_122' title='bbox 1400 1422 1512 1487; x_wconf 80' lang='lat' dir='ltr'><strong>Vesuui</strong></span> 
     </span>
     <span class='ocr_line' id='line_1_13' title="bbox 151 1510 813 1588; baseline -0.002 -17"><span class='ocrx_word' id='word_1_123' title='bbox 151 1510 287 1571; x_wconf 83' lang='lat' dir='ltr'><strong>alicunde</strong></span> <span class='ocrx_word' id='word_1_124' title='bbox 310 1520 338 1571; x_wconf 88' lang='lat' dir='ltr'><strong>et</strong></span> <span class='ocrx_word' id='word_1_125' title='bbox 362 1513 578 1571; x_wconf 76' lang='lat' dir='ltr'><strong>confutationes</strong></span> <span class='ocrx_word' id='word_1_126' title='bbox 601 1512 665 1588; x_wconf 89' lang='lat' dir='ltr'><strong>ejus</strong></span> <span class='ocrx_word' id='word_1_127' title='bbox 687 1528 813 1571; x_wconf 87' lang='lat' dir='ltr'><strong>accerse.</strong></span> 
     </span>
    </p>

    <p class='ocr_par' dir='ltr' id='par_1_4' title="bbox 149 1598 1511 2462">
     <span class='ocr_line' id='line_1_14' title="bbox 254 1598 1511 1675; baseline 0.003 -18"><span class='ocrx_word' id='word_1_128' title='bbox 254 1598 394 1670; x_wconf 83' lang='lat' dir='ltr'><strong>Primum,</strong></span> <span class='ocrx_word' id='word_1_129' title='bbox 417 1600 536 1675; x_wconf 88' lang='lat' dir='ltr'><strong>inquam</strong></span> <span class='ocrx_word' id='word_1_130' title='bbox 552 1600 631 1675; x_wconf 81' lang='lat' dir='ltr'><strong>Ego,</strong></span> <span class='ocrx_word' id='word_1_131' title='bbox 654 1602 679 1657; x_wconf 89' lang='lat' dir='ltr'><strong>si</strong></span> <span class='ocrx_word' id='word_1_132' title='bbox 702 1600 790 1657; x_wconf 87' lang='lat' dir='ltr'><strong>maris</strong></span> <span class='ocrx_word' id='word_1_133' title='bbox 813 1600 904 1657; x_wconf 84' lang='lat' dir='ltr'><strong>exteri</strong></span> <span class='ocrx_word' id='word_1_134' title='bbox 926 1616 985 1658; x_wconf 87' lang='lat' dir='ltr'><strong>una</strong></span> <span class='ocrx_word' id='word_1_135' title='bbox 1007 1605 1053 1658; x_wconf 89' lang='lat' dir='ltr'><strong>est</strong></span> <span class='ocrx_word' id='word_1_136' title='bbox 1074 1598 1255 1671; x_wconf 85' lang='lat' dir='ltr'><strong>substantia,</strong></span> <span class='ocrx_word' id='word_1_137' title='bbox 1285 1599 1459 1659; x_wconf 86' lang='lat' dir='ltr'><strong>continuum</strong></span> <span class='ocrx_word' id='word_1_138' title='bbox 1480 1608 1511 1661; x_wconf 82' lang='lat' dir='ltr'><strong>ei</strong></span> 
     </span>
     <span class='ocr_line' id='line_1_15' title="bbox 149 1685 1508 1763; baseline 0.001 -20"><span class='ocrx_word' id='word_1_139' title='bbox 149 1686 181 1743; x_wconf 93' lang='lat' dir='ltr'><strong>in</strong></span> <span class='ocrx_word' id='word_1_140' title='bbox 203 1702 236 1745; x_wconf 91' lang='lat' dir='ltr'><strong>se</strong></span> <span class='ocrx_word' id='word_1_141' title='bbox 258 1686 403 1745; x_wconf 86' lang='lat' dir='ltr'><strong>coniluom</strong></span> <span class='ocrx_word' id='word_1_142' title='bbox 427 1686 562 1763; x_wconf 74' lang='lat' dir='ltr'><strong>pelagus,</strong></span> <span class='ocrx_word' id='word_1_143' title='bbox 586 1690 732 1763; x_wconf 78' lang='lat' dir='ltr'><strong>apparitio</strong></span> <span class='ocrx_word' id='word_1_144' title='bbox 755 1702 825 1744; x_wconf 85' lang='lat' dir='ltr'><strong>vero</strong></span> <span class='ocrx_word' id='word_1_145' title='bbox 848 1686 993 1745; x_wconf 80' lang='lat' dir='ltr'><strong>tuscorum</strong></span> <span class='ocrx_word' id='word_1_146' title='bbox 1017 1688 1045 1743; x_wconf 93' lang='lat' dir='ltr'><strong>in</strong></span> <span class='ocrx_word' id='word_1_147' title='bbox 1062 1685 1146 1744; x_wconf 79' lang='lat' dir='ltr'><strong>Luna</strong></span> <span class='ocrx_word' id='word_1_148' title='bbox 1168 1685 1348 1745; x_wconf 90' lang='lat' dir='ltr'><strong>macularum</strong></span> <span class='ocrx_word' id='word_1_149' title='bbox 1364 1702 1424 1745; x_wconf 86' lang='lat' dir='ltr'><strong>non</strong></span> <span class='ocrx_word' id='word_1_150' title='bbox 1441 1704 1508 1761; x_wconf 87' lang='lat' dir='ltr'><strong>uua,</strong></span> 
     </span>
     <span class='ocr_line' id='line_1_16' title="bbox 150 1771 1511 1850; baseline 0.002 -19"><span class='ocrx_word' id='word_1_151' title='bbox 150 1772 202 1831; x_wconf 90' lang='lat' dir='ltr'><strong>sed</strong></span> <span class='ocrx_word' id='word_1_152' title='bbox 226 1772 306 1831; x_wconf 85' lang='lat' dir='ltr'><strong>velut</strong></span> <span class='ocrx_word' id='word_1_153' title='bbox 330 1773 454 1832; x_wconf 87' lang='lat' dir='ltr'><strong>isthmos</strong></span> <span class='ocrx_word' id='word_1_154' title='bbox 478 1775 595 1850; x_wconf 88' lang='lat' dir='ltr'><strong>aliquos</strong></span> <span class='ocrx_word' id='word_1_155' title='bbox 618 1774 740 1845; x_wconf 81' lang='lat' dir='ltr'><strong>itabens,</strong></span> <span class='ocrx_word' id='word_1_156' title='bbox 763 1771 917 1848; x_wconf 89' lang='lat' dir='ltr'><strong>splendore</strong></span> <span class='ocrx_word' id='word_1_157' title='bbox 941 1783 1038 1850; x_wconf 89' lang='lat' dir='ltr'><strong>partes</strong></span> <span class='ocrx_word' id='word_1_158' title='bbox 1055 1774 1206 1832; x_wconf 86' lang='lat' dir='ltr'><strong>umbrosas</strong></span> <span class='ocrx_word' id='word_1_159' title='bbox 1221 1771 1371 1833; x_wconf 86' lang='lat' dir='ltr'><strong>dividente</strong></span> <span class='ocrx_word' id='word_1_160' title='bbox 1393 1781 1426 1833; x_wconf 89' lang='lat' dir='ltr'><strong>et</strong></span> <span class='ocrx_word' id='word_1_161' title='bbox 1448 1774 1511 1833; x_wconf 86' lang='lat' dir='ltr'><strong>dis-</strong></span> 
     </span>
     <span class='ocr_line' id='line_1_17' title="bbox 154 1858 1511 1937; baseline -0.002 -17"><span class='ocrx_word' id='word_1_162' title='bbox 154 1862 341 1920; x_wconf 87' lang='lat' dir='ltr'><strong>terminante:</strong></span> <span class='ocrx_word' id='word_1_163' title='bbox 366 1877 426 1936; x_wconf 86' lang='lat' dir='ltr'><strong>qua</strong></span> <span class='ocrx_word' id='word_1_164' title='bbox 447 1864 574 1933; x_wconf 87' lang='lat' dir='ltr'><strong>ratione,</strong></span> <span class='ocrx_word' id='word_1_165' title='bbox 598 1878 663 1919; x_wconf 91' lang='lat' dir='ltr'><strong>cum</strong></span> <span class='ocrx_word' id='word_1_166' title='bbox 686 1868 798 1919; x_wconf 85' lang='lat' dir='ltr'><strong>secreta</strong></span> <span class='ocrx_word' id='word_1_167' title='bbox 819 1862 877 1918; x_wconf 89' lang='lat' dir='ltr'><strong>sint</strong></span> <span class='ocrx_word' id='word_1_168' title='bbox 900 1858 967 1920; x_wconf 89' lang='lat' dir='ltr'><strong>loca</strong></span> <span class='ocrx_word' id='word_1_169' title='bbox 989 1860 1105 1935; x_wconf 83' lang='lat' dir='ltr'><strong>singula</strong></span> <span class='ocrx_word' id='word_1_170' title='bbox 1128 1875 1257 1935; x_wconf 89' lang='lat' dir='ltr'><strong>suosque</strong></span> <span class='ocrx_word' id='word_1_171' title='bbox 1280 1859 1388 1919; x_wconf 88' lang='lat' dir='ltr'><strong>limites</strong></span> <span class='ocrx_word' id='word_1_172' title='bbox 1411 1864 1511 1937; x_wconf 86' lang='lat' dir='ltr'><strong>possi·</strong></span> 
     </span>
     <span class='ocr_line' id='line_1_18' title="bbox 153 1946 1511 2024; baseline 0 -17"><span class='ocrx_word' id='word_1_173' title='bbox 153 1946 244 2007; x_wconf 88' lang='lat' dir='ltr'><strong>deant</strong></span> <span class='ocrx_word' id='word_1_174' title='bbox 267 1947 428 2006; x_wconf 89' lang='lat' dir='ltr'><strong>lucidarum</strong></span> <span class='ocrx_word' id='word_1_175' title='bbox 450 1952 590 2024; x_wconf 86' lang='lat' dir='ltr'><strong>portium,</strong></span> <span class='ocrx_word' id='word_1_176' title='bbox 619 1949 751 2024; x_wconf 89' lang='lat' dir='ltr'><strong>partibus</strong></span> <span class='ocrx_word' id='word_1_177' title='bbox 774 1948 918 2006; x_wconf 82' lang='lat' dir='ltr'><strong>umbrosis</strong></span> <span class='ocrx_word' id='word_1_178' title='bbox 949 1950 1132 2007; x_wconf 86' lang='lat' dir='ltr'><strong>imminentes</strong></span> <span class='ocrx_word' id='word_1_179' title='bbox 1160 1946 1322 2023; x_wconf 88' lang='lat' dir='ltr'><strong>crepidines</strong></span> <span class='ocrx_word' id='word_1_180' title='bbox 1345 1948 1511 2009; x_wconf 86' lang='lat' dir='ltr'><strong>altitudinis</strong></span> 
     </span>
     <span class='ocr_line' id='line_1_19' title="bbox 150 2034 1510 2113; baseline 0 -18"><span class='ocrx_word' id='word_1_181' title='bbox 150 2045 180 2095; x_wconf 88' lang='lat' dir='ltr'><strong>et</strong></span> <span class='ocrx_word' id='word_1_182' title='bbox 202 2036 408 2112; x_wconf 79' lang='lat' dir='ltr'><strong>profunditatis</strong></span> <span class='ocrx_word' id='word_1_183' title='bbox 430 2038 559 2113; x_wconf 89' lang='lat' dir='ltr'><strong>speciem</strong></span> <span class='ocrx_word' id='word_1_184' title='bbox 583 2034 748 2106; x_wconf 87' lang='lat' dir='ltr'><strong>induerunt,</strong></span> <span class='ocrx_word' id='word_1_185' title='bbox 772 2042 801 2093; x_wconf 91' lang='lat' dir='ltr'><strong>et</strong></span> <span class='ocrx_word' id='word_1_186' title='bbox 816 2036 858 2093; x_wconf 90' lang='lat' dir='ltr'><strong>sic</strong></span> <span class='ocrx_word' id='word_1_187' title='bbox 882 2034 948 2093; x_wconf 84' lang='lat' dir='ltr'><strong>illas</strong></span> <span class='ocrx_word' id='word_1_188' title='bbox 972 2034 1121 2095; x_wconf 89' lang='lat' dir='ltr'><strong>oculorum</strong></span> <span class='ocrx_word' id='word_1_189' title='bbox 1144 2044 1174 2094; x_wconf 90' lang='lat' dir='ltr'><strong>et</strong></span> <span class='ocrx_word' id='word_1_190' title='bbox 1196 2034 1338 2093; x_wconf 89' lang='lat' dir='ltr'><strong>labiorum</strong></span> <span class='ocrx_word' id='word_1_191' title='bbox 1362 2052 1510 2111; x_wconf 87' lang='lat' dir='ltr'><strong>appareu-</strong></span> 
     </span>
     <span class='ocr_line' id='line_1_20' title="bbox 150 2121 1510 2199; baseline 0.001 -18"><span class='ocrx_word' id='word_1_192' title='bbox 150 2134 195 2182; x_wconf 89' lang='lat' dir='ltr'><strong>tes</strong></span> <span class='ocrx_word' id='word_1_193' title='bbox 217 2123 329 2197; x_wconf 74' lang='lat' dir='ltr'><strong>efligies</strong></span> <span class='ocrx_word' id='word_1_194' title='bbox 353 2123 511 2183; x_wconf 91' lang='lat' dir='ltr'><strong>admodum</strong></span> <span class='ocrx_word' id='word_1_195' title='bbox 535 2125 700 2199; x_wconf 89' lang='lat' dir='ltr'><strong>propinqua</strong></span> <span class='ocrx_word' id='word_1_196' title='bbox 713 2121 903 2181; x_wconf 87' lang='lat' dir='ltr'><strong>similitudine</strong></span> <span class='ocrx_word' id='word_1_197' title='bbox 926 2130 1137 2199; x_wconf 83' lang='lat' dir='ltr'><strong>expresserunt.</strong></span> <span class='ocrx_word' id='word_1_198' title='bbox 1171 2122 1248 2197; x_wconf 76' lang='lat' dir='ltr'><strong>Ergo</strong></span> <span class='ocrx_word' id='word_1_199' title='bbox 1263 2133 1314 2180; x_wconf 89' lang='lat' dir='ltr'><strong>aut</strong></span> <span class='ocrx_word' id='word_1_200' title='bbox 1329 2123 1510 2183; x_wconf 87' lang='lat' dir='ltr'><strong>subenmen-</strong></span> 
     </span>
     <span class='ocr_line' id='line_1_21' title="bbox 150 2208 1509 2287; baseline 0 -19"><span class='ocrx_word' id='word_1_201' title='bbox 150 2212 218 2268; x_wconf 89' lang='lat' dir='ltr'><strong>dum</strong></span> <span class='ocrx_word' id='word_1_202' title='bbox 241 2214 304 2283; x_wconf 87' lang='lat' dir='ltr'><strong>erit,</strong></span> <span class='ocrx_word' id='word_1_203' title='bbox 328 2210 412 2287; x_wconf 90' lang='lat' dir='ltr'><strong>plura</strong></span> <span class='ocrx_word' id='word_1_204' title='bbox 434 2229 499 2269; x_wconf 88' lang='lat' dir='ltr'><strong>esee</strong></span> <span class='ocrx_word' id='word_1_205' title='bbox 522 2214 613 2269; x_wconf 89' lang='lat' dir='ltr'><strong>maria</strong></span> <span class='ocrx_word' id='word_1_206' title='bbox 636 2220 744 2281; x_wconf 78' lang='lat' dir='ltr'><strong>extera,</strong></span> <span class='ocrx_word' id='word_1_207' title='bbox 769 2210 882 2267; x_wconf 85' lang='lat' dir='ltr'><strong>isthmia</strong></span> <span class='ocrx_word' id='word_1_208' title='bbox 905 2218 934 2269; x_wconf 89' lang='lat' dir='ltr'><strong>et</strong></span> <span class='ocrx_word' id='word_1_209' title='bbox 956 2210 1172 2269; x_wconf 87' lang='lat' dir='ltr'><strong>continentibus</strong></span> <span class='ocrx_word' id='word_1_210' title='bbox 1195 2208 1345 2285; x_wconf 80' lang='lat' dir='ltr'><strong>aliquibus</strong></span> <span class='ocrx_word' id='word_1_211' title='bbox 1367 2210 1406 2269; x_wconf 95' lang='lat' dir='ltr'><strong>ab</strong></span> <span class='ocrx_word' id='word_1_212' title='bbox 1430 2212 1509 2269; x_wconf 88' lang='lat' dir='ltr'><strong>iori-</strong></span> 
     </span>
     <span class='ocr_line' id='line_1_22' title="bbox 149 2294 1508 2399; baseline 0.003 -44"><span class='ocrx_word' id='word_1_213' title='bbox 149 2315 212 2357; x_wconf 91' lang='lat' dir='ltr'><strong>cem</strong></span> <span class='ocrx_word' id='word_1_214' title='bbox 235 2298 366 2368; x_wconf 76' lang='lat' dir='ltr'><strong>ditemur,</strong></span> <span class='ocrx_word' id='word_1_215' title='bbox 390 2298 469 2399; x_wconf 81' lang='lat' dir='ltr'><strong>quoti</strong></span> <span class='ocrx_word' id='word_1_216' title='bbox 492 2297 651 2358; x_wconf 89' lang='lat' dir='ltr'><strong>absurdum</strong></span> <span class='ocrx_word' id='word_1_217' title='bbox 674 2306 704 2356; x_wconf 89' lang='lat' dir='ltr'><strong>et</strong></span> <span class='ocrx_word' id='word_1_218' title='bbox 725 2297 830 2357; x_wconf 77' lang='lat' dir='ltr'><strong>fulsum</strong></span> <span class='ocrx_word' id='word_1_219' title='bbox 854 2306 907 2369; x_wconf 89' lang='lat' dir='ltr'><strong>est,</strong></span> <span class='ocrx_word' id='word_1_220' title='bbox 930 2309 981 2356; x_wconf 90' lang='lat' dir='ltr'><strong>aut</strong></span> <span class='ocrx_word' id='word_1_221' title='bbox 1005 2300 1029 2356; x_wconf 92' lang='lat' dir='ltr'><strong>si</strong></span> <span class='ocrx_word' id='word_1_222' title='bbox 1054 2314 1142 2356; x_wconf 90' lang='lat' dir='ltr'><strong>unum</strong></span> <span class='ocrx_word' id='word_1_223' title='bbox 1166 2294 1264 2369; x_wconf 91' lang='lat' dir='ltr'><strong>idest,</strong></span> <span class='ocrx_word' id='word_1_224' title='bbox 1287 2313 1347 2355; x_wconf 91' lang='lat' dir='ltr'><strong>non</strong></span> <span class='ocrx_word' id='word_1_225' title='bbox 1368 2296 1508 2359; x_wconf 85' lang='lat' dir='ltr'><strong>credibile</strong></span> 
     </span>
     <span class='ocr_line' id='line_1_23' title="bbox 149 2384 899 2462; baseline 0 -19"><span class='ocrx_word' id='word_1_226' title='bbox 149 2384 191 2458; x_wconf 90' lang='lat' dir='ltr'><strong>iit,</strong></span> <span class='ocrx_word' id='word_1_227' title='bbox 214 2386 400 2445; x_wconf 82' lang='lat' dir='ltr'><strong>siturulacmm</strong></span> <span class='ocrx_word' id='word_1_228' title='bbox 424 2386 488 2459; x_wconf 86' lang='lat' dir='ltr'><strong>ejus</strong></span> <span class='ocrx_word' id='word_1_229' title='bbox 512 2389 553 2443; x_wconf 88' lang='lat' dir='ltr'><strong>itu</strong></span> <span class='ocrx_word' id='word_1_230' title='bbox 577 2384 725 2443; x_wconf 86' lang='lat' dir='ltr'><strong>divulsum</strong></span> <span class='ocrx_word' id='word_1_231' title='bbox 749 2401 899 2462; x_wconf 75' lang='lat' dir='ltr'><strong>apparere.</strong></span> 
     </span>
    </p>

    <p class='ocr_par' dir='ltr' id='par_1_5' title="bbox 253 2468 1507 2548">
     <span class='ocr_line' id='line_1_24' title="bbox 253 2468 1507 2548; baseline 0.003 -19"><span class='ocrx_word' id='word_1_232' title='bbox 253 2471 330 2530; x_wconf 90' lang='lat' dir='ltr'><strong>lllud</strong></span> <span class='ocrx_word' id='word_1_233' title='bbox 360 2471 478 2548; x_wconf 89' lang='lat' dir='ltr'><strong>quidem</strong></span> <span class='ocrx_word' id='word_1_234' title='bbox 506 2490 647 2548; x_wconf 87' lang='lat' dir='ltr'><strong>quaerere</strong></span> <span class='ocrx_word' id='word_1_235' title='bbox 677 2474 768 2530; x_wconf 90' lang='lat' dir='ltr'><strong>tutius</strong></span> <span class='ocrx_word' id='word_1_236' title='bbox 796 2481 857 2544; x_wconf 85' lang='lat' dir='ltr'><strong>cst,</strong></span> <span class='ocrx_word' id='word_1_237' title='bbox 887 2488 976 2546; x_wconf 90' lang='lat' dir='ltr'><strong>quam</strong></span> <span class='ocrx_word' id='word_1_238' title='bbox 1004 2481 1033 2531; x_wconf 89' lang='lat' dir='ltr'><strong>te</strong></span> <span class='ocrx_word' id='word_1_239' title='bbox 1064 2480 1218 2548; x_wconf 89' lang='lat' dir='ltr'><strong>praesente</strong></span> <span class='ocrx_word' id='word_1_240' title='bbox 1245 2468 1439 2547; x_wconf 86' lang='lat' dir='ltr'><strong>respondere,</strong></span> <span class='ocrx_word' id='word_1_241' title='bbox 1469 2490 1507 2533; x_wconf 87' lang='lat' dir='ltr'><strong>au</strong></span> 
     </span>
    </p>

    <p class='ocr_par' dir='ltr' id='par_1_6' title="bbox 128 2554 1507 3509">
     <span class='ocr_line' id='line_1_25' title="bbox 128 2554 1507 2635; baseline 0.001 -17"><span class='ocrx_word' id='word_1_242' title='bbox 128 2576 215 2619; x_wconf 91' lang='lat' dir='ltr'><strong>.cum</strong></span> <span class='ocrx_word' id='word_1_243' title='bbox 237 2558 389 2618; x_wconf 79' lang='lat' dir='ltr'><strong>habitatus</strong></span> <span class='ocrx_word' id='word_1_244' title='bbox 412 2561 492 2619; x_wconf 90' lang='lat' dir='ltr'><strong>orbis</strong></span> <span class='ocrx_word' id='word_1_245' title='bbox 515 2570 544 2619; x_wconf 91' lang='lat' dir='ltr'><strong>et</strong></span> <span class='ocrx_word' id='word_1_246' title='bbox 567 2562 595 2616; x_wconf 90' lang='lat' dir='ltr'><strong>in</strong></span> <span class='ocrx_word' id='word_1_247' title='bbox 618 2559 739 2633; x_wconf 74' lang='lat' dir='ltr'><strong>longum</strong></span> <span class='ocrx_word' id='word_1_248' title='bbox 762 2568 862 2635; x_wconf 89' lang='lat' dir='ltr'><strong>pateat</strong></span> <span class='ocrx_word' id='word_1_249' title='bbox 884 2567 914 2617; x_wconf 88' lang='lat' dir='ltr'><strong>ct</strong></span> <span class='ocrx_word' id='word_1_250' title='bbox 937 2561 965 2615; x_wconf 88' lang='lat' dir='ltr'><strong>iu</strong></span> <span class='ocrx_word' id='word_1_251' title='bbox 990 2557 1090 2630; x_wconf 91' lang='lat' dir='ltr'><strong>latum,</strong></span> <span class='ocrx_word' id='word_1_252' title='bbox 1115 2554 1310 2633; x_wconf 76' lang='lat' dir='ltr'><strong>contingat⁸),</strong></span> <span class='ocrx_word' id='word_1_253' title='bbox 1334 2575 1451 2619; x_wconf 88' lang='lat' dir='ltr'><strong>omnem</strong></span> <span class='ocrx_word' id='word_1_254' title='bbox 1470 2576 1507 2619; x_wconf 80' lang='lat' dir='ltr'><strong>ex</strong></span> 
     </span>
     <span class='ocr_line' id='line_1_26' title="bbox 147 2642 1507 2723; baseline 0.001 -16"><span class='ocrx_word' id='word_1_255' title='bbox 147 2663 244 2723; x_wconf 85' lang='lat' dir='ltr'><strong>aequo</strong></span> <span class='ocrx_word' id='word_1_256' title='bbox 269 2648 412 2706; x_wconf 81' lang='lat' dir='ltr'><strong>silonem</strong></span> <span class='ocrx_word' id='word_1_257' title='bbox 435 2666 453 2705; x_wconf 84' lang='lat' dir='ltr'><strong>a</strong></span> <span class='ocrx_word' id='word_1_258' title='bbox 476 2646 564 2705; x_wconf 61' lang='lat' dir='ltr'><strong>liuns</strong></span> <span class='ocrx_word' id='word_1_259' title='bbox 585 2648 721 2705; x_wconf 79' lang='lat' dir='ltr'><strong>sederam</strong></span> <span class='ocrx_word' id='word_1_260' title='bbox 744 2664 824 2704; x_wconf 84' lang='lat' dir='ltr'><strong>mure</strong></span> <span class='ocrx_word' id='word_1_261' title='bbox 847 2648 1028 2721; x_wconf 78' lang='lat' dir='ltr'><strong>contingere,</strong></span> <span class='ocrx_word' id='word_1_262' title='bbox 1060 2662 1120 2704; x_wconf 90' lang='lat' dir='ltr'><strong>una</strong></span> <span class='ocrx_word' id='word_1_263' title='bbox 1148 2662 1214 2705; x_wconf 88' lang='lat' dir='ltr'><strong>cum</strong></span> <span class='ocrx_word' id='word_1_264' title='bbox 1246 2648 1364 2721; x_wconf 85' lang='lat' dir='ltr'><strong>ipsis</strong></span> <span class='ocrx_word' id='word_1_265' title='bbox 1341 2642 1419 2719; x_wconf 68' lang='lat' dir='ltr'><strong>(ipen</strong></span> <span class='ocrx_word' id='word_1_266' title='bbox 1436 2646 1507 2723; x_wconf 73' lang='lat' dir='ltr'><strong>sore)</strong></span> 
     </span>
     <span class='ocr_line' id='line_1_27' title="bbox 149 2731 1506 2810; baseline 0.001 -17"><span class='ocrx_word' id='word_1_267' title='bbox 149 2734 359 2809; x_wconf 80' lang='lat' dir='ltr'><strong>navigantibus</strong></span> <span class='ocrx_word' id='word_1_268' title='bbox 382 2736 410 2791; x_wconf 91' lang='lat' dir='ltr'><strong>in</strong></span> <span class='ocrx_word' id='word_1_269' title='bbox 435 2733 485 2792; x_wconf 93' lang='lat' dir='ltr'><strong>illo</strong></span> <span class='ocrx_word' id='word_1_270' title='bbox 509 2749 614 2810; x_wconf 85' lang='lat' dir='ltr'><strong>magno</strong></span> <span class='ocrx_word' id='word_1_271' title='bbox 637 2737 726 2803; x_wconf 89' lang='lat' dir='ltr'><strong>mari,</strong></span> <span class='ocrx_word' id='word_1_272' title='bbox 757 2750 808 2810; x_wconf 92' lang='lat' dir='ltr'><strong>per</strong></span> <span class='ocrx_word' id='word_1_273' title='bbox 831 2731 955 2799; x_wconf 78' lang='lat' dir='ltr'><strong>lovem,</strong></span> <span class='ocrx_word' id='word_1_274' title='bbox 980 2742 1009 2791; x_wconf 88' lang='lat' dir='ltr'><strong>et</strong></span> <span class='ocrx_word' id='word_1_275' title='bbox 1031 2748 1096 2791; x_wconf 88' lang='lat' dir='ltr'><strong>cum</strong></span> <span class='ocrx_word' id='word_1_276' title='bbox 1119 2732 1321 2792; x_wconf 81' lang='lat' dir='ltr'><strong>habitantibus</strong></span> <span class='ocrx_word' id='word_1_277' title='bbox 1345 2736 1373 2790; x_wconf 89' lang='lat' dir='ltr'><strong>in</strong></span> <span class='ocrx_word' id='word_1_278' title='bbox 1397 2750 1449 2805; x_wconf 92' lang='lat' dir='ltr'><strong>eo,</strong></span> <span class='ocrx_word' id='word_1_279' title='bbox 1473 2742 1506 2794; x_wconf 90' lang='lat' dir='ltr'><strong>ut</strong></span> 
     </span>
     <span class='ocr_line' id='line_1_28' title="bbox 148 2819 1504 2896; baseline 0 -16"><span class='ocrx_word' id='word_1_280' title='bbox 148 2822 311 2881; x_wconf 84' lang='lat' dir='ltr'><strong>Britannia:</strong></span> <span class='ocrx_word' id='word_1_281' title='bbox 335 2837 392 2880; x_wconf 92' lang='lat' dir='ltr'><strong>nou</strong></span> <span class='ocrx_word' id='word_1_282' title='bbox 416 2822 561 2891; x_wconf 90' lang='lat' dir='ltr'><strong>obstante,</strong></span> <span class='ocrx_word' id='word_1_283' title='bbox 584 2822 664 2896; x_wconf 89' lang='lat' dir='ltr'><strong>qood</strong></span> <span class='ocrx_word' id='word_1_284' title='bbox 687 2820 786 2891; x_wconf 85' lang='lat' dir='ltr'><strong>Terra,</strong></span> <span class='ocrx_word' id='word_1_285' title='bbox 811 2829 843 2879; x_wconf 86' lang='lat' dir='ltr'><strong>ut</strong></span> <span class='ocrx_word' id='word_1_286' title='bbox 866 2819 989 2891; x_wconf 82' lang='lat' dir='ltr'><strong>dixistis,</strong></span> <span class='ocrx_word' id='word_1_287' title='bbox 1014 2836 1050 2879; x_wconf 93' lang='lat' dir='ltr'><strong>ne</strong></span> <span class='ocrx_word' id='word_1_288' title='bbox 1068 2822 1157 2879; x_wconf 88' lang='lat' dir='ltr'><strong>centri</strong></span> <span class='ocrx_word' id='word_1_289' title='bbox 1174 2820 1292 2896; x_wconf 91' lang='lat' dir='ltr'><strong>quidem</strong></span> <span class='ocrx_word' id='word_1_290' title='bbox 1307 2821 1450 2881; x_wconf 89' lang='lat' dir='ltr'><strong>rationem</strong></span> <span class='ocrx_word' id='word_1_291' title='bbox 1466 2820 1504 2881; x_wconf 89' lang='lat' dir='ltr'><strong>ad</strong></span> 
     </span>
     <span class='ocr_line' id='line_1_29' title="bbox 147 2902 1504 2985; baseline -0.002 -16"><span class='ocrx_word' id='word_1_292' title='bbox 147 2908 261 2969; x_wconf 92' lang='lat' dir='ltr'><strong>coelum</strong></span> <span class='ocrx_word' id='word_1_293' title='bbox 286 2908 386 2967; x_wconf 61' lang='lat' dir='ltr'><strong>itunae</strong></span> <span class='ocrx_word' id='word_1_294' title='bbox 409 2902 568 2977; x_wconf 76' lang='lat' dir='ltr'><strong>obtinet⁹).</strong></span> <span class='ocrx_word' id='word_1_295' title='bbox 614 2906 679 2967; x_wconf 91' lang='lat' dir='ltr'><strong>lloc</strong></span> <span class='ocrx_word' id='word_1_296' title='bbox 709 2910 809 2985; x_wconf 82' lang='lat' dir='ltr'><strong>igitur,</strong></span> <span class='ocrx_word' id='word_1_297' title='bbox 842 2907 975 2982; x_wconf 88' lang='lat' dir='ltr'><strong>ajebam,</strong></span> <span class='ocrx_word' id='word_1_298' title='bbox 1007 2906 1191 2967; x_wconf 85' lang='lat' dir='ltr'><strong>considerare</strong></span> <span class='ocrx_word' id='word_1_299' title='bbox 1222 2907 1504 2985; x_wconf 73' lang='lat' dir='ltr'><strong>tui(1lpollouidis)</strong></span> 
     </span>
     <span class='ocr_line' id='line_1_30' title="bbox 150 2993 1504 3071; baseline 0 -16"><span class='ocrx_word' id='word_1_300' title='bbox 150 2999 279 3055; x_wconf 84' lang='lat' dir='ltr'><strong>muneris</strong></span> <span class='ocrx_word' id='word_1_301' title='bbox 301 3006 360 3069; x_wconf 87' lang='lat' dir='ltr'><strong>est;</strong></span> <span class='ocrx_word' id='word_1_302' title='bbox 389 3012 453 3055; x_wconf 85' lang='lat' dir='ltr'><strong>eam</strong></span> <span class='ocrx_word' id='word_1_303' title='bbox 478 3012 561 3067; x_wconf 90' lang='lat' dir='ltr'><strong>vero,</strong></span> <span class='ocrx_word' id='word_1_304' title='bbox 585 3012 662 3071; x_wconf 88' lang='lat' dir='ltr'><strong>quae</strong></span> <span class='ocrx_word' id='word_1_305' title='bbox 685 2994 717 3054; x_wconf 86' lang='lat' dir='ltr'><strong>fit</strong></span> <span class='ocrx_word' id='word_1_306' title='bbox 739 2995 777 3053; x_wconf 90' lang='lat' dir='ltr'><strong>ad</strong></span> <span class='ocrx_word' id='word_1_307' title='bbox 801 2993 930 3069; x_wconf 85' lang='lat' dir='ltr'><strong>Lunam,</strong></span> <span class='ocrx_word' id='word_1_308' title='bbox 958 2993 1104 3053; x_wconf 90' lang='lat' dir='ltr'><strong>radiorum</strong></span> <span class='ocrx_word' id='word_1_309' title='bbox 1128 3004 1180 3054; x_wconf 90' lang='lat' dir='ltr'><strong>aut</strong></span> <span class='ocrx_word' id='word_1_310' title='bbox 1202 2998 1283 3053; x_wconf 85' lang='lat' dir='ltr'><strong>visus</strong></span> <span class='ocrx_word' id='word_1_311' title='bbox 1306 2995 1504 3069; x_wconf 82' lang='lat' dir='ltr'><strong>reflexionem,</strong></span> 
     </span>
     <span class='ocr_line' id='line_1_31' title="bbox 147 3081 1505 3161; baseline 0 -18"><span class='ocrx_word' id='word_1_312' title='bbox 147 3102 204 3143; x_wconf 91' lang='lat' dir='ltr'><strong>nou</strong></span> <span class='ocrx_word' id='word_1_313' title='bbox 223 3084 287 3161; x_wconf 85' lang='lat' dir='ltr'><strong>jorn</strong></span> <span class='ocrx_word' id='word_1_314' title='bbox 311 3086 362 3151; x_wconf 88' lang='lat' dir='ltr'><strong>tui,</strong></span> <span class='ocrx_word' id='word_1_315' title='bbox 386 3082 467 3155; x_wconf 74' lang='lat' dir='ltr'><strong>(sed)</strong></span> <span class='ocrx_word' id='word_1_316' title='bbox 492 3082 661 3159; x_wconf 83' lang='lat' dir='ltr'><strong>Hipparchi.</strong></span> <span class='ocrx_word' id='word_1_317' title='bbox 706 3082 899 3158; x_wconf 84' lang='lat' dir='ltr'><strong>Quanquam,</strong></span> <span class='ocrx_word' id='word_1_318' title='bbox 928 3084 968 3141; x_wconf 91' lang='lat' dir='ltr'><strong>mi</strong></span> <span class='ocrx_word' id='word_1_319' title='bbox 993 3082 1145 3159; x_wconf 80' lang='lat' dir='ltr'><strong>Lampria,</strong></span> <span class='ocrx_word' id='word_1_320' title='bbox 1169 3081 1251 3140; x_wconf 87' lang='lat' dir='ltr'><strong>multi</strong></span> <span class='ocrx_word' id='word_1_321' title='bbox 1275 3092 1358 3156; x_wconf 91' lang='lat' dir='ltr'><strong>sunt,</strong></span> <span class='ocrx_word' id='word_1_322' title='bbox 1395 3084 1505 3159; x_wconf 86' lang='lat' dir='ltr'><strong>quibos</strong></span> 
     </span>
     <span class='ocr_line' id='line_1_32' title="bbox 149 3168 1504 3247; baseline 0 -18"><span class='ocrx_word' id='word_1_323' title='bbox 149 3174 174 3231; x_wconf 92' lang='lat' dir='ltr'><strong>is</strong></span> <span class='ocrx_word' id='word_1_324' title='bbox 196 3188 253 3230; x_wconf 89' lang='lat' dir='ltr'><strong>noo</strong></span> <span class='ocrx_word' id='word_1_325' title='bbox 277 3170 382 3247; x_wconf 86' lang='lat' dir='ltr'><strong>placet,</strong></span> <span class='ocrx_word' id='word_1_326' title='bbox 407 3171 475 3229; x_wconf 83' lang='lat' dir='ltr'><strong>dunt</strong></span> <span class='ocrx_word' id='word_1_327' title='bbox 499 3182 632 3229; x_wconf 88' lang='lat' dir='ltr'><strong>naturum</strong></span> <span class='ocrx_word' id='word_1_328' title='bbox 649 3173 731 3229; x_wconf 87' lang='lat' dir='ltr'><strong>visus</strong></span> <span class='ocrx_word' id='word_1_329' title='bbox 751 3169 887 3245; x_wconf 85' lang='lat' dir='ltr'><strong>explicat,</strong></span> <span class='ocrx_word' id='word_1_330' title='bbox 910 3178 1041 3229; x_wconf 88' lang='lat' dir='ltr'><strong>statuens</strong></span> <span class='ocrx_word' id='word_1_331' title='bbox 1065 3170 1159 3245; x_wconf 66' lang='lat' dir='ltr'><strong>(illum</strong></span> <span class='ocrx_word' id='word_1_332' title='bbox 1183 3169 1281 3245; x_wconf 80' lang='lat' dir='ltr'><strong>egredi</strong></span> <span class='ocrx_word' id='word_1_333' title='bbox 1305 3168 1342 3229; x_wconf 93' lang='lat' dir='ltr'><strong>ad</strong></span> <span class='ocrx_word' id='word_1_334' title='bbox 1367 3170 1504 3231; x_wconf 73' lang='lat' dir='ltr'><strong>risibilia</strong></span> 
     </span>
     <span class='ocr_line' id='line_1_33' title="bbox 147 3260 1501 3335; baseline -0.001 -17"><span class='ocrx_word' id='word_1_335' title='bbox 147 3260 187 3318; x_wconf 75' lang='lat' dir='ltr'><strong>At</strong></span> <span class='ocrx_word' id='word_1_336' title='bbox 211 3275 281 3317; x_wconf 88' lang='lat' dir='ltr'><strong>vero</strong></span> <span class='ocrx_word' id='word_1_337' title='bbox 300 3261 440 3333; x_wconf 77' lang='lat' dir='ltr'><strong>eorporis)</strong></span> <span class='ocrx_word' id='word_1_338' title='bbox 465 3261 559 3335; x_wconf 89' lang='lat' dir='ltr'><strong>ipsum</strong></span> <span class='ocrx_word' id='word_1_339' title='bbox 582 3261 703 3317; x_wconf 88' lang='lat' dir='ltr'><strong>retinere</strong></span> <span class='ocrx_word' id='word_1_340' title='bbox 718 3273 877 3316; x_wconf 87' lang='lat' dir='ltr'><strong>consonam</strong></span> <span class='ocrx_word' id='word_1_341' title='bbox 899 3260 1068 3333; x_wconf 88' lang='lat' dir='ltr'><strong>temperiem</strong></span> <span class='ocrx_word' id='word_1_342' title='bbox 1092 3266 1121 3316; x_wconf 88' lang='lat' dir='ltr'><strong>ot</strong></span> <span class='ocrx_word' id='word_1_343' title='bbox 1144 3260 1357 3317; x_wconf 88' lang='lat' dir='ltr'><strong>concretionem</strong></span> <span class='ocrx_word' id='word_1_344' title='bbox 1373 3274 1501 3317; x_wconf 87' lang='lat' dir='ltr'><strong>consen·</strong></span> 
     </span>
     <span class='ocr_line' id='line_1_34' title="bbox 147 3344 1502 3421; baseline 0.001 -16"><span class='ocrx_word' id='word_1_345' title='bbox 147 3356 264 3405; x_wconf 80' lang='lat' dir='ltr'><strong>laneum</strong></span> <span class='ocrx_word' id='word_1_346' title='bbox 280 3357 324 3405; x_wconf 89' lang='lat' dir='ltr'><strong>est</strong></span> <span class='ocrx_word' id='word_1_347' title='bbox 340 3349 442 3419; x_wconf 76' lang='lat' dir='ltr'><strong>arogis,</strong></span> <span class='ocrx_word' id='word_1_348' title='bbox 467 3364 554 3421; x_wconf 86' lang='lat' dir='ltr'><strong>quam</strong></span> <span class='ocrx_word' id='word_1_349' title='bbox 574 3345 784 3417; x_wconf 82' lang='lat' dir='ltr'><strong>eiaculationes</strong></span> <span class='ocrx_word' id='word_1_350' title='bbox 798 3346 898 3403; x_wconf 90' lang='lat' dir='ltr'><strong>nescio</strong></span> <span class='ocrx_word' id='word_1_351' title='bbox 915 3354 1035 3420; x_wconf 84' lang='lat' dir='ltr'><strong>quassi</strong></span> <span class='ocrx_word' id='word_1_352' title='bbox 1056 3344 1263 3405; x_wconf 89' lang='lat' dir='ltr'><strong>resultationes</strong></span> <span class='ocrx_word' id='word_1_353' title='bbox 1278 3362 1330 3404; x_wconf 89' lang='lat' dir='ltr'><strong>seu</strong></span> <span class='ocrx_word' id='word_1_354' title='bbox 1347 3348 1502 3407; x_wconf 82' lang='lat' dir='ltr'><strong>emicatio-</strong></span> 
     </span>
     <span class='ocr_line' id='line_1_35' title="bbox 148 3433 925 3509; baseline 0.001 -18"><span class='ocrx_word' id='word_1_355' title='bbox 148 3451 209 3505; x_wconf 88' lang='lat' dir='ltr'><strong>nea,</strong></span> <span class='ocrx_word' id='word_1_356' title='bbox 236 3434 401 3507; x_wconf 77' lang='lat' dir='ltr'><strong>eujusmodi</strong></span> <span class='ocrx_word' id='word_1_357' title='bbox 426 3434 567 3509; x_wconf 79' lang='lat' dir='ltr'><strong>Epicurus</strong></span> <span class='ocrx_word' id='word_1_358' title='bbox 590 3433 703 3491; x_wconf 83' lang='lat' dir='ltr'><strong>attinxit</strong></span> <span class='ocrx_word' id='word_1_359' title='bbox 725 3435 786 3490; x_wconf 89' lang='lat' dir='ltr'><strong>stris</strong></span> <span class='ocrx_word' id='word_1_360' title='bbox 809 3434 925 3492; x_wconf 86' lang='lat' dir='ltr'><strong>atomis.</strong></span> 
     </span>
    </p>

    <p class='ocr_par' dir='ltr' id='par_1_7' title="bbox 146 3518 1505 3858">
     <span class='ocr_line' id='line_1_36' title="bbox 252 3518 1503 3596; baseline 0.002 -18"><span class='ocrx_word' id='word_1_361' title='bbox 252 3518 318 3580; x_wconf 80' lang='lat' dir='ltr'><strong>Non</strong></span> <span class='ocrx_word' id='word_1_362' title='bbox 342 3532 413 3596; x_wconf 92' lang='lat' dir='ltr'><strong>puto</strong></span> <span class='ocrx_word' id='word_1_363' title='bbox 437 3538 506 3579; x_wconf 87' lang='lat' dir='ltr'><strong>vero</strong></span> <span class='ocrx_word' id='word_1_364' title='bbox 530 3518 701 3579; x_wconf 84' lang='lat' dir='ltr'><strong>Clearebom</strong></span> <span class='ocrx_word' id='word_1_365' title='bbox 726 3518 802 3579; x_wconf 80' lang='lat' dir='ltr'><strong>veile</strong></span> <span class='ocrx_word' id='word_1_366' title='bbox 829 3520 916 3577; x_wconf 90' lang='lat' dir='ltr'><strong>nobis</strong></span> <span class='ocrx_word' id='word_1_367' title='bbox 937 3535 1042 3595; x_wconf 83' lang='lat' dir='ltr'><strong>corpus</strong></span> <span class='ocrx_word' id='word_1_368' title='bbox 1067 3518 1167 3577; x_wconf 86' lang='lat' dir='ltr'><strong>Lunae</strong></span> <span class='ocrx_word' id='word_1_369' title='bbox 1196 3537 1358 3595; x_wconf 89' lang='lat' dir='ltr'><strong>proponere</strong></span> <span class='ocrx_word' id='word_1_370' title='bbox 1381 3519 1503 3581; x_wconf 82' lang='lat' dir='ltr'><strong>densum</strong></span> 
     </span>
     <span class='ocr_line' id='line_1_37' title="bbox 146 3604 1503 3687; baseline 0 -20"><span class='ocrx_word' id='word_1_371' title='bbox 146 3615 176 3667; x_wconf 91' lang='lat' dir='ltr'><strong>et</strong></span> <span class='ocrx_word' id='word_1_372' title='bbox 197 3606 333 3678; x_wconf 89' lang='lat' dir='ltr'><strong>solidum,</strong></span> <span class='ocrx_word' id='word_1_373' title='bbox 356 3606 407 3665; x_wconf 84' lang='lat' dir='ltr'><strong>sed</strong></span> <span class='ocrx_word' id='word_1_374' title='bbox 430 3607 511 3666; x_wconf 89' lang='lat' dir='ltr'><strong>sidua</strong></span> <span class='ocrx_word' id='word_1_375' title='bbox 534 3607 702 3667; x_wconf 86' lang='lat' dir='ltr'><strong>aetitereum</strong></span> <span class='ocrx_word' id='word_1_376' title='bbox 718 3616 747 3667; x_wconf 89' lang='lat' dir='ltr'><strong>et</strong></span> <span class='ocrx_word' id='word_1_377' title='bbox 771 3606 931 3677; x_wconf 85' lang='lat' dir='ltr'><strong>lucilerum,</strong></span> <span class='ocrx_word' id='word_1_378' title='bbox 956 3617 987 3664; x_wconf 88' lang='lat' dir='ltr'><strong>ut</strong></span> <span class='ocrx_word' id='word_1_379' title='bbox 1010 3606 1116 3665; x_wconf 88' lang='lat' dir='ltr'><strong>dicitis.</strong></span> <span class='ocrx_word' id='word_1_380' title='bbox 1147 3605 1230 3665; x_wconf 86' lang='lat' dir='ltr'><strong>Talis</strong></span> <span class='ocrx_word' id='word_1_381' title='bbox 1253 3624 1323 3667; x_wconf 86' lang='lat' dir='ltr'><strong>vero</strong></span> <span class='ocrx_word' id='word_1_382' title='bbox 1339 3604 1423 3687; x_wconf 87' lang='lat' dir='ltr'><strong>(eom</strong></span> <span class='ocrx_word' id='word_1_383' title='bbox 1440 3610 1503 3683; x_wconf 91' lang='lat' dir='ltr'><strong>sit),</strong></span> 
     </span>
     <span class='ocr_line' id='line_1_38' title="bbox 146 3693 1505 3769; baseline -0.001 -14"><span class='ocrx_word' id='word_1_384' title='bbox 146 3696 285 3755; x_wconf 88' lang='lat' dir='ltr'><strong>convenit</strong></span> <span class='ocrx_word' id='word_1_385' title='bbox 307 3694 458 3769; x_wconf 84' lang='lat' dir='ltr'><strong>equidem,</strong></span> <span class='ocrx_word' id='word_1_386' title='bbox 490 3704 522 3753; x_wconf 90' lang='lat' dir='ltr'><strong>ut</strong></span> <span class='ocrx_word' id='word_1_387' title='bbox 553 3696 691 3753; x_wconf 79' lang='lat' dir='ltr'><strong>visorium</strong></span> <span class='ocrx_word' id='word_1_388' title='bbox 716 3693 828 3753; x_wconf 87' lang='lat' dir='ltr'><strong>rodium</strong></span> <span class='ocrx_word' id='word_1_389' title='bbox 852 3702 881 3753; x_wconf 88' lang='lat' dir='ltr'><strong>et</strong></span> <span class='ocrx_word' id='word_1_390' title='bbox 904 3695 993 3753; x_wconf 87' lang='lat' dir='ltr'><strong>ictum</strong></span> <span class='ocrx_word' id='word_1_391' title='bbox 1016 3696 1105 3753; x_wconf 90' lang='lat' dir='ltr'><strong>etiam</strong></span> <span class='ocrx_word' id='word_1_392' title='bbox 1128 3701 1243 3753; x_wconf 87' lang='lat' dir='ltr'><strong>avertat</strong></span> <span class='ocrx_word' id='word_1_393' title='bbox 1265 3700 1332 3767; x_wconf 89' lang='lat' dir='ltr'><strong>(uon</strong></span> <span class='ocrx_word' id='word_1_394' title='bbox 1352 3697 1505 3767; x_wconf 83' lang='lat' dir='ltr'><strong>admittat).</strong></span> 
     </span>
     <span class='ocr_line' id='line_1_39' title="bbox 146 3780 606 3858; baseline -0.004 -17"><span class='ocrx_word' id='word_1_395' title='bbox 146 3782 252 3858; x_wconf 88' lang='lat' dir='ltr'><strong>ltaque</strong></span> <span class='ocrx_word' id='word_1_396' title='bbox 274 3784 349 3857; x_wconf 89' lang='lat' dir='ltr'><strong>perit</strong></span> <span class='ocrx_word' id='word_1_397' title='bbox 371 3782 457 3840; x_wconf 89' lang='lat' dir='ltr'><strong>nobis</strong></span> <span class='ocrx_word' id='word_1_398' title='bbox 480 3780 606 3841; x_wconf 78' lang='lat' dir='ltr'><strong>reflexio.</strong></span> 
     </span>
    </p>

    <p class='ocr_par' dir='ltr' id='par_1_8' title="bbox 146 3866 1507 4206">
     <span class='ocr_line' id='line_1_40' title="bbox 252 3866 1507 3945; baseline 0.002 -18"><span class='ocrx_word' id='word_1_399' title='bbox 252 3868 305 3927; x_wconf 88' lang='lat' dir='ltr'><strong>Sin</strong></span> <span class='ocrx_word' id='word_1_400' title='bbox 328 3878 427 3927; x_wconf 90' lang='lat' dir='ltr'><strong>autem</strong></span> <span class='ocrx_word' id='word_1_401' title='bbox 451 3872 568 3945; x_wconf 87' lang='lat' dir='ltr'><strong>insuper</strong></span> <span class='ocrx_word' id='word_1_402' title='bbox 583 3870 650 3943; x_wconf 89' lang='lat' dir='ltr'><strong>quia</strong></span> <span class='ocrx_word' id='word_1_403' title='bbox 670 3886 725 3927; x_wconf 93' lang='lat' dir='ltr'><strong>nos</strong></span> <span class='ocrx_word' id='word_1_404' title='bbox 741 3874 853 3940; x_wconf 76' lang='lat' dir='ltr'><strong>turpent,</strong></span> <span class='ocrx_word' id='word_1_405' title='bbox 876 3884 1060 3943; x_wconf 86' lang='lat' dir='ltr'><strong>quaeremus,</strong></span> <span class='ocrx_word' id='word_1_406' title='bbox 1084 3868 1133 3943; x_wconf 90' lang='lat' dir='ltr'><strong>qui</strong></span> <span class='ocrx_word' id='word_1_407' title='bbox 1158 3867 1208 3926; x_wconf 86' lang='lat' dir='ltr'><strong>liat</strong></span> <span class='ocrx_word' id='word_1_408' title='bbox 1223 3866 1302 3943; x_wconf 89' lang='lat' dir='ltr'><strong>quod</strong></span> <span class='ocrx_word' id='word_1_409' title='bbox 1318 3868 1414 3927; x_wconf 84' lang='lat' dir='ltr'><strong>solum</strong></span> <span class='ocrx_word' id='word_1_410' title='bbox 1438 3870 1507 3929; x_wconf 87' lang='lat' dir='ltr'><strong>insit</strong></span> 
     </span>
     <span class='ocr_line' id='line_1_41' title="bbox 146 3954 1506 4032; baseline 0.001 -17"><span class='ocrx_word' id='word_1_411' title='bbox 146 3957 176 4015; x_wconf 91' lang='lat' dir='ltr'><strong>in</strong></span> <span class='ocrx_word' id='word_1_412' title='bbox 199 3954 284 4015; x_wconf 88' lang='lat' dir='ltr'><strong>Luna</strong></span> <span class='ocrx_word' id='word_1_413' title='bbox 306 3956 405 4027; x_wconf 85' lang='lat' dir='ltr'><strong>iacies,</strong></span> <span class='ocrx_word' id='word_1_414' title='bbox 429 3958 516 4015; x_wconf 91' lang='lat' dir='ltr'><strong>marie</strong></span> <span class='ocrx_word' id='word_1_415' title='bbox 539 3956 650 4016; x_wconf 87' lang='lat' dir='ltr'><strong>scilieet</strong></span> <span class='ocrx_word' id='word_1_416' title='bbox 671 3956 825 4032; x_wconf 88' lang='lat' dir='ltr'><strong>speculare</strong></span> <span class='ocrx_word' id='word_1_417' title='bbox 847 3954 1049 4025; x_wconf 86' lang='lat' dir='ltr'><strong>sinruluertrm,</strong></span> <span class='ocrx_word' id='word_1_418' title='bbox 1071 3972 1168 4030; x_wconf 91' lang='lat' dir='ltr'><strong>neque</strong></span> <span class='ocrx_word' id='word_1_419' title='bbox 1191 3955 1249 4015; x_wconf 90' lang='lat' dir='ltr'><strong>tale</strong></span> <span class='ocrx_word' id='word_1_420' title='bbox 1273 3954 1343 4032; x_wconf 88' lang='lat' dir='ltr'><strong>quid</strong></span> <span class='ocrx_word' id='word_1_421' title='bbox 1367 3954 1506 4017; x_wconf 83' lang='lat' dir='ltr'><strong>rideatur</strong></span> 
     </span>
     <span class='ocr_line' id='line_1_42' title="bbox 146 4042 1506 4121; baseline 0.003 -20"><span class='ocrx_word' id='word_1_422' title='bbox 146 4044 175 4101; x_wconf 94' lang='lat' dir='ltr'><strong>in</strong></span> <span class='ocrx_word' id='word_1_423' title='bbox 199 4044 261 4101; x_wconf 84' lang='lat' dir='ltr'><strong>ullo</strong></span> <span class='ocrx_word' id='word_1_424' title='bbox 284 4042 343 4102; x_wconf 90' lang='lat' dir='ltr'><strong>elio</strong></span> <span class='ocrx_word' id='word_1_425' title='bbox 367 4043 468 4102; x_wconf 88' lang='lat' dir='ltr'><strong>talium</strong></span> <span class='ocrx_word' id='word_1_426' title='bbox 493 4042 646 4103; x_wconf 79' lang='lat' dir='ltr'><strong>siderum?</strong></span> <span class='ocrx_word' id='word_1_427' title='bbox 684 4046 773 4119; x_wconf 81' lang='lat' dir='ltr'><strong>Atqui</strong></span> <span class='ocrx_word' id='word_1_428' title='bbox 797 4042 928 4121; x_wconf 86' lang='lat' dir='ltr'><strong>postulat</strong></span> <span class='ocrx_word' id='word_1_429' title='bbox 951 4045 1053 4118; x_wconf 89' lang='lat' dir='ltr'><strong>utique</strong></span> <span class='ocrx_word' id='word_1_430' title='bbox 1076 4046 1219 4119; x_wconf 88' lang='lat' dir='ltr'><strong>aequitas,</strong></span> <span class='ocrx_word' id='word_1_431' title='bbox 1244 4054 1276 4101; x_wconf 92' lang='lat' dir='ltr'><strong>ut</strong></span> <span class='ocrx_word' id='word_1_432' title='bbox 1299 4043 1381 4103; x_wconf 85' lang='lat' dir='ltr'><strong>visas</strong></span> <span class='ocrx_word' id='word_1_433' title='bbox 1396 4052 1450 4105; x_wconf 87' lang='lat' dir='ltr'><strong>aut</strong></span> <span class='ocrx_word' id='word_1_434' title='bbox 1465 4044 1506 4105; x_wconf 83' lang='lat' dir='ltr'><strong>ab</strong></span> 
     </span>
     <span class='ocr_line' id='line_1_43' title="bbox 146 4131 788 4206; baseline 0 -17"><span class='ocrx_word' id='word_1_435' title='bbox 146 4132 282 4189; x_wconf 86' lang='lat' dir='ltr'><strong>omnibus</strong></span> <span class='ocrx_word' id='word_1_436' title='bbox 305 4134 441 4206; x_wconf 80' lang='lat' dir='ltr'><strong>patiatur,</strong></span> <span class='ocrx_word' id='word_1_437' title='bbox 465 4142 516 4191; x_wconf 91' lang='lat' dir='ltr'><strong>aut</strong></span> <span class='ocrx_word' id='word_1_438' title='bbox 539 4150 558 4190; x_wconf 90' lang='lat' dir='ltr'><strong>a</strong></span> <span class='ocrx_word' id='word_1_439' title='bbox 581 4132 661 4191; x_wconf 89' lang='lat' dir='ltr'><strong>nolio</strong></span> <span class='ocrx_word' id='word_1_440' title='bbox 684 4131 788 4189; x_wconf 90' lang='lat' dir='ltr'><strong>sidere.</strong></span> 
     </span>
    </p>

    <p class='ocr_par' dir='ltr' id='par_1_9' title="bbox 145 4212 1505 4909">
     <span class='ocr_line' id='line_1_44' title="bbox 250 4212 1504 4299; baseline 0.003 -24"><span class='ocrx_word' id='word_1_441' title='bbox 250 4216 308 4275; x_wconf 87' lang='lat' dir='ltr'><strong>Sed</strong></span> <span class='ocrx_word' id='word_1_442' title='bbox 332 4214 420 4299; x_wconf 73' lang='lat' dir='ltr'><strong>(tardo</strong></span> <span class='ocrx_word' id='word_1_443' title='bbox 437 4221 588 4287; x_wconf 71' lang='lat' dir='ltr'><strong>sermonis,</strong></span> <span class='ocrx_word' id='word_1_444' title='bbox 612 4222 741 4295; x_wconf 86' lang='lat' dir='ltr'><strong>inquam,</strong></span> <span class='ocrx_word' id='word_1_445' title='bbox 765 4212 915 4295; x_wconf 81' lang='lat' dir='ltr'><strong>pervenit)</strong></span> <span class='ocrx_word' id='word_1_446' title='bbox 938 4215 976 4274; x_wconf 89' lang='lat' dir='ltr'><strong>ad</strong></span> <span class='ocrx_word' id='word_1_447' title='bbox 992 4216 1043 4275; x_wconf 86' lang='lat' dir='ltr'><strong>Lu</strong></span> <span class='ocrx_word' id='word_1_448' title='bbox 1055 4220 1163 4285; x_wconf 86' lang='lat' dir='ltr'><strong>cium,</strong></span> <span class='ocrx_word' id='word_1_449' title='bbox 1187 4215 1328 4293; x_wconf 81' lang='lat' dir='ltr'><strong>adquam</strong></span> <span class='ocrx_word' id='word_1_450' title='bbox 1342 4219 1504 4293; x_wconf 81' lang='lat' dir='ltr'><strong>respiciens</strong></span> 
     </span>
     <span class='ocr_line' id='line_1_45' title="bbox 150 4304 1504 4382; baseline -0.001 -18"><span class='ocrx_word' id='word_1_451' title='bbox 150 4314 182 4364; x_wconf 80' lang='grc' dir='ltr'><strong>ιιι</strong></span> <span class='ocrx_word' id='word_1_452' title='bbox 205 4304 352 4380; x_wconf 90' lang='lat' dir='ltr'><strong>quodnam</strong></span> <span class='ocrx_word' id='word_1_453' title='bbox 376 4308 499 4382; x_wconf 86' lang='lat' dir='ltr'><strong>primum</strong></span> <span class='ocrx_word' id='word_1_454' title='bbox 524 4324 558 4365; x_wconf 83' lang='lat' dir='ltr'><strong>ex</strong></span> <span class='ocrx_word' id='word_1_455' title='bbox 582 4308 688 4365; x_wconf 89' lang='lat' dir='ltr'><strong>uostris</strong></span> <span class='ocrx_word' id='word_1_456' title='bbox 711 4306 820 4363; x_wconf 88' lang='lat' dir='ltr'><strong>dietum</strong></span> <span class='ocrx_word' id='word_1_457' title='bbox 844 4307 939 4373; x_wconf 81' lang='lat' dir='ltr'><strong>luerit,</strong></span> <span class='ocrx_word' id='word_1_458' title='bbox 964 4306 991 4360; x_wconf 93' lang='lat' dir='ltr'><strong>in</strong></span> <span class='ocrx_word' id='word_1_459' title='bbox 1015 4314 1139 4363; x_wconf 89' lang='lat' dir='ltr'><strong>mentem</strong></span> <span class='ocrx_word' id='word_1_460' title='bbox 1161 4321 1277 4364; x_wconf 83' lang='lat' dir='ltr'><strong>revoca.</strong></span> <span class='ocrx_word' id='word_1_461' title='bbox 1323 4306 1360 4363; x_wconf 79' lang='lat' dir='ltr'><strong>Et</strong></span> <span class='ocrx_word' id='word_1_462' title='bbox 1383 4304 1504 4379; x_wconf 79' lang='lat' dir='ltr'><strong>Lucina,</strong></span> 
     </span>
     <span class='ocr_line' id='line_1_46' title="bbox 147 4390 1505 4469; baseline 0 -18"><span class='ocrx_word' id='word_1_463' title='bbox 147 4408 185 4451; x_wconf 89' lang='lat' dir='ltr'><strong>oe</strong></span> <span class='ocrx_word' id='word_1_464' title='bbox 207 4404 313 4463; x_wconf 90' lang='lat' dir='ltr'><strong>tameo,</strong></span> <span class='ocrx_word' id='word_1_465' title='bbox 338 4396 441 4469; x_wconf 86' lang='lat' dir='ltr'><strong>inqtrit,</strong></span> <span class='ocrx_word' id='word_1_466' title='bbox 465 4394 576 4453; x_wconf 84' lang='lat' dir='ltr'><strong>ailatim</strong></span> <span class='ocrx_word' id='word_1_467' title='bbox 598 4393 771 4453; x_wconf 88' lang='lat' dir='ltr'><strong>collutuiare</strong></span> <span class='ocrx_word' id='word_1_468' title='bbox 788 4390 939 4453; x_wconf 82' lang='lat' dir='ltr'><strong>videamur</strong></span> <span class='ocrx_word' id='word_1_469' title='bbox 955 4390 1145 4461; x_wconf 83' lang='lat' dir='ltr'><strong>l’lrarnoeem,</strong></span> <span class='ocrx_word' id='word_1_470' title='bbox 1168 4394 1193 4449; x_wconf 89' lang='lat' dir='ltr'><strong>ai</strong></span> <span class='ocrx_word' id='word_1_471' title='bbox 1209 4395 1367 4451; x_wconf 81' lang='lat' dir='ltr'><strong>stoicorum</strong></span> <span class='ocrx_word' id='word_1_472' title='bbox 1385 4395 1505 4469; x_wconf 91' lang='lat' dir='ltr'><strong>opinio-</strong></span> 
     </span>
     <span class='ocr_line' id='line_1_47' title="bbox 146 4476 1504 4559; baseline 0 -20"><span class='ocrx_word' id='word_1_473' title='bbox 146 4496 212 4540; x_wconf 87' lang='lat' dir='ltr'><strong>nem</strong></span> <span class='ocrx_word' id='word_1_474' title='bbox 234 4484 278 4541; x_wconf 87' lang='lat' dir='ltr'><strong>aie</strong></span> <span class='ocrx_word' id='word_1_475' title='bbox 301 4484 441 4541; x_wconf 88' lang='lat' dir='ltr'><strong>intactam</strong></span> <span class='ocrx_word' id='word_1_476' title='bbox 463 4484 739 4559; x_wconf 86' lang='lat' dir='ltr'><strong>proetemrittamoa.</strong></span> <span class='ocrx_word' id='word_1_477' title='bbox 785 4482 850 4555; x_wconf 74' lang='lat' dir='ltr'><strong>Age</strong></span> <span class='ocrx_word' id='word_1_478' title='bbox 872 4480 982 4538; x_wconf 88' lang='lat' dir='ltr'><strong>dissere</strong></span> <span class='ocrx_word' id='word_1_479' title='bbox 1005 4476 1117 4555; x_wconf 86' lang='lat' dir='ltr'><strong>aliquid</strong></span> <span class='ocrx_word' id='word_1_480' title='bbox 1139 4489 1241 4539; x_wconf 86' lang='lat' dir='ltr'><strong>eontra</strong></span> <span class='ocrx_word' id='word_1_481' title='bbox 1264 4478 1428 4550; x_wconf 85' lang='lat' dir='ltr'><strong>hominem,</strong></span> <span class='ocrx_word' id='word_1_482' title='bbox 1451 4480 1504 4557; x_wconf 86' lang='lat' dir='ltr'><strong>qul</strong></span> 
     </span>
     <span class='ocr_line' id='line_1_48' title="bbox 147 4566 1503 4647; baseline 0.001 -19"><span class='ocrx_word' id='word_1_483' title='bbox 147 4570 264 4630; x_wconf 90' lang='lat' dir='ltr'><strong>omnino</strong></span> <span class='ocrx_word' id='word_1_484' title='bbox 287 4573 441 4631; x_wconf 80' lang='lat' dir='ltr'><strong>misturam</strong></span> <span class='ocrx_word' id='word_1_485' title='bbox 464 4573 547 4647; x_wconf 87' lang='lat' dir='ltr'><strong>ponit</strong></span> <span class='ocrx_word' id='word_1_486' title='bbox 570 4586 634 4627; x_wconf 83' lang='lat' dir='ltr'><strong>ease</strong></span> <span class='ocrx_word' id='word_1_487' title='bbox 651 4568 763 4627; x_wconf 81' lang='lat' dir='ltr'><strong>inunum</strong></span> <span class='ocrx_word' id='word_1_488' title='bbox 787 4584 821 4625; x_wconf 83' lang='lat' dir='ltr'><strong>ex</strong></span> <span class='ocrx_word' id='word_1_489' title='bbox 845 4570 912 4625; x_wconf 83' lang='lat' dir='ltr'><strong>uiire</strong></span> <span class='ocrx_word' id='word_1_490' title='bbox 934 4575 963 4625; x_wconf 92' lang='lat' dir='ltr'><strong>et</strong></span> <span class='ocrx_word' id='word_1_491' title='bbox 980 4568 1038 4639; x_wconf 80' lang='lat' dir='ltr'><strong>ipni</strong></span> <span class='ocrx_word' id='word_1_492' title='bbox 1057 4570 1179 4626; x_wconf 85' lang='lat' dir='ltr'><strong>remisso</strong></span> <span class='ocrx_word' id='word_1_493' title='bbox 1194 4585 1247 4627; x_wconf 87' lang='lat' dir='ltr'><strong>seu</strong></span> <span class='ocrx_word' id='word_1_494' title='bbox 1264 4566 1372 4639; x_wconf 88' lang='lat' dir='ltr'><strong>hebeti,</strong></span> <span class='ocrx_word' id='word_1_495' title='bbox 1394 4566 1503 4629; x_wconf 83' lang='lat' dir='ltr'><strong>deinde</strong></span> 
     </span>
     <span class='ocr_line' id='line_1_49' title="bbox 146 4652 1505 4734; baseline -0.001 -19"><span class='ocrx_word' id='word_1_496' title='bbox 146 4658 229 4717; x_wconf 78' lang='lat' dir='ltr'><strong>velat</strong></span> <span class='ocrx_word' id='word_1_497' title='bbox 251 4660 280 4715; x_wconf 94' lang='lat' dir='ltr'><strong>ln</strong></span> <span class='ocrx_word' id='word_1_498' title='bbox 304 4658 516 4734; x_wconf 90' lang='lat' dir='ltr'><strong>tranquillitate</strong></span> <span class='ocrx_word' id='word_1_499' title='bbox 539 4659 636 4725; x_wconf 83' lang='lat' dir='ltr'><strong>maris,</strong></span> <span class='ocrx_word' id='word_1_500' title='bbox 659 4654 844 4713; x_wconf 88' lang='lat' dir='ltr'><strong>lrorrereenie</strong></span> <span class='ocrx_word' id='word_1_501' title='bbox 868 4652 1010 4712; x_wconf 90' lang='lat' dir='ltr'><strong>nudarum</strong></span> <span class='ocrx_word' id='word_1_502' title='bbox 1032 4656 1195 4731; x_wconf 82' lang='lat' dir='ltr'><strong>superficie,</strong></span> <span class='ocrx_word' id='word_1_503' title='bbox 1219 4654 1300 4723; x_wconf 88' lang='lat' dir='ltr'><strong>dieii,</strong></span> <span class='ocrx_word' id='word_1_504' title='bbox 1323 4658 1391 4715; x_wconf 76' lang='lat' dir='ltr'><strong>edre</strong></span> <span class='ocrx_word' id='word_1_505' title='bbox 1410 4658 1505 4731; x_wconf 71' lang='lat' dir='ltr'><strong>nigri-</strong></span> 
     </span>
     <span class='ocr_line' id='line_1_50' title="bbox 145 4738 1504 4823; baseline -0.001 -20"><span class='ocrx_word' id='word_1_506' title='bbox 145 4754 231 4803; x_wconf 85' lang='lat' dir='ltr'><strong>cante</strong></span> <span class='ocrx_word' id='word_1_507' title='bbox 253 4747 377 4805; x_wconf 85' lang='lat' dir='ltr'><strong>existere</strong></span> <span class='ocrx_word' id='word_1_508' title='bbox 400 4748 696 4820; x_wconf 85' lang='lat' dir='ltr'><strong>repraesentationem</strong></span> <span class='ocrx_word' id='word_1_509' title='bbox 720 4756 815 4801; x_wconf 85' lang='lat' dir='ltr'><strong>certae</strong></span> <span class='ocrx_word' id='word_1_510' title='bbox 838 4742 947 4800; x_wconf 86' lang='lat' dir='ltr'><strong>iormae</strong></span> <span class='ocrx_word' id='word_1_511' title='bbox 973 4744 1079 4817; x_wconf 88' lang='lat' dir='ltr'><strong>speeie.</strong></span> <span class='ocrx_word' id='word_1_512' title='bbox 1117 4742 1171 4815; x_wconf 81' lang='lat' dir='ltr'><strong>(Et</strong></span> <span class='ocrx_word' id='word_1_513' title='bbox 1195 4738 1274 4823; x_wconf 62' lang='lat' dir='ltr'><strong>ltro)</strong></span> <span class='ocrx_word' id='word_1_514' title='bbox 1296 4742 1504 4817; x_wconf 87' lang='lat' dir='ltr'><strong>percommode</strong></span> 
     </span>
     <span class='ocr_line' id='line_1_51' title="bbox 146 4828 1501 4909; baseline -0.001 -16"><span class='ocrx_word' id='word_1_515' title='bbox 146 4838 194 4907; x_wconf 89' lang='lat' dir='ltr'><strong>iu,</strong></span> <span class='ocrx_word' id='word_1_516' title='bbox 223 4832 358 4909; x_wconf 87' lang='lat' dir='ltr'><strong>iuquam,</strong></span> <span class='ocrx_word' id='word_1_517' title='bbox 389 4834 440 4908; x_wconf 91' lang='lat' dir='ltr'><strong>qui</strong></span> <span class='ocrx_word' id='word_1_518' title='bbox 463 4828 675 4891; x_wconf 84' lang='lat' dir='ltr'><strong>absurditatem</strong></span> <span class='ocrx_word' id='word_1_519' title='bbox 697 4832 840 4907; x_wconf 70' lang='lat' dir='ltr'><strong>insignem</strong></span> <span class='ocrx_word' id='word_1_520' title='bbox 870 4830 985 4889; x_wconf 75' lang='lat' dir='ltr'><strong>lestinis</strong></span> <span class='ocrx_word' id='word_1_521' title='bbox 1006 4837 1036 4889; x_wconf 89' lang='lat' dir='ltr'><strong>ct</strong></span> <span class='ocrx_word' id='word_1_522' title='bbox 1057 4832 1150 4905; x_wconf 60' lang='lat' dir='ltr'><strong>matis</strong></span> <span class='ocrx_word' id='word_1_523' title='bbox 1172 4832 1301 4890; x_wconf 75' lang='lat' dir='ltr'><strong>involvis</strong></span> <span class='ocrx_word' id='word_1_524' title='bbox 1323 4831 1501 4893; x_wconf 87' lang='lat' dir='ltr'><strong>nominibus.</strong></span> 
     </span>
    </p>
   </div>
   <div class='ocr_carea' id='block_1_3' title="bbox 0 0 1658 5534">
    <p class='ocr_par' dir='ltr' id='par_1_10' title="bbox 0 0 1658 5534">
     <span class='ocr_line' id='line_1_52' title="bbox 0 0 1658 5534; baseline 0 1"><span class='ocrx_word' id='word_1_525' title='bbox 0 0 1658 5534; x_wconf 95' lang='lat' dir='ltr'><strong> </strong></span> 
     </span>
    </p>
   </div>
  </div>
 </body>
</html>
