3308 5534
1436 314 1486 367 liic·

776 336 856 443 75777
1424 392 1490 465 095

130 562 251 641 ¹ilaeus,
283 566 326 627 uti
348 582 382 627 se
403 564 587 642 subscripsit.
633 564 687 625 ibt
715 566 794 627 enim
815 572 846 625 et
873 530 991 643 ipsein
1013 514 1216 646 0777777777
1241 569 1357 632 7777777
1379 512 1449 636 inde
1471 592 1491 637 a

130 652 228 715 unitis
258 655 354 714 annis.
399 649 499 714 Unum
530 652 681 729 exemplar
711 653 802 721 misit
823 651 951 713 Romam
981 661 1012 715 77
1038 654 1125 733 plora
1156 656 1267 719 babere
1299 658 1492 726 desideravit

130 738 276 817 liquidem
305 742 378 802 77777
409 758 501 813 7777,
534 739 801 842 Gruppenbacbius
822 745 1033 815 (typographus)
1063 761 1122 819 qus
1147 743 1267 806 777777.
1292 748 1331 806 ,tt
1361 765 1433 809 mu,
1459 753 1489 810 p,

130 827 318 891 7777777777
336 826 546 906 exemplarium
562 836 592 886 77
605 830 631 886 77
647 828 714 903 quis
727 828 840 889 interea
863 826 988 889 celebris
1001 831 1048 889 vir
1060 832 1090 889 in
1106 839 1187 891 tuam
1203 835 1352 895 notionem
1367 837 1489 913 venerit,

130 916 178 995 pul
201 918 321 978 veritati
349 917 423 977 ierat
445 916 690 991 7777777777-
714 910 808 975 Ursus
831 914 929 991 Praga
951 915 990 976 ad
1012 936 1059 979 me
1088 920 1220 996 scripsit,
1251 930 1357 999 777777
1387 941 1490 986 exem·

130 1004 239 1083 717777,
270 1005 318 1065 777
341 1005 478 1080 quamvis
501 1004 619 1065 minime
641 1003 727 1078 gravi
749 1004 863 1063 auctori
885 1002 995 1064 indulsi
1017 1012 1131 1079 777777,
1162 1010 1233 1084 qnia
1262 1026 1418 1071 caesarem
1445 1018 1491 1073 est

130 1090 355 1153 mathematicus
379 1091 508 1168 mihique
524 1108 584 1167 qua
599 1088 749 1167 prodesse,
773 1107 833 1166 qua
847 1090 953 1153 777777
968 1099 1075 1169 potest
1113 1093 1198 1154 Patet
1215 1097 1292 1156 enirn
1314 1099 1345 1155 in
1359 1096 1490 1178 styriam

130 1196 223 1257 usqne
247 1178 313 1256 ejus
335 1177 528 1239 familiaritas.
566 1176 702 1255 Tycltoni
724 1176 837 1239 nullum
859 1177 958 1238 adbuc
979 1182 1095 1241 misisse
1117 1184 1211 1257 potui
1241 1183 1326 1244 Illius
1345 1185 1491 1262 indicium

130 1264 219 1329 aride
242 1274 398 1345 77777777.
437 1266 506 1326 Wic
530 1264 575 1325 777
599 1267 653 1325 mit
675 1263 740 1324 dem
765 1264 896 1325 Biiccbel
919 1266 1096 1329 antlromme
1119 1270 1177 1348 bey
1200 1273 1281 1332 einer
1303 1272 1352 1333 777.
1375 1273 1491 1335 Laudi·

129 1352 355 1428 7777777777
379 1352 525 1414 7777777
549 1352 638 1412 nicht.
671 1351 828 1417 Another
846 1353 894 1413 777
916 1354 993 1414 7777
1010 1371 1068 1415 777
1084 1355 1184 1417 klreim
1199 1357 1346 1437 Laudtag
1379 1360 1491 1423 Videor

129 1444 201 1505 milri
216 1441 372 1520 uoluptate
386 1441 597 1519 speculationis
613 1447 768 1500 contentus
783 1457 849 1500 esse
863 1440 970 1502 debere
986 1445 1212 1521 necquicquam
1228 1445 1351 1508 ulterius
1360 1466 1489 1583 sperare.

129 1530 188 1593 ded
211 1530 279 1591 Dco
302 1546 389 1591 curae
412 1535 496 1589 crunt
518 1530 626 1589 omnia.
1307 1566 1310 1571 .

235 1616 283 1677 De
310 1619 385 1678 meis
413 1615 518 1675 studiis
549 1616 619 1691 qnid
647 1615 791 1687 scribam,
821 1632 881 1676 uon
903 1614 1015 1688 babeo,
1045 1635 1114 1677 nam
1132 1636 1188 1680 777
1211 1562 1429 1685 oeconomicus
1440 1638 1491 1687 sse

129 1704 312 1787 perturbant
359 1701 455 1765 Unum
478 1713 575 1764 tamen
599 1709 653 1775 777,
678 1704 707 1760 77
730 1719 790 1778 quo
813 1704 917 1763 merite
938 1702 979 1764 H.
1000 1703 1033 1765 Τ
1057 1705 1217 1783 appellum,
1239 1717 1275 1771 nt
1295 1710 1367 1773 mibi
1390 1712 1492 1789 epitu-

129 1792 184 1855 tari
208 1791 347 1871 digneris.
384 1790 510 1853 Incidi
502 1809 531 1849 ιιι
554 1789 786 1867 speculationem
801 1789 958 1866 quandam,
982 1809 1071 1868 qnam
1094 1811 1149 1854 777
1171 1796 1300 1858 breviter
1320 1814 1376 1858 nec
1395 1798 1493 1861 cond·

129 1880 233 1943 deuter
250 1881 494 1957 pronominum,
517 1895 555 1939 no
569 1895 610 1937 77.
626 1877 731 1938 ridear.
771 1877 882 1939 Verum
904 1884 937 1938 77
950 1878 990 1940 77
1009 1896 1046 1939 77
1068 1898 1116 1941 me
1138 1882 1303 1961 expediam,
1325 1901 1403 1963 opus
1418 1887 1494 1947 777177

129 1976 173 2031 est
205 1969 265 2029 tnie
295 1966 390 2027 oculis
420 1974 450 2026 et
478 1981 585 2041 magno
616 1964 668 2024 7777
699 1963 872 2041 quadrante.
918 1965 1017 2027 Velim
1043 1985 1086 2028 77
1110 1976 1143 2029 77
1171 1970 1258 2031 777777
1279 1972 1391 2049 polaris
1407 1975 1492 2036 eires

129 2050 205 2141 ⁸⁸1„
205 2054 412 2133 ,Septembris
436 2052 501 2131 (sed
524 2053 582 2113 lreu
604 2052 709 2112 mibi'
696 2070 759 2128 Jam
782 2051 912 2129 transiit)
933 2052 1107 2131 eninrinans,
1130 2057 1208 2117 cirea
1227 2054 1301 2140 ’777
1318 2060 1492 2123 Decembris

129 2160 202 2206 7777
217 2140 321 2203 eadem
338 2140 500 2201 culminum
516 2148 545 2201 et
561 2139 725 2198 humillima
741 2140 913 2201 observetur
928 2147 958 2200 77
973 2141 1118 2217 videatur,
1133 2152 1231 2205 utrum
1246 2148 1322 2209 inter
1335 2155 1496 2251 utramque

128 2230 316 2293 eniminautis
331 2226 517 2289 altitudinem
539 2244 597 2286 non
621 2229 660 2286 sit
682 2226 847 2288 dilierentia
863 2229 950 2288 unius
965 2237 1056 2306 atque
1078 2230 1201 2297 alterius
1213 2234 1375 2313 scrupuli!
1366 2254 1396 2295 ι.
1413 2255 1490 2316 777..

129 2316 243 2379 drante.
289 2316 357 2377 Hoc
388 2317 465 2376 enim
495 2318 621 2392 optarim
649 2314 793 2376 accidere
846 2315 930 2392 Elegi
966 2317 1073 2391 aliam,
1106 2322 1242 2394 quamvis
1273 2321 1343 2382 bule
1369 2326 1490 2402 negotio

129 2408 226 2467 minue
240 2403 388 2478 idoneam,
404 2402 498 2463 solam
514 2412 613 2463 777777
633 2402 857 2507 pompeianam,
874 2405 1038 2505 quaemihi
1053 2405 1187 2467 nonnihil
1202 2409 1499 2484 satisiaciatredncr·

132 2494 240 2561 7777777
263 2490 413 2554 eundae·
405 2509 434 2549 ιιι
458 2488 534 2551 Ursa
556 2490 677 2568 maj0re.
721 2488 808 2550 Haec
828 2492 854 2553 si
885 2491 964 2551 eirca
987 2486 1050 2573 ⁹irs·
1075 2493 1148 2555 Dec.
1179 2494 1455 2565 altissima-elmat-
1461 2508 1492 2561 77

134 2579 295 2641 bnmlllima
318 2580 536 2652 observaretur,
564 2595 665 2638 mense
694 2594 764 2638 sero
787 2577 911 2653 Martio,
942 2576 1014 2639 dum
1035 2579 1087 2640 Sal
1118 2590 1164 2642 est
1191 2584 1222 2643 in
1246 2584 1390 2661 77777777
1413 2586 1490 2663 isca,

135 2684 243 2729 7777777
267 2673 421 2745 caperetur
443 2666 582 2727 alterutra
612 2666 676 2741 ejus
706 2664 851 2740 altitudo,
881 2682 929 2727 res
950 2666 1023 2727 mihi
1053 2676 1083 2727 et
1105 2676 1139 2729 77
1159 2670 1269 2747 opiner.
1293 2677 1493 2737 7777777777

139 2752 285 2817 utilissima
309 2762 397 2826 esset,
421 2755 592 2832 praesertim
609 2756 634 2813 si
650 2756 725 2813 inter
740 2753 825 2814 binas
840 2752 1021 2829 altitudines,
1045 2772 1120 2832 quae
1142 2758 1284 2835 aequales
1298 2760 1361 2822 lore
1378 2779 1489 2893 speras,

142 2840 232 2923 717777
253 2847 411 2920 appareret
433 2841 606 2901 differentia
631 2874 671 2885 -

233 2944 280 3001 Ex
298 2943 479 3015 responsione
496 2941 682 2996 Maestlini
699 2942 737 3010 (d
756 2942 782 2997 d
803 2943 845 2998 ·70.
863 2942 925 2998 077.
943 2959 968 2996 7.
987 2944 1031 3009 77.)
1054 2940 1124 2997 haec
1141 2944 1343 3013 excerpsimus:
1370 2946 1412 3005 'lie
1427 2964 1503 3007 curs·

147 3008 248 3103 coniuge
265 3036 315 3089 tua
332 3031 453 3087 euariter
470 3041 500 3084 et
517 3027 587 3084 bene
606 3034 689 3098 atque
707 3026 898 3097 coniugialitsr
915 3026 1012 3097 valere,
1031 3044 1067 3084 ex
1084 3030 1175 3085 animo
1192 3031 1243 3087 tibi
1255 3034 1389 3101 77777777,
1403 3037 1503 3109 --ορω-

147 3120 204 3177 nri
220 3119 269 3179 Sol
285 3119 340 3175 hoc
357 3117 495 3189 posteriue
511 3116 673 3186 patefecerit
691 3117 793 3181 videas,
812 3118 860 3187 qui
878 3124 907 3173 77
924 3118 1042 3188 pietate,
1061 3118 1177 3189 virtute,
1194 3123 1318 3178 moribus
1334 3129 1364 3179 et
1380 3125 1504 3194 ingenis·

146 3206 246 3267 irllciter
262 3206 410 3279 aliqnando
423 3220 529 3262 summa
541 3221 602 3260 eum
617 3212 665 3259 tua
676 3210 842 3272 tuorumque
860 3212 1038 3274 cassatorum
1050 3211 1081 3260 et
1094 3206 1243 3264 amicorum
1255 3211 1494 3280 congratulatione

145 3296 240 3355 must.
276 3298 353 3353 Deus
375 3310 457 3367 porro
480 3294 557 3349 robis
580 3290 706 3347 omnibus
729 3308 780 3347 sua
805 3293 995 3351 benedictione
1021 3292 1125 3348 affatim
1150 3301 1205 3349 tem
1230 3295 1259 3351 in
1275 3311 1307 3351 rs
1330 3296 1504 3371 (7777777777,-

144 3384 370 3451 truncatione
389 3383 481 3453 operis
498 3379 678 3452 expediendis
695 3379 844 3437 clementer
862 3380 935 3437 adsit
936 3420 1028 3439 .....
1059 3381 1247 3450 spargebatur
1263 3383 1338 3454 apud
1353 3396 1405 3443 nes
1415 3387 1506 3446 77777·

144 3468 290 3539 deductus
309 3470 419 3541 scriptis
438 3476 485 3526 tuo
504 3469 615 3523 iuventa
634 3467 780 3523 contrariis
796 3466 887 3537 editis,
905 3482 1000 3524 vemm
1016 3467 1085 3522 nibil
1101 3483 1197 3524 corum
1215 3471 1251 3526 ad
1269 3486 1320 3528 nos
1338 3474 1503 3545 'lubinpam¹

143 3558 209 3617 reait
245 3557 322 3615 ldem
345 3558 428 3613 etiam
454 3563 562 3613 nostros
589 3552 734 3623 theologos
752 3552 876 3608 nonnihil
902 3551 1031 3623 offendit,
1057 3557 1223 3613 auctoritate
1245 3566 1337 3615 tamen
1354 3560 1490 3632 Principis

141 3647 229 3719 777777,
254 3647 300 3703 777
323 3645 475 3719 principale
499 3645 610 3701 schema
628 3641 785 3699 dedicatum
802 3646 845 3697 est
863 3644 917 3711 (err.
936 3645 986 3697 sol.
1005 3646 1025 3697 1.
1043 3661 1070 3710 p.
1086 3646 1155 3712 sss),
1175 3645 1243 3699 moti
1260 3645 1287 3700 in
1306 3646 1500 3704 medicalia·

142 3741 228 3803 orout
256 3733 561 3793 unisonantiam
579 3730 664 3786 semel
682 3738 766 3801 atque
783 3730 882 3787 iterum
900 3729 1010 3799 (jocose
1028 3729 1146 3799 quidem,
1166 3731 1311 3802 iicetJ‘ocis
1324 3735 1398 3790 77777
1408 3736 1503 3792 ctiam·

140 3819 286 3885 intermixta
303 3821 456 3891 videantur)
474 3837 517 3877 me
534 3819 649 3874 adortus
667 3824 698 3873 ct
715 3833 823 3874 mecum
840 3816 1044 3886 disputaturum
1063 3833 1094 3872 se
1112 3834 1175 3875 7777
1192 3828 1309 3877 testatus
1326 3830 1384 3886 est,
1408 3840 1509 3892 qnam·

140 3906 178 3965 diu
192 3909 345 3968 auctoritas
364 3908 522 3979 Scripturas
541 3908 641 3963 Sacrae
659 3914 735 3963 77777
760 3905 918 3974 perstitere.
955 3904 1031 3961 Idem
1053 3906 1129 3962 baud
1146 3907 1187 3962 ica
1210 3908 1314 3978 pridem
1333 3910 1361 3964 is
1379 3911 1492 3981 publica

139 3998 286 4071 remacius
304 3995 444 4066 77777777,
454 3995 488 4059 ¹in
502 3993 685 4065 explicatione
697 4010 759 4064 cap.
778 3997 800 4049 7.
820 3991 959 4049 (77777777
977 3993 1049 4047 inter
1060 3993 1116 4049 alia
1127 3994 1210 4051 dixit:
1231 3998 1337 4062 ,Deum
1354 4014 1511 4055 summam·

138 4092 279 4143 summm
296 4098 352 4139 neu
365 4081 542 4154 suspendisse
554 4080 645 4139 Solem
662 4082 690 4137 iu
703 4081 792 4137 medio
805 4077 899 4136 mundi
917 4087 950 4134 ut
966 4079 1099 4137 laternam
1118 4081 1146 4136 iu
1165 4083 1254 4138 media
1272 4084 1359 4139 atr'u'„⁴¹
1389 4085 1493 4141 Veram

135 4171 196 4241 incia
211 4172 270 4231 illis
283 4172 382 4242 jncuea
400 4186 540 4242 opponere
558 4169 660 4240 soleo,
675 4170 739 4225 duur
754 4168 811 4236 joci
829 4173 906 4236 sunt;
931 4167 955 4222 si
973 4167 1044 4224 serio
1063 4184 1108 4224 res
1126 4168 1234 4239 agenda
1250 4176 1332 4241 77777,
1351 4171 1433 4228 aliter
1444 4188 1492 4231 77·

137 4275 280 4331 7777777777
298 4265 327 4317 77
344 4275 395 4329 777
415 4274 513 4317 essem.
538 4258 591 4313 Pro
610 4257 720 4327 egregia
732 4255 880 4328 phantasia
896 4261 927 4311 et
943 4254 1050 4311 erudito
1070 4255 1181 4312 invento
1198 4256 1270 4313 idem
1289 4259 1321 4313 7).
1336 4260 1370 4314 l).
1388 4259 1504 4318 Helen*

135 4348 241 4407 raderus
259 4347 398 4419 77777777,
422 4345 471 4403 sed
490 4346 518 4402 S.
539 4346 695 4417 Scripturas
714 4352 743 4401 77
760 4344 814 4412 7777
832 4342 939 4403 ueritati
962 4344 1124 4399 777777777ιί
1143 4345 1253 4400 omniuo
1274 4352 1305 4401 77
1328 4347 1492 4418 simpliciter

135 4444 216 4505 77777.
246 4436 350 4493 Verum
364 4451 423 4491 eum
437 4433 507 4503 77777,
526 4433 573 4503 qui
586 4433 720 4502 principia
731 4432 826 4487 barum
838 4445 931 4485 rerum
948 4445 1002 4487 non
1020 4431 1193 4487 sufficienter
1209 4439 1305 4489 tenent
1322 4435 1490 4507 (ceteroquin

134 4508 317 4594 siris'msgnis
334 4529 363 4578 et
380 4521 592 4591 eruditissimis),
613 4522 699 4576 satine
719 4528 762 4576 est
780 4519 902 4574 similiter
918 4519 1015 4587 jocose
1033 4533 1123 4587 77777,
1144 4519 1208 4575 dum
1223 4521 1307 4589 J'oeos
1321 4522 1470 4593 accipiam.
1492 4538 1507 4563 '¹

231 4615 276 4671 De
293 4612 487 4669 observatione
507 4610 603 4667 stellae
627 4610 731 4680 polaris
748 4608 814 4678 quid
831 4606 913 4674 reiis,
936 4605 1071 4675 intelligo,
1095 4607 1146 4663 aed
1162 4608 1190 4663 in
1210 4623 1291 4677 quem
1315 4624 1412 4675 77777,Ι
1434 4625 1490 4666 nan

132 4704 264 4777 percipio,
288 4700 342 4759 nisi
366 4700 440 4769 quod
459 4699 599 4768 existimo,
622 4705 651 4755 te
669 4698 762 4755 777777
779 4695 953 4753 altitudinem
977 4694 1079 4750 stellati
1102 4694 1179 4752 orbis
1201 4694 1266 4749 inde
1287 4694 1444 4765 coniectare
1461 4702 1517 4752 7717

132 4790 217 4851 netis-i
233 4786 327 4849 selle..
352 4788 413 4859 Ego
437 4787 548 4857 quidem
574 4787 630 4845 buc
651 4799 739 4857 usque
753 4800 825 4841 -7777
838 4783 958 4839 diversis
980 4783 1047 4839 anui
1072 4781 1197 4851 77777777
1214 4798 1270 4841 uas
1287 4782 1356 4839 adea
1373 4782 1510 4841 mississe

129 4878 266 4953 7777777777,
286 4858 348 4943 nisi,
367 4873 440 4945 qnod
452 4874 548 4941 fateor,
566 4872 754 4945 superioribus
766 4870 845 4929 aunis
857 4868 924 4925 mibi
935 4868 1097 4927 nonnullam
1111 4868 1293 4926 7777777777
1304 4868 1489 4943 intervenisse,
