3308 5534
146 387 220 457 614,
459 384 640 449 saansaan
658 381 797 441 naurire
814 380 1118 443 ammonae-santo
1133 382 1209 441 m

150 562 310 634 quiescente
331 563 360 617 in
386 561 475 618 medio
499 561 619 618 uolversi
637 561 701 617 Sole
718 561 784 629 (non
806 560 995 628 considerato,
1021 574 1057 614 an
1075 560 1105 614 in
1122 559 1176 614 hac
1198 552 1454 628 speum-resto,
1473 572 1493 613 ι

147 653 314 721 Gopernicus
333 649 482 707 secundum
500 648 547 703 diu
566 658 704 719 receptam
722 649 879 719 opinionem
897 649 1017 704 sensisse
1033 648 1150 713 videtur,
1167 663 1204 703 sn
1215 648 1316 704 saltem
1333 646 1493 715 imssinsr'n

147 740 428 808 praesupponantur),
445 753 496 807 pro
514 743 576 792 rata
593 737 794 805 adariserimus,
812 753 861 793 seu
879 737 989 794 undem
1008 737 1158 793 secuudum
1174 743 1297 791 nomam
1315 734 1493 805 hypothesis

149 826 309 883 coelestium
328 825 557 890 distributionem,
577 840 648 894 quae
666 823 771 879 orbium
788 823 942 880 realitatem
962 824 1154 894 epiryclosque
1165 822 1239 880 tollit
1250 824 1422 892 Terrsmqne
1431 820 1493 877 nt‘sil

147 913 254 969 ominus
272 914 301 968 in
319 920 415 968 renuo
434 912 553 968 universi
572 912 713 981 quiescere
731 911 890 982 permittit“.
928 912 1024 982 Tycha
1042 911 1114 967 hauc
1137 926 1219 980 quam
1237 910 1305 966 dicit
1329 925 1410 967 susm
1424 910 1493 979 type

148 999 265 1057 thesium
286 999 446 1057 coelestium
465 999 681 1055 distributionem
694 999 722 1055 iu
736 997 1008 1069 Progymnasmatum
1027 1006 1105 1068 perte
1119 999 1216 1068 pmms,
1232 1014 1268 1053 ex
1285 1013 1344 1067 qus
1359 996 1493 1067 pesnisa

150 1088 342 1154 desumimus,
361 1088 396 1143 ud
416 1088 528 1144 Saturni
546 1095 653 1144 tantum
671 1093 761 1142 motus
779 1087 914 1156 applicat,
939 1085 1072 1154 ablegare
1090 1086 1201 1156 saepius
1218 1087 1339 1142 lectores
1357 1084 1394 1141 sd
1411 1084 1493 1141 timu

149 1180 357 1247 ,seqnsum“‚
376 1175 410 1230 de
429 1176 551 1242 cometis,
569 1175 597 1231 iu
616 1190 670 1243 qao
689 1175 872 1229 astronomiae
891 1173 1011 1229 cultores
1032 1174 1244 1243 ,generaliorem
1264 1172 1404 1243 quandam
1421 1170 1493 1241 eupli

148 1264 300 1339 catiouem“
323 1262 538 1333 deprehendant.
574 1263 653 1317 Hanc
671 1261 864 1333 proposuimus
882 1263 935 1317 rol.
948 1261 1010 1317 vlt.
1030 1278 1059 1330 p.
1072 1262 1142 1331 285,
1160 1260 1208 1316 ubl
1226 1260 1420 1332 deprehendes
1437 1258 1493 1331 ,pb

151 1352 256 1407 niorem
275 1349 501 1420 explicationem·
522 1349 637 1418 differri5
664 1349 692 1404 in
710 1348 763 1404 tino
783 1348 863 1403 etiam
882 1350 953 1418 libri,
972 1350 1006 1404 ad
1026 1365 1106 1417 quem
1125 1348 1257 1403 lectorem
1275 1346 1390 1416 ablegst
1407 1346 1493 1418 Tychq

152 1438 221 1494 haec
239 1437 387 1508 explicatio
406 1436 580 1492 desideratur
597 1451 686 1506 neque
703 1435 771 1490 alibi
787 1437 925 1493 invenitur
942 1435 1013 1492 inter
1031 1436 1169 1505 Tychouis
1187 1435 1302 1504 scripta.
1339 1435 1371 1490 ln
1389 1432 1493 1506 episto}

147 1526 184 1581 ad
201 1525 459 1594 Rothmanunm,
479 1530 621 1579 strenuum
635 1522 776 1592 Copernici
789 1523 968 1591 defensorem,
987 1525 1097 1592 saepius
1110 1523 1144 1577 nd
1157 1523 1232 1578 illam
1252 1538 1331 1578 snam
1344 1520 1492 1593 hypati&

150 1615 235 1686 redit,
253 1614 353 1684 quibus
372 1614 558 1683 capernicaua
575 1614 646 1668 ratio
664 1614 772 1669 laboret
790 1611 941 1678 erroribus,
965 1608 1065 1678 quibus
1084 1626 1135 1664 sua
1152 1618 1276 1679 praestet
1297 1610 1444 1667 virtutibus
1457 1608 1491 1665 de

148 1710 297 1769 monstrat,
320 1702 419 1757 iterum
440 1702 594 1771 iterumque
610 1701 760 1769 respiciens
777 1698 813 1753 ad
831 1697 994 1769 locupletius
1017 1714 1103 1768 opus,
1126 1698 1201 1767 qnod
1215 1714 1360 1767 nunqnam
1376 1698 1404 1753 in
1419 1696 1489 1753 luen

151 1789 263 1860 prodiit.
302 1789 511 1855 ,occasionem
530 1790 619 1858 iuquit
639 1789 705 1853 ,has
724 1787 844 1843 rationes
862 1786 1038 1841 construendi
1060 1802 1115 1842 non
1133 1786 1255 1841 desumsi
1272 1801 1308 1842 es
1326 1785 1439 1843 iurans
1453 1784 1489 1841 (le

151 1875 319 1946 pernioanis,
339 1893 432 1933 verum
451 1893 512 1932 cum
530 1877 782 1932 animadvertissem
807 1872 901 1930 subtili
919 1882 946 1927 et
964 1881 1094 1927 accurata
1117 1873 1326 1941 coronatione,
1351 1870 1489 1945 praesu&

150 1979 222 2020 anuo
238 1966 284 2023 82.
296 1965 400 2032 habita,
419 1965 535 2021 Martem
553 1964 746 2034 acronychium
759 1964 851 2019 Terris
864 1962 1017 2031 propiorem
1031 1960 1090 2015 fieri
1107 1961 1167 2030 ipso
1186 1960 1260 2030 Sole,
1278 1969 1309 2017 et
1326 1961 1363 2015 ob
1379 1958 1489 2015 idl’tols·

150 2051 252 2107 maim
270 2052 317 2108 diu
334 2059 463 2121 receptas
482 2050 650 2122 hypotheses
675 2057 802 2107 constare
828 2066 884 2105 nou
907 2066 1003 2120 posse;
1025 2058 1146 2106 cometas
1171 2050 1285 2121 insuper
1305 2050 1392 2107 motui
1407 2048 1488 2105 rurs

150 2153 241 2195 annno
260 2155 314 2194 uon
332 2137 410 2193 reddi
428 2138 577 2204 obnoxios,
604 2139 727 2208 quamvis
752 2138 827 2194 haud
844 2140 873 2193 in
890 2144 997 2193 tanturn
1023 2139 1139 2207 distent,
1165 2149 1197 2195 ut
1213 2140 1299 2209 plane
1315 2140 1340 2195 is
1357 2142 1488 2201 ιιιιιιιι,

151 2226 365 2295 Copemicanam
389 2240 498 2296 quoque
520 2224 714 2281 assumtionem
739 2224 930 2281 collaborare.
966 2226 1066 2280 Porro:
1094 2227 1171 2287 ,Nou
1195 2236 1299 2281 temere
1324 2227 1375 2283 hss
1391 2224 1488 2281 mdes!

151 2312 270 2379 condidi,
289 2314 338 2369 sed
356 2314 446 2383 ipsum
470 2329 514 2369 me
532 2312 639 2369 coelum
662 2312 702 2369 ita
719 2314 754 2369 de
772 2329 802 2368 se
820 2315 922 2368 seotim
940 2313 1061 2368 docuit.“
1099 2318 1177 2379 Quae
1194 2314 1279 2383 objici
1301 2314 1393 2369 solent
1409 2314 1487 2383 Cup*

150 2401 214 2457 uico
231 2401 341 2470 repetit,
360 2418 385 2456 e.
404 2419 430 2471 q.
449 2399 568 2470 lapidem
586 2409 691 2456 attrrre
709 2400 864 2469 demissum,
884 2401 1003 2470 spatium
1020 2402 1092 2457 inter
1104 2402 1251 2457 Saturnum
1269 2411 1298 2458 et
1314 2402 1385 2457 iisse
1400 2400 1489 2455 im

151 2505 222 2558 sum,
240 2489 354 2555 globum
372 2489 491 2544 terreum
510 2496 645 2543 tormento
664 2487 839 2544 bombardico
857 2504 952 2544 versus
971 2489 1104 2545 amentem
1122 2496 1150 2545 et
1169 2504 1296 2547 occasum
1310 2484 1489 2551 emissuntsh.

152 2576 208 2632 rol.
228 2576 277 2631 111.
296 2592 325 2644 p.
343 2576 417 2644 tot).
453 2574 585 2644 Magnum
604 2576 717 2643 insuper
733 2590 796 2630 esse
814 2586 1004 2646 argumentum
1023 2577 1188 2634 infirmitatis
1209 2577 1394 2633 serenianum
1411 2576 1489 2643 cept·

151 2664 319 2733 nicenorum,
338 2662 410 2732 quod
431 2663 649 2718 ecceutricitates
661 2662 760 2718 Martis
778 2669 807 2717 et
820 2663 935 2720 Veneris
952 2666 1039 2721 multo
1056 2666 1137 2720 aliter
1153 2681 1184 2721 ae
1200 2664 1331 2735 babeant,
1349 2680 1427 2736 qnsm
1442 2660 1489 2716 os·

151 2752 306 2822 postulent,
330 2750 395 2806 dum
421 2764 486 2819 ,per
509 2750 618 2805 minime
644 2749 742 2805 dubius
766 2751 1060 2819 experimentationest
1086 2768 1103 2805 a
1126 2754 1257 2823 Tychone
1281 2751 1449 2823 deprehssss
1463 2748 1491 2803 d

152 2840 250 2897 Martis
273 2839 461 2895 eccentrlcitas
485 2838 581 2892 eadem
603 2837 676 2905 iere,
699 2854 782 2907 quam
799 2837 975 2894 Ptolemaeus
997 2840 1038 2893 illi
1056 2840 1220 2905 attribuerit,
1244 2840 1286 2893 rel
1306 2840 1398 2909 potins
1413 2836 1491 2905 nic.

152 2943 233 2997 quam
253 2926 420 2997 copernicns
444 2925 584 2994 aliquanto
609 2926 741 2980 minorem
768 2941 798 2981 se
817 2926 991 2981 adinvenisse
1014 2927 1200 2981 affirmaverit.
1239 2927 1299 2991 ,oe
1321 2926 1420 2996 quibus
1437 2923 1491 2979 s'h

149 3016 208 3070 Deo
227 3014 337 3069 volente
361 3014 470 3068 latius.“
507 3013 566 3066 llac
588 3011 679 3067 decios
703 3013 820 3080 repetita
843 3014 1023 3081 promissione
1047 3015 1204 3083 Tychouem
1228 3030 1283 3069 uon
1311 3014 1420 3069 stetisse
1440 3026 1491 3069 oss·

150 3108 222 3168 stat;
252 3116 364 3156 causam
387 3116 442 3154 uon
465 3098 668 3155 demonstratae
685 3099 871 3169 hypotheseos
890 3101 1063 3171 Tychouieao
1082 3102 1219 3172 Keplents
1242 3102 1329 3157 ratast
1345 3100 1492 3157 roesam

152 3187 181 3242 in
200 3187 408 3243 Commentariis
427 3186 461 3240 de
479 3186 599 3242 motibus
618 3187 716 3242 Martis
735 3188 802 3257 (vol.
821 3188 872 3243 111.
892 3208 920 3258 p.
937 3191 988 3244 113
1000 3186 1026 3259 ),
1050 3191 1162 3246 nimium
1184 3188 1366 3260 complicatos
1389 3188 1493 3261 planete

151 3291 212 3329 rum
230 3281 320 3327 motus
339 3275 392 3328 hac
411 3276 519 3329 ratione
537 3275 597 3330 fieri
614 3275 815 3334 demonstraus.
840 3277 912 3331 Nom
925 3277 1019 3345 Tys-ho
1038 3278 1195 3347 Keplerum,
1214 3292 1249 3331 ex
1271 3278 1448 3341 ,l’rodromo⁸
1462 3272 1493 3329 ἰ-

152 3364 259 3433 genium
275 3364 387 3432 juvenis
405 3364 440 3419 ad
459 3364 591 3419 altissima
610 3364 738 3418 enitentis
763 3379 940 3434 cognosceus,
960 3364 1032 3419 htrnc
1050 3365 1078 3420 in
1097 3368 1177 3420 tinem
1194 3364 1230 3419 sd
1249 3379 1281 3420 ae
1298 3379 1403 3435 susqm
1418 3360 1493 3419 studit

154 3450 337 3521 advocaverit,
356 3451 539 3506 strationem
559 3466 636 3504 suam
655 3451 689 3505 de
708 3450 879 3518 planetarum
897 3451 1014 3506 motibus
1035 3451 1201 3515 emendaret,
1218 3466 1274 3505 non
1288 3467 1341 3520 pro
1353 3446 1493 3507 cenos*

151 3551 227 3592 mare
238 3537 333 3607 ausim,
348 3537 396 3593 scd
409 3538 496 3606 ipsius
509 3536 646 3607 Tychouis
660 3536 743 3593 verita
755 3538 810 3593 tale
823 3539 889 3606 qaid
902 3538 1055 3607 significare
1068 3539 1202 3608 videatur,
1220 3539 1382 3595 scrihsstis:
1401 3538 1493 3599 ,nass

153 3633 184 3680 ut
202 3624 252 3679 des
269 3641 389 3694 operam,
400 3633 439 3680 ·ut
457 3625 545 3680 similo
564 3625 631 3694 quid
649 3625 750 3680 uostris
768 3624 969 3695 hypothesibus
989 3627 1129 3696 applicare
1153 3629 1260 3697 possis·
1282 3627 1352 3692 evol.
1371 3628 1393 3682 l.
1409 3645 1435 3697 p.
1451 3624 1493 3689 ll)

153 3712 224 3768 deut
241 3714 324 3769 etiam
342 3713 478 3782 Keplorus
497 3712 564 3779 (voi.
583 3713 633 3767 111.
652 3730 680 3782 p.
703 3714 765 3781 ted)
784 3715 923 3770 morientis
941 3715 1080 3785 'tychonis
1105 3717 1189 3771 verba
1206 3716 1300 3780 effert,
1327 3716 1443 3786 potestis
1459 3722 1493 3777 ,1

153 3800 181 3855 in
200 3816 252 3857 sua
270 3800 417 3870 hypothesi
435 3800 527 3854 omnia
545 3800 787 3857 demonstrarent.

257 3887 389 3944 Redimus
407 3888 442 3943 ud
455 3887 594 3958 Tychonia
613 3886 698 3942 libros
716 3888 752 3943 de
764 3905 834 3943 nora
846 3889 933 3944 stella.
967 3890 1209 3959 ,Magoitudinerm
1228 3890 1324 3947 lumen
1336 3900 1365 3949 et
1376 3892 1493 3949 mass*

154 3976 252 4031 stellae
271 3976 458 4037 considerans,
478 3973 629 4044 praemittit
647 3974 674 4028 iu
694 3975 786 4031 libello
805 3977 889 4045 priori
907 3977 1041 4044 quaedam
1056 3978 1217 4033 defixarum
1233 3979 1428 4048 magnitudine,
1441 3992 1493 4049 μ

116 4102 125 4117 .
154 4078 215 4118 rum
237 4063 371 4117 maximae
394 4061 457 4130 plus
480 4078 561 4129 qaam
583 4064 687 4116 centies
710 4063 855 4131 quinquies
877 4065 989 4118 Terram
1012 4064 1200 4131 mamistriae
1223 4067 1376 4135 excedam,
1405 4066 1493 4125 nih

154 4165 252 4205 uorsus
269 4149 346 4204 initio
372 4148 450 4217 ,plus
468 4149 590 4203 centenis
613 4149 718 4204 vicilrus
741 4152 838 4207 molem
858 4151 959 4206 Terrae
982 4154 1161 4209 excessisse.
1199 4154 1305 4211 laomen
1330 4158 1425 4215 stelhs
1444 4168 1493 4215 fl

155 4253 223 4307 prae
241 4237 341 4293 uetans
359 4235 500 4304 fulgidum,
523 4243 570 4299 ,ut
588 4238 623 4293 ah
642 4239 780 4308 aliquibus
798 4238 826 4293 in
844 4240 921 4295 initio
941 4241 1022 4295 etiam
1037 4242 1120 4311 juxta
1131 4242 1255 4299 meridiei
1267 4254 1380 4316 tempus
1391 4258 1493 4303 uos·

155 4344 237 4394 quam
256 4334 439 4382 cernensium.
470 4325 583 4379 Stellam
601 4325 765 4413 scipullaaae
784 4333 815 4381 ut
831 4327 950 4396 reliquas
967 4328 1050 4391 tinam
1077 4330 1112 4385 ah
1129 4329 1207 4385 initio
1225 4330 1400 4401 slbicsntn,
1415 4338 1493 4405 pas!

156 4413 316 4469 rutilantem
336 4413 505 4483 apparuisse.
531 4414 562 4468 In
581 4414 830 4484 Progymnasmatis
849 4415 972 4485 legimus,
990 4418 1097 4472 stellam
1116 4434 1214 4473 novam
1231 4419 1312 4475 initio
1324 4420 1419 4477 Jove·
1432 4432 1493 4475 sn·

156 4503 284 4573 nychium
305 4501 404 4557 risibili
422 4502 576 4572 quantitate
593 4517 750 4572 superasse,
774 4504 921 4559 Novembri
940 4506 1038 4561 Veneri
1062 4520 1211 4575 aequm,
1238 4507 1384 4565 Decembri
1398 4508 1493 4573 taam

155 4590 288 4647 Janumio
300 4590 327 4645 in
339 4590 470 4646 Matrtium
486 4591 560 4646 1573.
579 4590 661 4660 paulo
674 4592 805 4647 minorem
818 4593 979 4661 apparuisse
991 4594 1070 4661 Jove,
1083 4604 1182 4664 postea
1193 4595 1282 4651 stellis
1295 4598 1398 4667 prinas
1408 4592 1492 4667 Ιρ

157 4678 268 4742 tudinis,
286 4677 465 4746 sequentibus
483 4677 621 4733 mensibus
640 4678 727 4735 stellis
745 4680 897 4745 secundae,
919 4680 994 4736 Julio
1012 4690 1040 4735 et
1057 4686 1183 4750 augusto
1200 4685 1302 4741 tertise
1320 4680 1493 4755 magri&

158 4766 311 4832 quantitate
328 4779 422 4833 parem
441 4763 536 4820 tuisse.
573 4766 619 4821 Sic
636 4767 769 4835 paulatim
787 4768 918 4823 minorem
937 4770 1037 4823 factam
1056 4786 1150 4827 menso
1163 4772 1266 4827 hisrtio
1285 4774 1350 4829 susi
1364 4774 1428 4831 rste
1441 4780 1490 4827 ο

158 4851 228 4931 spici
243 4850 358 4911 demus
374 4866 491 4929 prorsus
507 4853 633 4919 desim
662 4854 706 4915 De
724 4856 920 4917 senousuona
936 4866 965 4917 et
981 4857 1122 4919 coloribus
1138 4858 1237 4919 essen
1254 4856 1488 4933 mro-atr*
