3308 5534
696 414 747 487 ΠΙ,
766 416 964 479 Δειποιιοωίοι
1445 416 1510 489 231

162 594 305 661 altitudine
336 600 480 659 remotiua
508 599 649 657 minorem
680 596 752 658 iacit
777 598 927 676 angulum.
982 596 1053 659 Jam
1086 599 1157 675 quia
1180 599 1338 675 aequantia
1369 607 1510 677 punctum

157 686 237 747 ruodo
258 684 379 761 fingitur
400 685 577 747 deaoendere
600 688 630 745 iu
653 685 814 762 apaidibua,
837 689 888 759 qui
913 703 982 763 ergo
1006 703 1091 747 arcua
1114 688 1228 745 mediua
1249 686 1305 745 luit
1326 689 1355 746 iu
1378 686 1509 764 longitu-

155 774 216 833 dine
231 770 331 833 media
345 791 448 833 reraua
464 791 638 851 apogaeum,
662 791 727 833 cum
744 791 796 851 pcr
810 774 1029 834 inclinationem
1051 791 1119 850 para
1135 776 1321 850 aequationia
1343 785 1507 852 augeretur,

151 878 198 941 per
212 862 447 921 imminutionem
462 861 625 921 altitudinia
640 864 796 938 aequantia
812 864 916 920 iterum
939 864 1085 933 minuitur,
1110 864 1210 937 itaque
1232 861 1281 921 hic
1297 861 1389 921 videri
1412 871 1510 941 puteat

150 948 266 1009 ablatae
288 949 328 1008 ab
349 966 420 1009 arcu
443 948 609 1009 anomaliae
630 947 773 1024 aimplicia
796 948 923 1008 medium
942 966 1042 1009 arcum
1064 950 1227 1026 relinquere
1250 951 1340 1009 ctiam
1363 948 1427 1025 hic;
1450 953 1509 1011 uiai

148 1035 261 1097 unmto
283 1038 325 1095 ait
345 1037 526 1109 imminutio,
557 1045 589 1095 ut
610 1035 659 1096 lric
682 1038 804 1095 vbiouia
826 1038 905 1096 arcui
929 1039 1155 1115 appropinquet.
1200 1037 1313 1097 Veraua
1335 1040 1507 1113 perigaeum

149 1124 219 1185 ltnee
240 1125 430 1199 aequatiouia
452 1141 520 1200 para
542 1125 659 1201 gemino
681 1126 799 1183 nomine
822 1127 970 1197 minuitur,
995 1131 1024 1184 et
1046 1123 1236 1184 inclinatione
1259 1133 1287 1184 ct
1304 1127 1507 1187 imminutione

150 1212 244 1284 baala,
270 1209 394 1271 multum
418 1214 506 1288 igitur
527 1214 745 1288 appropinquat
767 1214 906 1289 temporie
930 1214 1020 1273 arcui.
1065 1212 1110 1270 Ex
1132 1210 1178 1270 hia
1205 1210 1319 1271 videtur
1342 1230 1426 1271 arcua
1451 1230 1508 1271 norr

150 1316 264 1359 manere
286 1298 416 1359 medium
438 1298 670 1374 arithmeticum,
693 1298 745 1359 aed
767 1302 796 1358 iu
817 1301 882 1376 ipao
900 1316 1035 1377 apogaco
1059 1315 1123 1359 caae
1145 1298 1272 1358 medium
1295 1298 1509 1361 arithmeticum

153 1386 194 1447 rel
214 1387 318 1464 quani,
340 1388 370 1445 in
385 1388 522 1463 perigaeo
537 1389 664 1447 maxime
687 1389 923 1464 appropinquare
946 1388 1085 1462 temporie
1101 1389 1190 1446 arcui.
1223 1386 1288 1446 lloc
1311 1386 1406 1447 dicere
1429 1388 1508 1462 volo,

154 1476 392 1535 eccentricitatem
408 1475 518 1550 ubique
532 1481 714 1534 conatantem
736 1492 811 1549 caue,
834 1475 923 1551 hujua
945 1482 1080 1552 respectu
1103 1475 1198 1550 major
1218 1474 1251 1533 dt
1273 1475 1303 1532 iu
1324 1473 1508 1551 longitudine

153 1562 243 1623 media
255 1558 394 1620 altitudo
416 1562 517 1638 puncti
539 1563 703 1639 aequantia.

249 1647 354 1709 ldotua
384 1649 485 1725 itaque
514 1648 628 1709 mediua
655 1665 708 1707 aeu
737 1665 823 1708 arcua
853 1650 993 1726 temporie
1016 1654 1045 1708 ct
1067 1664 1219 1707 numerum
1248 1646 1389 1722 mej0rem
1418 1647 1509 1710 babet

154 1734 365 1809 munitarum,
387 1754 476 1812 quatu
498 1744 568 1794 aunt
590 1739 619 1794 in
643 1738 766 1796 vtaiunia
789 1753 867 1807 arcu,
891 1745 919 1795 et
940 1737 1007 1795 illua
1029 1730 1068 1817 (ai
1086 1738 1162 1794 circe
1177 1752 1342 1811 apogaeum
1361 1730 1420 1819 eat)
1443 1754 1508 1797 om·

152 1842 197 1885 ner
216 1822 385 1900 longiorea,
409 1840 479 1895 aeu,
501 1823 580 1900 quud
604 1822 681 1883 idem
704 1831 758 1897 eat,
781 1840 866 1883 arcua
889 1823 938 1884 ille
963 1830 1007 1883 tot
1028 1824 1118 1883 babet
1142 1822 1313 1895 dietantina,
1344 1831 1417 1898 quot
1439 1833 1509 1884 aunt

151 1930 178 1973 ra
198 1928 272 1973 nera
292 1912 325 1969 iu
347 1913 519 1983 eccentrico,
542 1912 594 1971 aed
616 1911 774 1987 longinum,
798 1928 886 1987 quam
910 1928 946 1971 ex
970 1918 1068 1971 centro
1092 1912 1254 1971 eccentrici.
1293 1908 1419 1985 Quando
1434 1928 1506 1971 reru

151 2000 270 2061 riaiorda
290 1997 420 2075 angulus
442 1997 574 2075 pluribua
596 2016 684 2075 quam
708 2002 770 2075 ipae
793 2007 926 2059 numerat
944 2007 972 2058 ct
987 1998 1108 2057 totidem
1125 1996 1271 2055 distantiis
1287 2007 1410 2072 occatur,
1435 2004 1508 2075 quot

149 2096 212 2149 aare
232 2089 264 2146 iu
287 2102 359 2145 meu
381 2088 546 2165 eccentrici,
568 2085 642 2146 fiunt
664 2088 766 2162 utiquo
789 2089 916 2145 minores
939 2084 1111 2161 particulae.
1157 2084 1195 2143 Et
1218 2092 1287 2143 tunc
1310 2088 1399 2144 etiam
1422 2104 1507 2146 arcuo

149 2176 285 2252 tanrporia
306 2171 454 2233 necandus
484 2180 528 2233 eat
551 2173 674 2233 totidem
698 2173 844 2232 dietantiia
867 2174 1046 2248 habebitque
1077 2173 1202 2247 majorea
1233 2172 1393 2248 particulae
1417 2190 1505 2249 quam

149 2280 219 2340 quaa
242 2264 309 2338 ipae
331 2266 475 2320 numeret
518 2258 590 2320 Jarn
613 2270 645 2319 ut
667 2268 712 2320 eat
733 2260 873 2320 distantia
896 2279 931 2320 cr
955 2268 1054 2319 centro
1079 2260 1232 2319 eccentrici
1247 2257 1285 2318 ed
1306 2277 1404 2319 orcum
1420 2278 1506 2320 auum

148 2354 207 2427 (qul
229 2351 369 2409 metiatur
388 2348 451 2425 jam
468 2348 593 2423 aequale
614 2345 751 2425 tempua),
774 2350 817 2407 ita
839 2356 883 2407 eat
906 2348 1047 2406 distantia
1069 2365 1105 2406 ex
1128 2354 1227 2406 centro
1251 2349 1372 2406 visionia
1395 2347 1433 2406 ed
1456 2366 1506 2407 ar·

147 2456 208 2499 cum
230 2436 373 2512 temporie
396 2434 589 2512 inaequaliter
611 2437 775 2511 metientia,
804 2438 898 2495 etita
921 2438 1009 2495 etiam
1039 2452 1177 2493 uumerua
1207 2435 1315 2510 aliquia
1346 2434 1503 2495 dietantiae

146 2526 182 2587 ad
204 2530 383 2600 aequantem
406 2532 461 2584 etc.
504 2522 680 2598 ignorantur
703 2522 762 2583 duo
785 2525 917 2582 termini:
946 2521 1100 2599 longitudo
1123 2530 1153 2580 et
1176 2521 1333 2581 multitudo
1356 2521 1503 2582 radiorum

147 2614 310 2690 longiorum
333 2620 362 2670 et
393 2612 542 2686 quantitaa
572 2627 692 2669 menum
722 2610 876 2688 majorum.
928 2610 1076 2669 Ponamua
1105 2611 1135 2667 iu
1163 2608 1254 2668 rudila
1284 2609 1407 2668 candem
1437 2628 1503 2671 eaae

147 2701 375 2772 dimensionem,
415 2714 491 2774 quae
520 2704 566 2756 eat
597 2699 625 2756 in
655 2699 785 2775 iptorum
815 2697 943 2757 arcubua
971 2706 1002 2757 et
1032 2697 1156 2773 quilibet
1190 2695 1289 2756 radiua
1326 2699 1365 2757 ait
1394 2699 1502 2758 unitae.

148 2790 222 2867 Ergo
251 2804 340 2847 arcuo
369 2786 510 2861 temporie
542 2787 676 2844 metietur
710 2785 781 2844 milri
811 2786 958 2845 radiorum
998 2786 1128 2844 omnium
1160 2801 1319 2858 aummam,
1354 2801 1412 2842 non
1444 2802 1502 2843 nu·

147 2894 274 2949 merum,
303 2880 373 2933 aunt
395 2875 472 2933 euim
497 2879 525 2933 et
548 2871 695 2947 longiorca
718 2881 748 2932 et
770 2872 878 2950 plurca.
924 2873 968 2931 Ex
992 2890 1061 2932 arcu
1090 2873 1213 2931 viaionia
1244 2880 1342 2931 autem
1366 2870 1505 2932 diacenda

149 2976 190 3025 cat
213 2960 378 3037 longitudo.
424 2959 507 3019 Sicut
528 2958 627 3018 radica
650 2959 805 3019 mediocria
828 2959 866 3019 etl
889 2959 1068 3036 longiorem,
1092 2960 1136 3018 aie
1158 2968 1274 3036 tempua
1296 2958 1443 3019 mediocre
1464 2959 1503 3020 ad

148 3052 279 3129 longina,
303 3047 351 3109 vel
375 3065 462 3107 arcun
483 3045 521 3106 ad
543 3065 653 3107 arcum.
699 3046 782 3107 Sicut
809 3064 878 3123 ergo
907 3046 1049 3106 dietantia
1077 3045 1174 3107 media
1203 3046 1241 3106 ad
1265 3046 1433 3105 distantiam
1457 3050 1504 3106 iu·

148 3141 202 3209 ira,
231 3142 276 3197 aie
296 3154 384 3196 arcun
413 3132 528 3195 mediua
551 3133 588 3194 ad
611 3152 710 3194 arcum
733 3152 830 3211 aupru.
876 3135 913 3193 Et
933 3138 1010 3194 aicut
1032 3152 1148 3193 aumma
1169 3134 1271 3210 aliqua
1299 3133 1503 3194 diatantiarum

148 3225 306 3287 mediarum
329 3223 367 3283 ad
390 3240 534 3282 autumem
558 3221 762 3282 distantiarum
777 3224 859 3291 inira,
884 3224 926 3281 ita
949 3241 1062 3281 auruma
1077 3221 1177 3297 aliqua
1200 3240 1319 3281 arcuum
1343 3221 1504 3282 mediorum

148 3314 185 3375 ad
207 3330 350 3373 aummam
373 3310 503 3386 aliquam
534 3328 653 3369 arcuum
685 3328 782 3385 aupra.
827 3309 896 3369 ,lam
927 3312 1007 3386 priua
1040 3327 1110 3368 vero
1141 3308 1263 3368 eandem
1292 3308 1502 3369 dimensionem

149 3404 201 3463 teci
224 3400 313 3460 radiia
335 3406 366 3457 et
391 3398 527 3458 arcubua.
572 3397 656 3457 Sicut
685 3414 754 3473 ergo
783 3415 868 3457 arcua
897 3396 1047 3457 eccentrici
1077 3396 1114 3455 ad
1145 3414 1244 3456 arcum
1273 3399 1428 3472 temporie,
1461 3399 1504 3457 alc

150 3506 233 3549 arcuo
255 3486 370 3546 medina
394 3485 432 3543 etl
455 3502 555 3544 arcum
577 3487 726 3560 temporie,
751 3485 823 3544 haec
845 3488 1018 3563 rovrnloyra
1041 3485 1180 3559 sequitur.
1227 3484 1274 3542 An
1298 3501 1367 3557 ergo
1392 3493 1502 3559 quanto

150 3577 261 3652 longior
277 3575 427 3643 dietantia,
443 3580 526 3631 tento
542 3574 635 3631 minor
652 3590 735 3631 ercua
751 3572 898 3631 riaionia?
922 3570 1008 3631 Sene.
1032 3570 1089 3631 Sed
1107 3589 1143 3629 au
1160 3569 1391 3647 proportionalia
1407 3571 1502 3632 haec?

149 3664 211 3725 Non
232 3665 347 3740 opinor.
391 3658 477 3719 Aliae
500 3660 617 3734 quidem
640 3662 744 3719 iterum
774 3660 833 3718 lere
856 3662 1039 3719 viciaaemua.
1083 3658 1158 3718 Nam
1182 3677 1325 3717 aummam
1348 3658 1501 3734 longorum

150 3752 302 3821 radiorum,
325 3748 354 3807 lr.
371 3765 396 3808 e.
418 3764 517 3807 arcum
538 3750 675 3823 teurporia
698 3745 958 3823 multiplicaremua
980 3749 1008 3803 in
1032 3764 1176 3806 nummum
1199 3764 1354 3823 parvorum
1371 3763 1501 3819 arcuum,

149 3839 223 3901 lac.
245 3841 276 3897 in
299 3853 399 3896 arcum
423 3836 555 3908 viaionie,
579 3835 666 3909 hujua
689 3852 820 3895 aummee
836 3852 1041 3910 quaereremur
1057 3833 1193 3894 redicem.
1232 3834 1278 3893 lta
1292 3850 1378 3892 arona
1396 3851 1501 3892 eccen-

149 3930 207 3987 trici
229 3936 309 3986 canet
331 3921 459 3982 medium
483 3921 700 3999 proportionale
730 3925 805 3980 inter
827 3921 955 3996 reliquoa
978 3938 1071 3981 arcua.
1118 3921 1197 3981 Sane
1219 3920 1276 3980 lroc
1299 3919 1501 3980 verisimilitu-

149 4014 239 4074 dinem
259 4013 348 4080 lacit,
380 4009 459 4086 quod
482 4028 571 4085 aupra
593 4012 668 4068 iuter
691 4011 776 4069 binoa
799 4016 828 4069 et
852 4011 937 4068 binoa
966 4009 1100 4086 planetae
1123 4007 1250 4068 medium
1281 4008 1500 4083 proportionale

148 4102 254 4173 raluit,
278 4102 302 4159 ai
326 4098 383 4157 lrac
404 4096 605 4174 speculatione
627 4099 826 4173 potuiaaemna
849 4100 901 4155 uti.
947 4097 1027 4155 Data
1050 4114 1118 4171 ergo
1142 4098 1328 4172 proportione
1353 4098 1500 4171 temporie,

147 4208 219 4265 quae
241 4196 289 4248 eat
311 4188 385 4245 inter
408 4184 531 4257 gradum
555 4202 644 4242 unum
667 4202 831 4260 apogaeum
856 4192 885 4244 et
907 4184 1044 4255 medium,
1070 4186 1155 4242 datur
1170 4185 1319 4260 proportio
1342 4182 1499 4255 radiorum,

146 4286 172 4337 et
193 4278 265 4337 data
286 4275 477 4352 proportione
499 4274 653 4348 temporie,
686 4271 763 4349 quod
788 4281 833 4331 eat
855 4274 930 4331 inter
958 4271 1071 4347 aliquot
1098 4288 1182 4329 arcna
1211 4288 1361 4347 apogaeoa
1383 4280 1412 4330 et
1436 4289 1499 4331 me-

146 4364 214 4437 dior,
238 4363 328 4423 datur
348 4362 499 4438 proportio
522 4376 653 4419 summae
676 4360 822 4418 radiorum
838 4359 1027 4420 mediocrium
1042 4367 1071 4419 et
1086 4375 1293 4434 apogaeornnr.
1331 4357 1415 4417 Haeo
1431 4361 1499 4434 qui·

146 4452 206 4511 dam
227 4467 320 4527 cupra
341 4450 533 4527 arzurolnpara
554 4447 640 4505 nobia
662 4454 846 4523 pepererunt.
892 4447 967 4505 Nam
991 4464 1047 4504 non
1072 4447 1113 4506 ita
1135 4448 1225 4505 acitur
1248 4454 1363 4522 tempua
1385 4445 1499 4505 medio-

145 4558 203 4599 rum
224 4554 357 4609 arcuum,
382 4543 416 4593 ut
437 4536 512 4594 inter
534 4534 677 4610 planetae.
714 4534 755 4593 At
777 4537 868 4593 acitur
889 4551 960 4593 aene
983 4541 1098 4609 tempua
1120 4551 1240 4594 arcuum
1264 4551 1428 4610 apogaeum
1453 4534 1500 4590 in·

146 4626 335 4696 eludentium,
367 4632 397 4682 et
427 4630 542 4698 tempua
569 4626 739 4698 perigaeum
766 4620 991 4694 includentium,
1022 4621 1074 4681 aed
1100 4619 1222 4680 illinon
1251 4628 1319 4679 aaut
1348 4619 1499 4695 aequalea.

149 4714 285 4775 Probatur
307 4715 338 4769 in
361 4713 508 4781 numeria,
539 4726 577 4768 an
601 4709 677 4770 idem
701 4712 748 4769 ait.
793 4709 954 4782 Numerus,
979 4711 1028 4785 qui
1052 4715 1097 4768 eat
1120 4709 1246 4768 medium
1269 4707 1498 4785 proportionale,

149 4806 277 4863 999100.
316 4799 486 4859 Diatantiao
508 4813 661 4876 apogaeae
683 4797 810 4876 majorca
833 4799 1171 4875 atut101,102,1033
1193 4799 1349 4874 perigacae
1371 4796 1499 4863 minoreq

152 4894 197 4965 99,
218 4894 270 4963 99,
293 4894 346 4965 99,
372 4890 425 4949 oo.
