<?xml version="1.0" encoding="UTF-8"?>
<!DOCTYPE html PUBLIC "-//W3C//DTD XHTML 1.0 Transitional//EN"
    "http://www.w3.org/TR/xhtml1/DTD/xhtml1-transitional.dtd">
<html xmlns="http://www.w3.org/1999/xhtml" xml:lang="en" lang="en">
 <head>
  <title>
</title>
<meta http-equiv="Content-Type" content="text/html;charset=utf-8" />
  <meta name='ocr-system' content='tesseract 3.04.00' />
  <meta name='ocr-capabilities' content='ocr_page ocr_carea ocr_par ocr_line ocrx_word'/>
</head>
<body>
  <div class='ocr_page' id='page_1' title='image "./joanniskepleria00frisgoog/joanniskepleria00frisgoog_0103.png"; bbox 0 0 3308 5534; ppageno 0'>
   <div class='ocr_carea' id='block_1_1' title="bbox 148 362 1105 439">
    <p class='ocr_par' dir='ltr' id='par_1_1' title="bbox 148 362 1105 439">
     <span class='ocr_line' id='line_1_1' title="bbox 148 362 1105 439; baseline -0.003 -12"><span class='ocrx_word' id='word_1_1' title='bbox 148 368 192 439; x_wconf 83' lang='grc'>96</span> <span class='ocrx_word' id='word_1_2' title='bbox 664 368 828 427; x_wconf 80' lang='lat' dir='ltr'>Plutarchus</span> <span class='ocrx_word' id='word_1_3' title='bbox 847 369 882 425; x_wconf 88' lang='lat' dir='ltr'>de</span> <span class='ocrx_word' id='word_1_4' title='bbox 898 368 981 427; x_wconf 76' lang='lat' dir='ltr'>Facie</span> <span class='ocrx_word' id='word_1_5' title='bbox 1101 362 1105 369; x_wconf 79' lang='grc'><strong>’</strong></span> 
     </span>
    </p>
   </div>
   <div class='ocr_carea' id='block_1_2' title="bbox 146 544 1505 3073">
    <p class='ocr_par' dir='ltr' id='par_1_2' title="bbox 146 544 1505 1324">
     <span class='ocr_line' id='line_1_2' title="bbox 149 544 1505 627; baseline 0.003 -20"><span class='ocrx_word' id='word_1_6' title='bbox 149 547 219 627; x_wconf 81' lang='lat' dir='ltr'>qum</span> <span class='ocrx_word' id='word_1_7' title='bbox 241 547 338 607; x_wconf 86' lang='lat' dir='ltr'>adhue</span> <span class='ocrx_word' id='word_1_8' title='bbox 360 548 389 605; x_wconf 93' lang='lat' dir='ltr'>in</span> <span class='ocrx_word' id='word_1_9' title='bbox 404 544 531 625; x_wconf 86' lang='lat' dir='ltr'>(terrore</span> <span class='ocrx_word' id='word_1_10' title='bbox 546 564 661 607; x_wconf 90' lang='lat' dir='ltr'>summo</span> <span class='ocrx_word' id='word_1_11' title='bbox 678 546 779 625; x_wconf 85' lang='lat' dir='ltr'>inque)</span> <span class='ocrx_word' id='word_1_12' title='bbox 799 559 880 610; x_wconf 92' lang='lat' dir='ltr'>motu</span> <span class='ocrx_word' id='word_1_13' title='bbox 903 552 1103 623; x_wconf 80' lang='lat' dir='ltr'>evaporationis</span> <span class='ocrx_word' id='word_1_14' title='bbox 1126 552 1178 609; x_wconf 81' lang='lat' dir='ltr'>abr</span> <span class='ocrx_word' id='word_1_15' title='bbox 1200 558 1342 625; x_wconf 81' lang='lat' dir='ltr'>rusatur,</span> <span class='ocrx_word' id='word_1_16' title='bbox 1364 550 1406 612; x_wconf 92' lang='lat' dir='ltr'>ob</span> <span class='ocrx_word' id='word_1_17' title='bbox 1427 548 1505 611; x_wconf 83' lang='lat' dir='ltr'>lsrl·</span> 
     </span>
     <span class='ocr_line' id='line_1_3' title="bbox 148 633 1505 715; baseline 0.001 -20"><span class='ocrx_word' id='word_1_18' title='bbox 148 646 239 697; x_wconf 88' lang='lat' dir='ltr'>tatem</span> <span class='ocrx_word' id='word_1_19' title='bbox 263 636 364 711; x_wconf 85' lang='lat' dir='ltr'>elingit</span> <span class='ocrx_word' id='word_1_20' title='bbox 385 633 621 710; x_wconf 88' lang='lat' dir='ltr'>coagulationem</span> <span class='ocrx_word' id='word_1_21' title='bbox 644 646 674 695; x_wconf 93' lang='lat' dir='ltr'>et</span> <span class='ocrx_word' id='word_1_22' title='bbox 696 636 953 697; x_wconf 73' lang='lat' dir='ltr'>condennationem</span> <span class='ocrx_word' id='word_1_23' title='bbox 976 638 1072 695; x_wconf 88' lang='lat' dir='ltr'>istam.</span> <span class='ocrx_word' id='word_1_24' title='bbox 1116 636 1182 695; x_wconf 87' lang='lat' dir='ltr'>Nisi</span> <span class='ocrx_word' id='word_1_25' title='bbox 1205 637 1288 709; x_wconf 85' lang='lat' dir='ltr'>torte,</span> <span class='ocrx_word' id='word_1_26' title='bbox 1310 656 1363 715; x_wconf 87' lang='lat' dir='ltr'>per</span> <span class='ocrx_word' id='word_1_27' title='bbox 1384 636 1505 711; x_wconf 74' lang='lat' dir='ltr'>doram,</span> 
     </span>
     <span class='ocr_line' id='line_1_4' title="bbox 151 721 1504 797; baseline 0.002 -14"><span class='ocrx_word' id='word_1_28' title='bbox 151 722 207 783; x_wconf 91' lang='lat' dir='ltr'>hoe</span> <span class='ocrx_word' id='word_1_29' title='bbox 230 723 371 795; x_wconf 88' lang='lat' dir='ltr'>dieamus,</span> <span class='ocrx_word' id='word_1_30' title='bbox 394 721 474 797; x_wconf 93' lang='lat' dir='ltr'>quod</span> <span class='ocrx_word' id='word_1_31' title='bbox 496 724 572 781; x_wconf 90' lang='lat' dir='ltr'>sieut</span> <span class='ocrx_word' id='word_1_32' title='bbox 594 721 696 782; x_wconf 86' lang='lat' dir='ltr'>Pallas</span> <span class='ocrx_word' id='word_1_33' title='bbox 719 723 837 797; x_wconf 80' lang='lat' dir='ltr'>nehuu,</span> <span class='ocrx_word' id='word_1_34' title='bbox 860 742 926 783; x_wconf 90' lang='lat' dir='ltr'>eum</span> <span class='ocrx_word' id='word_1_35' title='bbox 950 726 974 782; x_wconf 90' lang='lat' dir='ltr'>is</span> <span class='ocrx_word' id='word_1_36' title='bbox 996 724 1078 783; x_wconf 89' lang='lat' dir='ltr'>cibos</span> <span class='ocrx_word' id='word_1_37' title='bbox 1099 740 1156 783; x_wconf 81' lang='lat' dir='ltr'>raon</span> <span class='ocrx_word' id='word_1_38' title='bbox 1178 725 1355 795; x_wconf 87' lang='lat' dir='ltr'>admitteret,</span> <span class='ocrx_word' id='word_1_39' title='bbox 1377 728 1504 787; x_wconf 77' lang='lat' dir='ltr'>nectant</span> 
     </span>
     <span class='ocr_line' id='line_1_5' title="bbox 147 809 1505 887; baseline 0.002 -16"><span class='ocrx_word' id='word_1_40' title='bbox 147 810 260 887; x_wconf 88' lang='lat' dir='ltr'>aliquid</span> <span class='ocrx_word' id='word_1_41' title='bbox 283 819 313 871; x_wconf 90' lang='lat' dir='ltr'>et</span> <span class='ocrx_word' id='word_1_42' title='bbox 334 809 499 869; x_wconf 89' lang='lat' dir='ltr'>ambrosiae</span> <span class='ocrx_word' id='word_1_43' title='bbox 521 809 717 885; x_wconf 83' lang='lat' dir='ltr'>instillaverit,</span> <span class='ocrx_word' id='word_1_44' title='bbox 740 813 782 869; x_wconf 91' lang='lat' dir='ltr'>sic</span> <span class='ocrx_word' id='word_1_45' title='bbox 806 811 929 885; x_wconf 83' lang='lat' dir='ltr'>Lunam,</span> <span class='ocrx_word' id='word_1_46' title='bbox 952 828 1030 885; x_wconf 88' lang='lat' dir='ltr'>quae</span> <span class='ocrx_word' id='word_1_47' title='bbox 1052 810 1153 870; x_wconf 89' lang='lat' dir='ltr'>Pallas</span> <span class='ocrx_word' id='word_1_48' title='bbox 1176 820 1221 873; x_wconf 90' lang='lat' dir='ltr'>est</span> <span class='ocrx_word' id='word_1_49' title='bbox 1243 822 1273 872; x_wconf 93' lang='lat' dir='ltr'>et</span> <span class='ocrx_word' id='word_1_50' title='bbox 1287 812 1403 885; x_wconf 88' lang='lat' dir='ltr'>dicitnr,</span> <span class='ocrx_word' id='word_1_51' title='bbox 1425 812 1505 874; x_wconf 86' lang='lat' dir='ltr'>aleta</span> 
     </span>
     <span class='ocr_line' id='line_1_6' title="bbox 148 897 1503 977; baseline 0.003 -20"><span class='ocrx_word' id='word_1_52' title='bbox 148 901 228 957; x_wconf 82' lang='lat' dir='ltr'>viros</span> <span class='ocrx_word' id='word_1_53' title='bbox 257 898 340 971; x_wconf 90' lang='lat' dir='ltr'>ilios,</span> <span class='ocrx_word' id='word_1_54' title='bbox 371 898 551 957; x_wconf 89' lang='lat' dir='ltr'>emittentem</span> <span class='ocrx_word' id='word_1_55' title='bbox 582 897 640 956; x_wconf 87' lang='lat' dir='ltr'>illis</span> <span class='ocrx_word' id='word_1_56' title='bbox 671 898 873 975; x_wconf 87' lang='lat' dir='ltr'>quotidianam</span> <span class='ocrx_word' id='word_1_57' title='bbox 901 899 1094 971; x_wconf 77' lang='lat' dir='ltr'>ambrosiam,</span> <span class='ocrx_word' id='word_1_58' title='bbox 1127 898 1276 975; x_wconf 91' lang='lat' dir='ltr'>quomodo</span> <span class='ocrx_word' id='word_1_59' title='bbox 1305 898 1503 977; x_wconf 82' lang='lat' dir='ltr'>Pherecydes,</span> 
     </span>
     <span class='ocr_line' id='line_1_7' title="bbox 149 982 1502 1065; baseline 0.002 -20"><span class='ocrx_word' id='word_1_60' title='bbox 149 996 233 1045; x_wconf 83' lang='lat' dir='ltr'>ustus</span> <span class='ocrx_word' id='word_1_61' title='bbox 255 985 314 1057; x_wconf 92' lang='lat' dir='ltr'>ilie,</span> <span class='ocrx_word' id='word_1_62' title='bbox 336 985 459 1055; x_wconf 89' lang='lat' dir='ltr'>censuit,</span> <span class='ocrx_word' id='word_1_63' title='bbox 483 984 563 1044; x_wconf 84' lang='lat' dir='ltr'>Deos</span> <span class='ocrx_word' id='word_1_64' title='bbox 586 988 666 1061; x_wconf 88' lang='lat' dir='ltr'>ipsos</span> <span class='ocrx_word' id='word_1_65' title='bbox 688 988 831 1046; x_wconf 80' lang='lat' dir='ltr'>victitare.</span> <span class='ocrx_word' id='word_1_66' title='bbox 861 985 937 1045; x_wconf 85' lang='lat' dir='ltr'>Nam</span> <span class='ocrx_word' id='word_1_67' title='bbox 952 983 1079 1044; x_wconf 87' lang='lat' dir='ltr'>radicem</span> <span class='ocrx_word' id='word_1_68' title='bbox 1095 984 1176 1045; x_wconf 89' lang='lat' dir='ltr'>iilam</span> <span class='ocrx_word' id='word_1_69' title='bbox 1198 986 1324 1047; x_wconf 89' lang='lat' dir='ltr'>indicam</span> <span class='ocrx_word' id='word_1_70' title='bbox 1336 982 1387 1065; x_wconf 76' lang='lat'>⁷⁹),</span> <span class='ocrx_word' id='word_1_71' title='bbox 1411 1004 1502 1065; x_wconf 83' lang='lat' dir='ltr'>quant</span> 
     </span>
     <span class='ocr_line' id='line_1_8' title="bbox 146 1070 1502 1149; baseline 0.001 -16"><span class='ocrx_word' id='word_1_72' title='bbox 146 1074 247 1133; x_wconf 91' lang='lat' dir='ltr'>scribit</span> <span class='ocrx_word' id='word_1_73' title='bbox 269 1070 476 1147; x_wconf 71' lang='lat' dir='ltr'>Megasthenes</span> <span class='ocrx_word' id='word_1_74' title='bbox 499 1088 566 1146; x_wconf 91' lang='lat' dir='ltr'>eos,</span> <span class='ocrx_word' id='word_1_75' title='bbox 597 1074 648 1149; x_wconf 93' lang='lat' dir='ltr'>qui</span> <span class='ocrx_word' id='word_1_76' title='bbox 670 1074 734 1131; x_wconf 86' lang='lat' dir='ltr'>sine</span> <span class='ocrx_word' id='word_1_77' title='bbox 756 1074 823 1133; x_wconf 90' lang='lat' dir='ltr'>cibo</span> <span class='ocrx_word' id='word_1_78' title='bbox 852 1080 883 1133; x_wconf 91' lang='lat' dir='ltr'>et</span> <span class='ocrx_word' id='word_1_79' title='bbox 909 1083 981 1149; x_wconf 90' lang='lat' dir='ltr'>potu</span> <span class='ocrx_word' id='word_1_80' title='bbox 1013 1070 1124 1148; x_wconf 90' lang='lat' dir='ltr'>degunt</span> <span class='ocrx_word' id='word_1_81' title='bbox 1150 1073 1286 1149; x_wconf 87' lang='lat' dir='ltr'>adeoque</span> <span class='ocrx_word' id='word_1_82' title='bbox 1312 1090 1362 1135; x_wconf 89' lang='lat' dir='ltr'>ore</span> <span class='ocrx_word' id='word_1_83' title='bbox 1392 1082 1502 1149; x_wconf 80' lang='lat' dir='ltr'>esrem,</span> 
     </span>
     <span class='ocr_line' id='line_1_9' title="bbox 148 1158 1504 1239; baseline 0.004 -22"><span class='ocrx_word' id='word_1_84' title='bbox 148 1164 248 1238; x_wconf 88' lang='lat' dir='ltr'>prunis</span> <span class='ocrx_word' id='word_1_85' title='bbox 270 1176 370 1219; x_wconf 87' lang='lat' dir='ltr'>assare</span> <span class='ocrx_word' id='word_1_86' title='bbox 392 1168 421 1217; x_wconf 92' lang='lat' dir='ltr'>et</span> <span class='ocrx_word' id='word_1_87' title='bbox 444 1158 554 1231; x_wconf 86' lang='lat' dir='ltr'>sallire,</span> <span class='ocrx_word' id='word_1_88' title='bbox 578 1170 611 1219; x_wconf 92' lang='lat' dir='ltr'>ut</span> <span class='ocrx_word' id='word_1_89' title='bbox 625 1160 689 1236; x_wconf 92' lang='lat' dir='ltr'>ejus</span> <span class='ocrx_word' id='word_1_90' title='bbox 704 1158 806 1219; x_wconf 88' lang='lat' dir='ltr'>nidore</span> <span class='ocrx_word' id='word_1_91' title='bbox 821 1174 988 1236; x_wconf 70' lang='lat' dir='ltr'>pasceretur,</span> <span class='ocrx_word' id='word_1_92' title='bbox 1012 1160 1096 1233; x_wconf 90' lang='lat' dir='ltr'>hanc,</span> <span class='ocrx_word' id='word_1_93' title='bbox 1119 1162 1250 1237; x_wconf 88' lang='lat' dir='ltr'>iuquam,</span> <span class='ocrx_word' id='word_1_94' title='bbox 1272 1160 1423 1239; x_wconf 90' lang='lat' dir='ltr'>quomodo</span> <span class='ocrx_word' id='word_1_95' title='bbox 1437 1162 1504 1239; x_wconf 88' lang='lat' dir='ltr'>qula</span> 
     </span>
     <span class='ocr_line' id='line_1_10' title="bbox 147 1244 880 1324; baseline -0.001 -17"><span class='ocrx_word' id='word_1_96' title='bbox 147 1250 188 1307; x_wconf 91' lang='lat' dir='ltr'>ibi</span> <span class='ocrx_word' id='word_1_97' title='bbox 211 1250 291 1307; x_wconf 91' lang='lat' dir='ltr'>nasci</span> <span class='ocrx_word' id='word_1_98' title='bbox 315 1246 427 1318; x_wconf 79' lang='lat' dir='ltr'>dixerit,</span> <span class='ocrx_word' id='word_1_99' title='bbox 450 1262 516 1305; x_wconf 89' lang='lat' dir='ltr'>eum</span> <span class='ocrx_word' id='word_1_100' title='bbox 538 1244 623 1305; x_wconf 88' lang='lat' dir='ltr'>Luna</span> <span class='ocrx_word' id='word_1_101' title='bbox 645 1264 703 1306; x_wconf 92' lang='lat' dir='ltr'>non</span> <span class='ocrx_word' id='word_1_102' title='bbox 727 1247 880 1324; x_wconf 76' lang='lat' dir='ltr'>irrigetur?</span> 
     </span>
    </p>

    <p class='ocr_par' dir='ltr' id='par_1_3' title="bbox 146 1332 1505 2545">
     <span class='ocr_line' id='line_1_11' title="bbox 251 1332 1502 1413; baseline 0.002 -20"><span class='ocrx_word' id='word_1_103' title='bbox 251 1334 334 1394; x_wconf 87' lang='lat' dir='ltr'>llaec</span> <span class='ocrx_word' id='word_1_104' title='bbox 349 1350 414 1393; x_wconf 91' lang='lat' dir='ltr'>cum</span> <span class='ocrx_word' id='word_1_105' title='bbox 429 1332 560 1393; x_wconf 83' lang='lat' dir='ltr'>Theon</span> <span class='ocrx_word' id='word_1_106' title='bbox 579 1333 709 1407; x_wconf 75' lang='lat' dir='ltr'>dixisset,</span> <span class='ocrx_word' id='word_1_107' title='bbox 734 1334 806 1409; x_wconf 72' lang='lat' dir='ltr'>ligo,</span> <span class='ocrx_word' id='word_1_108' title='bbox 830 1332 929 1411; x_wconf 85' lang='lat' dir='ltr'>(scite)</span> <span class='ocrx_word' id='word_1_109' title='bbox 945 1352 1016 1393; x_wconf 88' lang='lat' dir='ltr'>sane</span> <span class='ocrx_word' id='word_1_110' title='bbox 1031 1342 1060 1394; x_wconf 92' lang='lat' dir='ltr'>et</span> <span class='ocrx_word' id='word_1_111' title='bbox 1075 1337 1194 1395; x_wconf 86' lang='lat' dir='ltr'>omnino</span> <span class='ocrx_word' id='word_1_112' title='bbox 1209 1338 1320 1413; x_wconf 90' lang='lat' dir='ltr'>optime</span> <span class='ocrx_word' id='word_1_113' title='bbox 1335 1334 1502 1397; x_wconf 83' lang='lat' dir='ltr'>ludibunde</span> 
     </span>
     <span class='ocr_line' id='line_1_12' title="bbox 149 1418 1504 1501; baseline -0.002 -17"><span class='ocrx_word' id='word_1_114' title='bbox 149 1425 275 1484; x_wconf 87' lang='lat' dir='ltr'>sermoni</span> <span class='ocrx_word' id='word_1_115' title='bbox 290 1420 447 1497; x_wconf 88' lang='lat' dir='ltr'>supercilia</span> <span class='ocrx_word' id='word_1_116' title='bbox 461 1418 710 1501; x_wconf 74' lang='lat' dir='ltr'>(accommodasti,</span> <span class='ocrx_word' id='word_1_117' title='bbox 733 1420 862 1501; x_wconf 90' lang='lat' dir='ltr'>propter)</span> <span class='ocrx_word' id='word_1_118' title='bbox 884 1438 960 1498; x_wconf 88' lang='lat' dir='ltr'>quae</span> <span class='ocrx_word' id='word_1_119' title='bbox 975 1420 1081 1479; x_wconf 85' lang='lat' dir='ltr'>fiducia</span> <span class='ocrx_word' id='word_1_120' title='bbox 1098 1424 1183 1481; x_wconf 90' lang='lat' dir='ltr'>uobis</span> <span class='ocrx_word' id='word_1_121' title='bbox 1206 1427 1297 1483; x_wconf 90' lang='lat' dir='ltr'>oritur</span> <span class='ocrx_word' id='word_1_122' title='bbox 1318 1424 1357 1483; x_wconf 92' lang='lat' dir='ltr'>ad</span> <span class='ocrx_word' id='word_1_123' title='bbox 1380 1440 1504 1501; x_wconf 91' lang='lat' dir='ltr'>respon·</span> 
     </span>
     <span class='ocr_line' id='line_1_13' title="bbox 149 1507 1504 1587; baseline 0.001 -17"><span class='ocrx_word' id='word_1_124' title='bbox 149 1509 293 1583; x_wconf 85' lang='lat' dir='ltr'>dendum;</span> <span class='ocrx_word' id='word_1_125' title='bbox 321 1510 430 1585; x_wconf 89' lang='lat' dir='ltr'>quippe</span> <span class='ocrx_word' id='word_1_126' title='bbox 459 1509 566 1584; x_wconf 92' lang='lat' dir='ltr'>quibus</span> <span class='ocrx_word' id='word_1_127' title='bbox 589 1525 685 1585; x_wconf 90' lang='lat' dir='ltr'>poena</span> <span class='ocrx_word' id='word_1_128' title='bbox 707 1526 803 1585; x_wconf 88' lang='lat' dir='ltr'>neque</span> <span class='ocrx_word' id='word_1_129' title='bbox 826 1509 932 1567; x_wconf 89' lang='lat' dir='ltr'>acerba</span> <span class='ocrx_word' id='word_1_130' title='bbox 955 1507 1113 1568; x_wconf 87' lang='lat' dir='ltr'>admodum</span> <span class='ocrx_word' id='word_1_131' title='bbox 1142 1528 1238 1587; x_wconf 90' lang='lat' dir='ltr'>neque</span> <span class='ocrx_word' id='word_1_132' title='bbox 1260 1528 1366 1571; x_wconf 81' lang='lat' dir='ltr'>severa</span> <span class='ocrx_word' id='word_1_133' title='bbox 1387 1512 1427 1569; x_wconf 92' lang='lat' dir='ltr'>sit</span> <span class='ocrx_word' id='word_1_134' title='bbox 1449 1528 1504 1571; x_wconf 82' lang='lat' dir='ltr'>ex·</span> 
     </span>
     <span class='ocr_line' id='line_1_14' title="bbox 147 1594 1504 1675; baseline 0.001 -18"><span class='ocrx_word' id='word_1_135' title='bbox 147 1595 317 1675; x_wconf 86' lang='lat' dir='ltr'>spectanda.</span> <span class='ocrx_word' id='word_1_136' title='bbox 353 1594 398 1655; x_wconf 83' lang='lat' dir='ltr'>Re</span> <span class='ocrx_word' id='word_1_137' title='bbox 421 1612 491 1654; x_wconf 82' lang='lat' dir='ltr'>sera</span> <span class='ocrx_word' id='word_1_138' title='bbox 512 1598 590 1653; x_wconf 92' lang='lat' dir='ltr'>enim</span> <span class='ocrx_word' id='word_1_139' title='bbox 613 1601 652 1655; x_wconf 89' lang='lat' dir='ltr'>ab</span> <span class='ocrx_word' id='word_1_140' title='bbox 676 1598 718 1663; x_wconf 83' lang='lat' dir='ltr'>tia,</span> <span class='ocrx_word' id='word_1_141' title='bbox 743 1599 792 1672; x_wconf 92' lang='lat' dir='ltr'>qul</span> <span class='ocrx_word' id='word_1_142' title='bbox 817 1597 981 1656; x_wconf 85' lang='lat' dir='ltr'>vehementi</span> <span class='ocrx_word' id='word_1_143' title='bbox 1005 1599 1195 1671; x_wconf 81' lang='lat' dir='ltr'>persuasione</span> <span class='ocrx_word' id='word_1_144' title='bbox 1216 1597 1385 1674; x_wconf 91' lang='lat' dir='ltr'>hujusmodi</span> <span class='ocrx_word' id='word_1_145' title='bbox 1407 1614 1504 1659; x_wconf 86' lang='lat' dir='ltr'>rarum</span> 
     </span>
     <span class='ocr_line' id='line_1_15' title="bbox 147 1681 1504 1761; baseline 0 -16"><span class='ocrx_word' id='word_1_146' title='bbox 147 1694 216 1745; x_wconf 90' lang='lat' dir='ltr'>sunt</span> <span class='ocrx_word' id='word_1_147' title='bbox 231 1685 376 1760; x_wconf 83' lang='lat' dir='ltr'>occupati,</span> <span class='ocrx_word' id='word_1_148' title='bbox 399 1682 472 1741; x_wconf 91' lang='lat' dir='ltr'>nihii</span> <span class='ocrx_word' id='word_1_149' title='bbox 487 1681 623 1742; x_wconf 77' lang='lat' dir='ltr'>differunt</span> <span class='ocrx_word' id='word_1_150' title='bbox 644 1686 674 1755; x_wconf 94' lang='lat' dir='ltr'>ii,</span> <span class='ocrx_word' id='word_1_151' title='bbox 698 1688 748 1758; x_wconf 93' lang='lat' dir='ltr'>qui</span> <span class='ocrx_word' id='word_1_152' title='bbox 772 1684 958 1743; x_wconf 88' lang='lat' dir='ltr'>vehementer</span> <span class='ocrx_word' id='word_1_153' title='bbox 980 1686 1024 1741; x_wconf 89' lang='lat' dir='ltr'>eis</span> <span class='ocrx_word' id='word_1_154' title='bbox 1046 1696 1219 1745; x_wconf 86' lang='lat' dir='ltr'>succensent</span> <span class='ocrx_word' id='word_1_155' title='bbox 1232 1685 1379 1761; x_wconf 87' lang='lat' dir='ltr'>iidemque</span> <span class='ocrx_word' id='word_1_156' title='bbox 1402 1701 1504 1745; x_wconf 83' lang='lat' dir='ltr'>eareat</span> 
     </span>
     <span class='ocr_line' id='line_1_16' title="bbox 148 1770 1504 1850; baseline 0 -17"><span class='ocrx_word' id='word_1_157' title='bbox 148 1771 331 1844; x_wconf 82' lang='lat' dir='ltr'>convellunt,</span> <span class='ocrx_word' id='word_1_158' title='bbox 354 1786 539 1846; x_wconf 88' lang='lat' dir='ltr'>nequaquam</span> <span class='ocrx_word' id='word_1_159' title='bbox 564 1786 633 1829; x_wconf 82' lang='lat' dir='ltr'>sero</span> <span class='ocrx_word' id='word_1_160' title='bbox 656 1770 788 1831; x_wconf 87' lang='lat' dir='ltr'>modeste</span> <span class='ocrx_word' id='word_1_161' title='bbox 810 1770 847 1829; x_wconf 89' lang='lat' dir='ltr'>de</span> <span class='ocrx_word' id='word_1_162' title='bbox 869 1770 1064 1847; x_wconf 90' lang='lat' dir='ltr'>possibilitate</span> <span class='ocrx_word' id='word_1_163' title='bbox 1086 1782 1116 1830; x_wconf 89' lang='lat' dir='ltr'>et</span> <span class='ocrx_word' id='word_1_164' title='bbox 1139 1774 1337 1849; x_wconf 81' lang='lat' dir='ltr'>contingentia</span> <span class='ocrx_word' id='word_1_165' title='bbox 1360 1773 1504 1850; x_wconf 80' lang='lat' dir='ltr'>dispicere</span> 
     </span>
     <span class='ocr_line' id='line_1_17' title="bbox 148 1853 1502 1937; baseline -0.001 -16"><span class='ocrx_word' id='word_1_166' title='bbox 148 1853 311 1937; x_wconf 62' lang='lat' dir='ltr'>rotunrffl).</span> <span class='ocrx_word' id='word_1_167' title='bbox 357 1856 451 1933; x_wconf 85' lang='lat' dir='ltr'>igitur</span> <span class='ocrx_word' id='word_1_168' title='bbox 472 1860 571 1915; x_wconf 89' lang='lat' dir='ltr'>statim</span> <span class='ocrx_word' id='word_1_169' title='bbox 602 1860 687 1916; x_wconf 91' lang='lat' dir='ltr'>initio</span> <span class='ocrx_word' id='word_1_170' title='bbox 717 1875 776 1917; x_wconf 91' lang='lat' dir='ltr'>non</span> <span class='ocrx_word' id='word_1_171' title='bbox 806 1866 851 1917; x_wconf 87' lang='lat' dir='ltr'>cst</span> <span class='ocrx_word' id='word_1_172' title='bbox 873 1860 1084 1929; x_wconf 88' lang='lat' dir='ltr'>necessarium,</span> <span class='ocrx_word' id='word_1_173' title='bbox 1113 1861 1137 1916; x_wconf 91' lang='lat' dir='ltr'>sl</span> <span class='ocrx_word' id='word_1_174' title='bbox 1162 1860 1234 1919; x_wconf 93' lang='lat' dir='ltr'>nulli</span> <span class='ocrx_word' id='word_1_175' title='bbox 1258 1860 1391 1921; x_wconf 89' lang='lat' dir='ltr'>homines</span> <span class='ocrx_word' id='word_1_176' title='bbox 1413 1860 1502 1921; x_wconf 87' lang='lat' dir='ltr'>habl-</span> 
     </span>
     <span class='ocr_line' id='line_1_18' title="bbox 147 1944 1503 2021; baseline 0 -14"><span class='ocrx_word' id='word_1_177' title='bbox 147 1956 214 2007; x_wconf 86' lang='lat' dir='ltr'>tant</span> <span class='ocrx_word' id='word_1_178' title='bbox 235 1948 264 2004; x_wconf 92' lang='lat' dir='ltr'>in</span> <span class='ocrx_word' id='word_1_179' title='bbox 288 1944 390 2015; x_wconf 84' lang='lat' dir='ltr'>Luna,</span> <span class='ocrx_word' id='word_1_180' title='bbox 414 1954 446 2002; x_wconf 92' lang='lat' dir='ltr'>ut</span> <span class='ocrx_word' id='word_1_181' title='bbox 469 1962 505 2003; x_wconf 86' lang='lat' dir='ltr'>ea</span> <span class='ocrx_word' id='word_1_182' title='bbox 527 1954 682 2021; x_wconf 87' lang='lat' dir='ltr'>propterea</span> <span class='ocrx_word' id='word_1_183' title='bbox 705 1947 811 2004; x_wconf 89' lang='lat' dir='ltr'>irustra</span> <span class='ocrx_word' id='word_1_184' title='bbox 832 1948 871 2004; x_wconf 89' lang='lat' dir='ltr'>sit</span> <span class='ocrx_word' id='word_1_185' title='bbox 893 1946 971 2003; x_wconf 88' lang='lat' dir='ltr'>lacta</span> <span class='ocrx_word' id='word_1_186' title='bbox 992 1945 1164 2021; x_wconf 90' lang='lat' dir='ltr'>nullumque</span> <span class='ocrx_word' id='word_1_187' title='bbox 1185 1946 1223 2005; x_wconf 88' lang='lat' dir='ltr'>ad</span> <span class='ocrx_word' id='word_1_188' title='bbox 1247 1964 1341 2007; x_wconf 88' lang='lat' dir='ltr'>usum.</span> <span class='ocrx_word' id='word_1_189' title='bbox 1387 1948 1503 2007; x_wconf 80' lang='lat' dir='ltr'>Etenim</span> 
     </span>
     <span class='ocr_line' id='line_1_19' title="bbox 146 2030 1504 2113; baseline 0 -18"><span class='ocrx_word' id='word_1_190' title='bbox 146 2052 184 2095; x_wconf 91' lang='lat' dir='ltr'>ne</span> <span class='ocrx_word' id='word_1_191' title='bbox 208 2034 282 2093; x_wconf 90' lang='lat' dir='ltr'>haec</span> <span class='ocrx_word' id='word_1_192' title='bbox 309 2030 426 2108; x_wconf 89' lang='lat' dir='ltr'>quidem</span> <span class='ocrx_word' id='word_1_193' title='bbox 457 2044 558 2092; x_wconf 91' lang='lat' dir='ltr'>nostra</span> <span class='ocrx_word' id='word_1_194' title='bbox 580 2032 671 2091; x_wconf 87' lang='lat' dir='ltr'>Terra</span> <span class='ocrx_word' id='word_1_195' title='bbox 699 2040 760 2092; x_wconf 90' lang='lat' dir='ltr'>toto</span> <span class='ocrx_word' id='word_1_196' title='bbox 791 2033 897 2093; x_wconf 88' lang='lat' dir='ltr'>colitur</span> <span class='ocrx_word' id='word_1_197' title='bbox 925 2034 1038 2091; x_wconf 90' lang='lat' dir='ltr'>ambitu</span> <span class='ocrx_word' id='word_1_198' title='bbox 1069 2032 1272 2113; x_wconf 70' lang='lat' dir='ltr'>habitaturae,</span> <span class='ocrx_word' id='word_1_199' title='bbox 1302 2034 1353 2094; x_wconf 91' lang='lat' dir='ltr'>aed</span> <span class='ocrx_word' id='word_1_200' title='bbox 1377 2034 1504 2111; x_wconf 80' lang='lat' dir='ltr'>parvula</span> 
     </span>
     <span class='ocr_line' id='line_1_20' title="bbox 146 2120 1504 2201; baseline 0 -20"><span class='ocrx_word' id='word_1_201' title='bbox 146 2122 212 2201; x_wconf 85' lang='lat' dir='ltr'>ejus</span> <span class='ocrx_word' id='word_1_202' title='bbox 234 2122 331 2199; x_wconf 91' lang='lat' dir='ltr'>portio</span> <span class='ocrx_word' id='word_1_203' title='bbox 353 2128 493 2195; x_wconf 91' lang='lat' dir='ltr'>tanquam</span> <span class='ocrx_word' id='word_1_204' title='bbox 520 2121 726 2197; x_wconf 84' lang='lat' dir='ltr'>promontoriis</span> <span class='ocrx_word' id='word_1_205' title='bbox 752 2128 805 2179; x_wconf 92' lang='lat' dir='ltr'>aut</span> <span class='ocrx_word' id='word_1_206' title='bbox 834 2120 996 2197; x_wconf 89' lang='lat' dir='ltr'>peninsulis</span> <span class='ocrx_word' id='word_1_207' title='bbox 1024 2120 1199 2196; x_wconf 88' lang='lat' dir='ltr'>quibusdam</span> <span class='ocrx_word' id='word_1_208' title='bbox 1222 2139 1258 2181; x_wconf 84' lang='lat' dir='ltr'>ex</span> <span class='ocrx_word' id='word_1_209' title='bbox 1281 2122 1427 2197; x_wconf 87' lang='lat' dir='ltr'>protendo</span> <span class='ocrx_word' id='word_1_210' title='bbox 1450 2140 1504 2183; x_wconf 84' lang='lat' dir='ltr'>ex·</span> 
     </span>
     <span class='ocr_line' id='line_1_21' title="bbox 146 2205 1505 2287; baseline 0 -18"><span class='ocrx_word' id='word_1_211' title='bbox 146 2210 292 2269; x_wconf 86' lang='lat' dir='ltr'>staruibus</span> <span class='ocrx_word' id='word_1_212' title='bbox 315 2205 507 2266; x_wconf 78' lang='lat' dir='ltr'>foecundatur</span> <span class='ocrx_word' id='word_1_213' title='bbox 528 2209 708 2266; x_wconf 89' lang='lat' dir='ltr'>animantum</span> <span class='ocrx_word' id='word_1_214' title='bbox 733 2216 761 2267; x_wconf 89' lang='lat' dir='ltr'>et</span> <span class='ocrx_word' id='word_1_215' title='bbox 784 2207 948 2284; x_wconf 89' lang='lat' dir='ltr'>plantarum</span> <span class='ocrx_word' id='word_1_216' title='bbox 964 2218 1118 2284; x_wconf 86' lang='lat' dir='ltr'>proventu.</span> <span class='ocrx_word' id='word_1_217' title='bbox 1149 2207 1294 2285; x_wconf 87' lang='lat' dir='ltr'>Reliquae</span> <span class='ocrx_word' id='word_1_218' title='bbox 1316 2210 1382 2285; x_wconf 88' lang='lat' dir='ltr'>ejus</span> <span class='ocrx_word' id='word_1_219' title='bbox 1404 2218 1505 2287; x_wconf 86' lang='lat' dir='ltr'>partes</span> 
     </span>
     <span class='ocr_line' id='line_1_22' title="bbox 147 2294 1504 2373; baseline 0.001 -16"><span class='ocrx_word' id='word_1_220' title='bbox 147 2298 195 2357; x_wconf 83' lang='lat' dir='ltr'>nel</span> <span class='ocrx_word' id='word_1_221' title='bbox 219 2297 352 2357; x_wconf 88' lang='lat' dir='ltr'>desertae</span> <span class='ocrx_word' id='word_1_222' title='bbox 375 2303 443 2352; x_wconf 90' lang='lat' dir='ltr'>sunt</span> <span class='ocrx_word' id='word_1_223' title='bbox 465 2304 493 2353; x_wconf 92' lang='lat' dir='ltr'>et</span> <span class='ocrx_word' id='word_1_224' title='bbox 516 2294 629 2355; x_wconf 90' lang='lat' dir='ltr'>steriles</span> <span class='ocrx_word' id='word_1_225' title='bbox 651 2296 746 2371; x_wconf 87' lang='lat' dir='ltr'>rigore</span> <span class='ocrx_word' id='word_1_226' title='bbox 770 2295 817 2353; x_wconf 84' lang='lat' dir='ltr'>rel</span> <span class='ocrx_word' id='word_1_227' title='bbox 841 2305 937 2372; x_wconf 87' lang='lat' dir='ltr'>aestu,</span> <span class='ocrx_word' id='word_1_228' title='bbox 961 2294 1007 2354; x_wconf 83' lang='lat' dir='ltr'>uel</span> <span class='ocrx_word' id='word_1_229' title='bbox 1031 2312 1141 2356; x_wconf 89' lang='lat' dir='ltr'>rnersae</span> <span class='ocrx_word' id='word_1_230' title='bbox 1164 2314 1272 2373; x_wconf 86' lang='lat' dir='ltr'>magno</span> <span class='ocrx_word' id='word_1_231' title='bbox 1294 2300 1366 2356; x_wconf 88' lang='lat' dir='ltr'>mari</span> <span class='ocrx_word' id='word_1_232' title='bbox 1390 2312 1504 2373; x_wconf 83' lang='lat' dir='ltr'>eaeque</span> 
     </span>
     <span class='ocr_line' id='line_1_23' title="bbox 146 2381 1503 2463; baseline 0.001 -20"><span class='ocrx_word' id='word_1_233' title='bbox 146 2382 410 2463; x_wconf 88' lang='lat' dir='ltr'>quamplurimae.</span> <span class='ocrx_word' id='word_1_234' title='bbox 455 2381 501 2441; x_wconf 86' lang='lat' dir='ltr'>Tu</span> <span class='ocrx_word' id='word_1_235' title='bbox 525 2398 612 2457; x_wconf 83' lang='lat' dir='ltr'>roro,</span> <span class='ocrx_word' id='word_1_236' title='bbox 635 2400 700 2442; x_wconf 89' lang='lat' dir='ltr'>eum</span> <span class='ocrx_word' id='word_1_237' title='bbox 725 2382 925 2442; x_wconf 80' lang='lat' dir='ltr'>Aristarchum</span> <span class='ocrx_word' id='word_1_238' title='bbox 948 2400 1062 2457; x_wconf 92' lang='lat' dir='ltr'>semper</span> <span class='ocrx_word' id='word_1_239' title='bbox 1084 2392 1114 2442; x_wconf 91' lang='lat' dir='ltr'>et</span> <span class='ocrx_word' id='word_1_240' title='bbox 1135 2401 1217 2443; x_wconf 91' lang='lat' dir='ltr'>arues</span> <span class='ocrx_word' id='word_1_241' title='bbox 1239 2394 1269 2445; x_wconf 90' lang='lat' dir='ltr'>et</span> <span class='ocrx_word' id='word_1_242' title='bbox 1290 2387 1422 2457; x_wconf 91' lang='lat' dir='ltr'>mireris,</span> <span class='ocrx_word' id='word_1_243' title='bbox 1452 2400 1503 2445; x_wconf 74' lang='lat' dir='ltr'>et!</span> 
     </span>
     <span class='ocr_line' id='line_1_24' title="bbox 147 2468 725 2545; baseline -0.007 -14"><span class='ocrx_word' id='word_1_244' title='bbox 147 2490 206 2531; x_wconf 93' lang='lat' dir='ltr'>nou</span> <span class='ocrx_word' id='word_1_245' title='bbox 230 2469 380 2531; x_wconf 86' lang='lat' dir='ltr'>auscultas</span> <span class='ocrx_word' id='word_1_246' title='bbox 403 2469 523 2541; x_wconf 83' lang='lat' dir='ltr'>Crateti,</span> <span class='ocrx_word' id='word_1_247' title='bbox 546 2486 612 2528; x_wconf 89' lang='lat' dir='ltr'>eum</span> <span class='ocrx_word' id='word_1_248' title='bbox 635 2468 725 2545; x_wconf 88' lang='lat' dir='ltr'>legis:</span> 
     </span>
    </p>

    <p class='ocr_par' dir='ltr' id='par_1_4' title="bbox 444 2556 1226 2721">
     <span class='ocr_line' id='line_1_25' title="bbox 445 2556 1178 2633; baseline 0.001 -18"><span class='ocrx_word' id='word_1_249' title='bbox 445 2556 593 2629; x_wconf 83' lang='lat' dir='ltr'>Oceanus,</span> <span class='ocrx_word' id='word_1_250' title='bbox 616 2559 671 2633; x_wconf 86' lang='lat' dir='ltr'>qui</span> <span class='ocrx_word' id='word_1_251' title='bbox 692 2559 851 2633; x_wconf 71' lang='lat' dir='ltr'>terrigenis</span> <span class='ocrx_word' id='word_1_252' title='bbox 872 2556 1054 2616; x_wconf 77' lang='lat' dir='ltr'>mortalibus</span> <span class='ocrx_word' id='word_1_253' title='bbox 1074 2565 1178 2617; x_wconf 88' lang='lat' dir='ltr'>ortum</span> 
     </span>
     <span class='ocr_line' id='line_1_26' title="bbox 444 2642 1226 2721; baseline 0 -16"><span class='ocrx_word' id='word_1_254' title='bbox 444 2642 664 2721; x_wconf 77' lang='lat' dir='ltr'>Coettuteaque</span> <span class='ocrx_word' id='word_1_255' title='bbox 686 2644 775 2717; x_wconf 86' lang='lat' dir='ltr'>dedit,</span> <span class='ocrx_word' id='word_1_256' title='bbox 803 2643 931 2703; x_wconf 78' lang='lat' dir='ltr'>Telluris</span> <span class='ocrx_word' id='word_1_257' title='bbox 949 2644 1091 2719; x_wconf 88' lang='lat' dir='ltr'>plurimo</span> <span class='ocrx_word' id='word_1_258' title='bbox 1113 2648 1226 2705; x_wconf 84' lang='lat' dir='ltr'>mersit.</span> 
     </span>
    </p>

    <p class='ocr_par' dir='ltr' id='par_1_5' title="bbox 146 2730 1503 3073">
     <span class='ocr_line' id='line_1_27' title="bbox 249 2730 1503 2809; baseline 0 -16"><span class='ocrx_word' id='word_1_259' title='bbox 249 2732 291 2793; x_wconf 78' lang='lat' dir='ltr'>At</span> <span class='ocrx_word' id='word_1_260' title='bbox 313 2734 438 2791; x_wconf 84' lang='lat' dir='ltr'>immane</span> <span class='ocrx_word' id='word_1_261' title='bbox 452 2740 594 2808; x_wconf 87' lang='lat' dir='ltr'>quantum</span> <span class='ocrx_word' id='word_1_262' title='bbox 611 2732 704 2802; x_wconf 89' lang='lat' dir='ltr'>abest,</span> <span class='ocrx_word' id='word_1_263' title='bbox 727 2739 759 2789; x_wconf 94' lang='lat' dir='ltr'>ut</span> <span class='ocrx_word' id='word_1_264' title='bbox 782 2730 855 2789; x_wconf 89' lang='lat' dir='ltr'>haee</span> <span class='ocrx_word' id='word_1_265' title='bbox 876 2731 981 2790; x_wconf 82' lang='lat' dir='ltr'>trustra</span> <span class='ocrx_word' id='word_1_266' title='bbox 996 2734 1056 2789; x_wconf 91' lang='lat' dir='ltr'>sint</span> <span class='ocrx_word' id='word_1_267' title='bbox 1070 2732 1157 2793; x_wconf 88' lang='lat' dir='ltr'>iacta.</span> <span class='ocrx_word' id='word_1_268' title='bbox 1186 2732 1269 2791; x_wconf 85' lang='lat' dir='ltr'>blare</span> <span class='ocrx_word' id='word_1_269' title='bbox 1284 2734 1361 2792; x_wconf 92' lang='lat' dir='ltr'>euim</span> <span class='ocrx_word' id='word_1_270' title='bbox 1377 2748 1503 2809; x_wconf 83' lang='lat' dir='ltr'>vapores</span> 
     </span>
     <span class='ocr_line' id='line_1_28' title="bbox 146 2820 1503 2899; baseline -0.003 -15"><span class='ocrx_word' id='word_1_271' title='bbox 146 2823 275 2899; x_wconf 81' lang='lat' dir='ltr'>exspirat</span> <span class='ocrx_word' id='word_1_272' title='bbox 298 2821 398 2892; x_wconf 91' lang='lat' dir='ltr'>mites,</span> <span class='ocrx_word' id='word_1_273' title='bbox 429 2822 471 2878; x_wconf 90' lang='lat' dir='ltr'>sic</span> <span class='ocrx_word' id='word_1_274' title='bbox 494 2828 646 2879; x_wconf 81' lang='lat' dir='ltr'>acutorum</span> <span class='ocrx_word' id='word_1_275' title='bbox 670 2821 798 2878; x_wconf 90' lang='lat' dir='ltr'>omnium</span> <span class='ocrx_word' id='word_1_276' title='bbox 826 2820 1009 2893; x_wconf 87' lang='lat' dir='ltr'>gratissimos</span> <span class='ocrx_word' id='word_1_277' title='bbox 1036 2827 1151 2879; x_wconf 88' lang='lat' dir='ltr'>aestate</span> <span class='ocrx_word' id='word_1_278' title='bbox 1181 2822 1396 2880; x_wconf 85' lang='lat' dir='ltr'>terretttlssima</span> <span class='ocrx_word' id='word_1_279' title='bbox 1418 2822 1503 2881; x_wconf 87' lang='lat' dir='ltr'>uires</span> 
     </span>
     <span class='ocr_line' id='line_1_29' title="bbox 147 2906 1503 2983; baseline -0.001 -14"><span class='ocrx_word' id='word_1_280' title='bbox 147 2912 176 2969; x_wconf 93' lang='lat' dir='ltr'>in</span> <span class='ocrx_word' id='word_1_281' title='bbox 201 2918 276 2969; x_wconf 88' lang='lat' dir='ltr'>terra</span> <span class='ocrx_word' id='word_1_282' title='bbox 303 2924 362 2967; x_wconf 92' lang='lat' dir='ltr'>non</span> <span class='ocrx_word' id='word_1_283' title='bbox 390 2907 545 2967; x_wconf 78' lang='lat' dir='ltr'>habitabili</span> <span class='ocrx_word' id='word_1_284' title='bbox 574 2908 716 2983; x_wconf 87' lang='lat' dir='ltr'>paulatim</span> <span class='ocrx_word' id='word_1_285' title='bbox 744 2906 939 2983; x_wconf 84' lang='lat' dir='ltr'>liquescentes</span> <span class='ocrx_word' id='word_1_286' title='bbox 962 2906 1101 2965; x_wconf 84' lang='lat' dir='ltr'>exhalant</span> <span class='ocrx_word' id='word_1_287' title='bbox 1123 2916 1152 2965; x_wconf 90' lang='lat' dir='ltr'>et</span> <span class='ocrx_word' id='word_1_288' title='bbox 1175 2908 1354 2977; x_wconf 85' lang='lat' dir='ltr'>diiiuuduut,</span> <span class='ocrx_word' id='word_1_289' title='bbox 1385 2906 1503 2983; x_wconf 86' lang='lat' dir='ltr'>dieique</span> 
     </span>
     <span class='ocr_line' id='line_1_30' title="bbox 146 2992 1503 3073; baseline -0.004 -16"><span class='ocrx_word' id='word_1_290' title='bbox 146 3000 300 3073; x_wconf 90' lang='lat' dir='ltr'>noctisque</span> <span class='ocrx_word' id='word_1_291' title='bbox 322 3000 408 3055; x_wconf 85' lang='lat' dir='ltr'>Terra</span> <span class='ocrx_word' id='word_1_292' title='bbox 431 3004 585 3055; x_wconf 87' lang='lat' dir='ltr'>accuratus</span> <span class='ocrx_word' id='word_1_293' title='bbox 609 2998 637 3053; x_wconf 94' lang='lat' dir='ltr'>in</span> <span class='ocrx_word' id='word_1_294' title='bbox 661 2992 758 3054; x_wconf 91' lang='lat' dir='ltr'>medio</span> <span class='ocrx_word' id='word_1_295' title='bbox 782 3002 880 3053; x_wconf 90' lang='lat' dir='ltr'>custos</span> <span class='ocrx_word' id='word_1_296' title='bbox 904 2996 1035 3053; x_wconf 91' lang='lat' dir='ltr'>constitit</span> <span class='ocrx_word' id='word_1_297' title='bbox 1057 3005 1087 3054; x_wconf 92' lang='lat' dir='ltr'>et</span> <span class='ocrx_word' id='word_1_298' title='bbox 1101 2994 1204 3055; x_wconf 83' lang='lat' dir='ltr'>artilex</span> <span class='ocrx_word' id='word_1_299' title='bbox 1220 2994 1380 3055; x_wconf 89' lang='lat' dir='ltr'>secuudum</span> <span class='ocrx_word' id='word_1_300' title='bbox 1397 2994 1503 3055; x_wconf 88' lang='lat' dir='ltr'>l&#39;iato-</span> 
     </span>
    </p>
   </div>
   <div class='ocr_carea' id='block_1_3' title="bbox 50 3080 1504 3169">
    <p class='ocr_par' dir='ltr' id='par_1_6' title="bbox 50 3080 1504 3169">
     <span class='ocr_line' id='line_1_31' title="bbox 50 3080 1504 3169; baseline -0.002 -24"><span class='ocrx_word' id='word_1_301' title='bbox 50 3154 54 3161; x_wconf 31' lang='lat'>¹</span> <span class='ocrx_word' id='word_1_302' title='bbox 146 3102 222 3145; x_wconf 93' lang='lat' dir='ltr'>nem.</span> <span class='ocrx_word' id='word_1_303' title='bbox 267 3082 348 3143; x_wconf 88' lang='lat' dir='ltr'>Nihil</span> <span class='ocrx_word' id='word_1_304' title='bbox 372 3084 460 3169; x_wconf 81' lang='lat' dir='ltr'>igittu</span> <span class='ocrx_word' id='word_1_305' title='bbox 484 3082 604 3158; x_wconf 91' lang='lat' dir='ltr'>impedit</span> <span class='ocrx_word' id='word_1_306' title='bbox 627 3100 686 3159; x_wconf 93' lang='lat' dir='ltr'>quo</span> <span class='ocrx_word' id='word_1_307' title='bbox 708 3085 804 3141; x_wconf 90' lang='lat' dir='ltr'>miuus</span> <span class='ocrx_word' id='word_1_308' title='bbox 833 3083 920 3139; x_wconf 90' lang='lat' dir='ltr'>etiam</span> <span class='ocrx_word' id='word_1_309' title='bbox 946 3080 1030 3139; x_wconf 54' lang='lat' dir='ltr'>launa</span> <span class='ocrx_word' id='word_1_310' title='bbox 1057 3082 1233 3141; x_wconf 88' lang='lat' dir='ltr'>animalibus</span> <span class='ocrx_word' id='word_1_311' title='bbox 1264 3082 1383 3158; x_wconf 89' lang='lat' dir='ltr'>quidem</span> <span class='ocrx_word' id='word_1_312' title='bbox 1407 3097 1504 3142; x_wconf 82' lang='lat' dir='ltr'>vacua</span> 
     </span>
    </p>
   </div>
   <div class='ocr_carea' id='block_1_4' title="bbox 145 3168 1505 4909">
    <p class='ocr_par' dir='ltr' id='par_1_7' title="bbox 145 3168 1503 3687">
     <span class='ocr_line' id='line_1_32' title="bbox 145 3168 1502 3247; baseline -0.002 -15"><span class='ocrx_word' id='word_1_313' title='bbox 145 3177 193 3244; x_wconf 88' lang='lat' dir='ltr'>eit,</span> <span class='ocrx_word' id='word_1_314' title='bbox 217 3180 247 3231; x_wconf 89' lang='lat' dir='ltr'>st</span> <span class='ocrx_word' id='word_1_315' title='bbox 269 3173 409 3247; x_wconf 87' lang='lat' dir='ltr'>praebeat</span> <span class='ocrx_word' id='word_1_316' title='bbox 431 3188 463 3230; x_wconf 92' lang='lat' dir='ltr'>se</span> <span class='ocrx_word' id='word_1_317' title='bbox 486 3169 692 3229; x_wconf 85' lang='lat' dir='ltr'>reflexionibus</span> <span class='ocrx_word' id='word_1_318' title='bbox 715 3170 832 3227; x_wconf 79' lang='lat' dir='ltr'>laterinis</span> <span class='ocrx_word' id='word_1_319' title='bbox 861 3170 968 3228; x_wconf 91' lang='lat' dir='ltr'>circum</span> <span class='ocrx_word' id='word_1_320' title='bbox 991 3186 1023 3227; x_wconf 89' lang='lat' dir='ltr'>se</span> <span class='ocrx_word' id='word_1_321' title='bbox 1051 3169 1107 3226; x_wconf 88' lang='lat' dir='ltr'>iusi</span> <span class='ocrx_word' id='word_1_322' title='bbox 1131 3179 1161 3228; x_wconf 91' lang='lat' dir='ltr'>et</span> <span class='ocrx_word' id='word_1_323' title='bbox 1183 3170 1329 3229; x_wconf 84' lang='lat' dir='ltr'>conilaxui</span> <span class='ocrx_word' id='word_1_324' title='bbox 1353 3168 1502 3229; x_wconf 85' lang='lat' dir='ltr'>radiorum</span> 
     </span>
     <span class='ocr_line' id='line_1_33' title="bbox 145 3256 1503 3334; baseline -0.003 -14"><span class='ocrx_word' id='word_1_325' title='bbox 145 3259 314 3320; x_wconf 89' lang='lat' dir='ltr'>sideralium</span> <span class='ocrx_word' id='word_1_326' title='bbox 338 3262 366 3317; x_wconf 91' lang='lat' dir='ltr'>iu</span> <span class='ocrx_word' id='word_1_327' title='bbox 389 3276 421 3317; x_wconf 90' lang='lat' dir='ltr'>se</span> <span class='ocrx_word' id='word_1_328' title='bbox 445 3260 509 3334; x_wconf 93' lang='lat' dir='ltr'>ipsa</span> <span class='ocrx_word' id='word_1_329' title='bbox 532 3258 803 3333; x_wconf 83' lang='lat' dir='ltr'>conamixtionique,</span> <span class='ocrx_word' id='word_1_330' title='bbox 834 3263 885 3315; x_wconf 85' lang='lat' dir='ltr'>aut</span> <span class='ocrx_word' id='word_1_331' title='bbox 903 3256 990 3331; x_wconf 83' lang='lat' dir='ltr'>juvet</span> <span class='ocrx_word' id='word_1_332' title='bbox 1012 3258 1212 3315; x_wconf 84' lang='lat' dir='ltr'>excoctionem</span> <span class='ocrx_word' id='word_1_333' title='bbox 1240 3257 1461 3317; x_wconf 87' lang='lat' dir='ltr'>exhalationum</span> <span class='ocrx_word' id='word_1_334' title='bbox 1485 3272 1503 3317; x_wconf 93' lang='lat' dir='ltr'>e</span> 
     </span>
     <span class='ocr_line' id='line_1_34' title="bbox 146 3342 1503 3422; baseline 0 -17"><span class='ocrx_word' id='word_1_335' title='bbox 146 3348 247 3415; x_wconf 84' lang='lat' dir='ltr'>‘l&#39;erru‚</span> <span class='ocrx_word' id='word_1_336' title='bbox 270 3346 392 3422; x_wconf 80' lang='lat' dir='ltr'>Solique</span> <span class='ocrx_word' id='word_1_337' title='bbox 410 3348 502 3415; x_wconf 81' lang='lat' dir='ltr'>t&#39;ctq&#39;rrs</span> <span class='ocrx_word' id='word_1_338' title='bbox 521 3356 612 3417; x_wconf 85' lang='lat' dir='ltr'>partes</span> <span class='ocrx_word' id='word_1_339' title='bbox 631 3348 657 3400; x_wconf 93' lang='lat' dir='ltr'>in</span> <span class='ocrx_word' id='word_1_340' title='bbox 670 3348 722 3401; x_wconf 91' lang='lat' dir='ltr'>hac</span> <span class='ocrx_word' id='word_1_341' title='bbox 740 3348 898 3405; x_wconf 89' lang='lat' dir='ltr'>excoctione</span> <span class='ocrx_word' id='word_1_342' title='bbox 916 3350 1101 3417; x_wconf 84' lang='lat' dir='ltr'>praecipuae).</span> <span class='ocrx_word' id='word_1_343' title='bbox 1120 3344 1199 3419; x_wconf 89' lang='lat' dir='ltr'>quod</span> <span class='ocrx_word' id='word_1_344' title='bbox 1216 3342 1252 3404; x_wconf 92' lang='lat' dir='ltr'>de</span> <span class='ocrx_word' id='word_1_345' title='bbox 1268 3346 1304 3402; x_wconf 93' lang='lat' dir='ltr'>iis</span> <span class='ocrx_word' id='word_1_346' title='bbox 1319 3354 1363 3403; x_wconf 89' lang='lat' dir='ltr'>est</span> <span class='ocrx_word' id='word_1_347' title='bbox 1378 3351 1503 3405; x_wconf 82' lang='lat' dir='ltr'>naturae</span> 
     </span>
     <span class='ocr_line' id='line_1_35' title="bbox 147 3432 1502 3507; baseline -0.003 -12"><span class='ocrx_word' id='word_1_348' title='bbox 147 3435 306 3495; x_wconf 84' lang='lat' dir='ltr'>adrandum</span> <span class='ocrx_word' id='word_1_349' title='bbox 330 3433 459 3493; x_wconf 80' lang='lat' dir='ltr'>fervidae</span> <span class='ocrx_word' id='word_1_350' title='bbox 482 3444 511 3491; x_wconf 93' lang='lat' dir='ltr'>et</span> <span class='ocrx_word' id='word_1_351' title='bbox 533 3434 723 3504; x_wconf 86' lang='lat' dir='ltr'>contumacis,</span> <span class='ocrx_word' id='word_1_352' title='bbox 748 3432 884 3490; x_wconf 89' lang='lat' dir='ltr'>rcraittat.</span> <span class='ocrx_word' id='word_1_353' title='bbox 924 3432 1022 3506; x_wconf 78' lang='lat' dir='ltr'>Atque</span> <span class='ocrx_word' id='word_1_354' title='bbox 1044 3432 1092 3489; x_wconf 90' lang='lat' dir='ltr'>hic</span> <span class='ocrx_word' id='word_1_355' title='bbox 1115 3432 1280 3507; x_wconf 89' lang='lat' dir='ltr'>plusculum</span> <span class='ocrx_word' id='word_1_356' title='bbox 1302 3434 1391 3491; x_wconf 89' lang='lat' dir='ltr'>ctiam</span> <span class='ocrx_word' id='word_1_357' title='bbox 1406 3432 1502 3491; x_wconf 82' lang='lat' dir='ltr'>lamas</span> 
     </span>
     <span class='ocr_line' id='line_1_36' title="bbox 146 3518 1503 3595; baseline -0.003 -14"><span class='ocrx_word' id='word_1_358' title='bbox 146 3532 281 3581; x_wconf 82' lang='lat' dir='ltr'>vetustae</span> <span class='ocrx_word' id='word_1_359' title='bbox 303 3520 518 3595; x_wconf 79' lang='lat' dir='ltr'>indulgebimus</span> <span class='ocrx_word' id='word_1_360' title='bbox 534 3519 731 3595; x_wconf 84' lang='lat' dir='ltr'>dicemusque,</span> <span class='ocrx_word' id='word_1_361' title='bbox 756 3519 868 3579; x_wconf 89' lang='lat' dir='ltr'>Lunam</span> <span class='ocrx_word' id='word_1_362' title='bbox 885 3518 1010 3577; x_wconf 88' lang='lat' dir='ltr'>Dianam</span> <span class='ocrx_word' id='word_1_363' title='bbox 1032 3521 1122 3577; x_wconf 87' lang='lat' dir='ltr'>luisse</span> <span class='ocrx_word' id='word_1_364' title='bbox 1145 3519 1291 3591; x_wconf 88' lang='lat' dir='ltr'>habitatu,</span> <span class='ocrx_word' id='word_1_365' title='bbox 1314 3528 1416 3595; x_wconf 88' lang='lat' dir='ltr'>utpote</span> <span class='ocrx_word' id='word_1_366' title='bbox 1440 3521 1503 3577; x_wconf 85' lang='lat' dir='ltr'>rin·</span> 
     </span>
     <span class='ocr_line' id='line_1_37' title="bbox 148 3600 1502 3687; baseline -0.003 -20"><span class='ocrx_word' id='word_1_367' title='bbox 148 3612 247 3687; x_wconf 89' lang='lat' dir='ltr'>ginem</span> <span class='ocrx_word' id='word_1_368' title='bbox 270 3606 398 3669; x_wconf 91' lang='lat' dir='ltr'>sterilem</span> <span class='ocrx_word' id='word_1_369' title='bbox 422 3607 553 3682; x_wconf 88' lang='lat' dir='ltr'>quidem,</span> <span class='ocrx_word' id='word_1_370' title='bbox 582 3616 614 3665; x_wconf 91' lang='lat' dir='ltr'>at</span> <span class='ocrx_word' id='word_1_371' title='bbox 636 3606 760 3665; x_wconf 83' lang='lat' dir='ltr'>dirersis</span> <span class='ocrx_word' id='word_1_372' title='bbox 786 3607 853 3665; x_wconf 87' lang='lat' dir='ltr'>aliis</span> <span class='ocrx_word' id='word_1_373' title='bbox 881 3606 976 3665; x_wconf 88' lang='lat' dir='ltr'>aredis</span> <span class='ocrx_word' id='word_1_374' title='bbox 999 3606 1209 3665; x_wconf 82' lang='lat' dir='ltr'>atrailiatricem</span> <span class='ocrx_word' id='word_1_375' title='bbox 1233 3620 1262 3665; x_wconf 89' lang='lat' dir='ltr'>ct</span> <span class='ocrx_word' id='word_1_376' title='bbox 1285 3600 1502 3683; x_wconf 65' lang='lat' dir='ltr'>benignamffll</span> 
     </span>
    </p>

    <p class='ocr_par' dir='ltr' id='par_1_8' title="bbox 146 3692 1505 4909">
     <span class='ocr_line' id='line_1_38' title="bbox 252 3692 1502 3771; baseline -0.001 -18"><span class='ocrx_word' id='word_1_377' title='bbox 252 3695 375 3769; x_wconf 88' lang='lat' dir='ltr'>Deinde,</span> <span class='ocrx_word' id='word_1_378' title='bbox 399 3694 570 3771; x_wconf 89' lang='lat' dir='ltr'>operehare</span> <span class='ocrx_word' id='word_1_379' title='bbox 586 3694 699 3767; x_wconf 88' lang='lat' dir='ltr'>Theon,</span> <span class='ocrx_word' id='word_1_380' title='bbox 722 3694 794 3752; x_wconf 92' lang='lat' dir='ltr'>nihil</span> <span class='ocrx_word' id='word_1_381' title='bbox 818 3704 863 3753; x_wconf 92' lang='lat' dir='ltr'>est</span> <span class='ocrx_word' id='word_1_382' title='bbox 885 3712 921 3753; x_wconf 82' lang='lat' dir='ltr'>ex</span> <span class='ocrx_word' id='word_1_383' title='bbox 944 3694 1088 3763; x_wconf 83' lang='lat' dir='ltr'>omnibus,</span> <span class='ocrx_word' id='word_1_384' title='bbox 1112 3710 1189 3769; x_wconf 85' lang='lat' dir='ltr'>quae</span> <span class='ocrx_word' id='word_1_385' title='bbox 1212 3694 1266 3751; x_wconf 90' lang='lat' dir='ltr'>abs</span> <span class='ocrx_word' id='word_1_386' title='bbox 1285 3703 1314 3753; x_wconf 93' lang='lat' dir='ltr'>te</span> <span class='ocrx_word' id='word_1_387' title='bbox 1329 3692 1502 3765; x_wconf 88' lang='lat' dir='ltr'>dictasunt,</span> 
     </span>
     <span class='ocr_line' id='line_1_39' title="bbox 146 3780 1502 3860; baseline -0.002 -19"><span class='ocrx_word' id='word_1_388' title='bbox 146 3782 227 3860; x_wconf 91' lang='lat' dir='ltr'>quod</span> <span class='ocrx_word' id='word_1_389' title='bbox 250 3782 437 3855; x_wconf 89' lang='lat' dir='ltr'>demonstret,</span> <span class='ocrx_word' id='word_1_390' title='bbox 461 3782 670 3859; x_wconf 85' lang='lat' dir='ltr'>impossibilem</span> <span class='ocrx_word' id='word_1_391' title='bbox 694 3798 759 3841; x_wconf 86' lang='lat' dir='ltr'>csse</span> <span class='ocrx_word' id='word_1_392' title='bbox 782 3780 883 3841; x_wconf 85' lang='lat' dir='ltr'>Lunae</span> <span class='ocrx_word' id='word_1_393' title='bbox 905 3781 1125 3843; x_wconf 90' lang='lat' dir='ltr'>habitationem.</span> <span class='ocrx_word' id='word_1_394' title='bbox 1156 3784 1273 3859; x_wconf 79' lang='lat' dir='ltr'>Quippe</span> <span class='ocrx_word' id='word_1_395' title='bbox 1289 3781 1362 3841; x_wconf 91' lang='lat' dir='ltr'>haec</span> <span class='ocrx_word' id='word_1_396' title='bbox 1377 3782 1502 3857; x_wconf 85' lang='lat' dir='ltr'>primum</span> 
     </span>
     <span class='ocr_line' id='line_1_40' title="bbox 146 3867 1503 3945; baseline -0.004 -14"><span class='ocrx_word' id='word_1_397' title='bbox 146 3874 300 3931; x_wconf 78' lang='lat' dir='ltr'>correersio</span> <span class='ocrx_word' id='word_1_398' title='bbox 323 3869 440 3941; x_wconf 87' lang='lat' dir='ltr'>Lunae,</span> <span class='ocrx_word' id='word_1_399' title='bbox 471 3869 594 3928; x_wconf 89' lang='lat' dir='ltr'>multum</span> <span class='ocrx_word' id='word_1_400' title='bbox 618 3870 748 3929; x_wconf 91' lang='lat' dir='ltr'>lenitatis</span> <span class='ocrx_word' id='word_1_401' title='bbox 770 3878 800 3928; x_wconf 93' lang='lat' dir='ltr'>et</span> <span class='ocrx_word' id='word_1_402' title='bbox 822 3869 1042 3945; x_wconf 84' lang='lat' dir='ltr'>tranquillitatis</span> <span class='ocrx_word' id='word_1_403' title='bbox 1069 3867 1199 3939; x_wconf 90' lang='lat' dir='ltr'>habeas,</span> <span class='ocrx_word' id='word_1_404' title='bbox 1230 3872 1345 3945; x_wconf 87' lang='lat' dir='ltr'>mitigat</span> <span class='ocrx_word' id='word_1_405' title='bbox 1366 3878 1396 3927; x_wconf 93' lang='lat' dir='ltr'>et</span> <span class='ocrx_word' id='word_1_406' title='bbox 1419 3884 1503 3927; x_wconf 89' lang='lat' dir='ltr'>eom·</span> 
     </span>
     <span class='ocr_line' id='line_1_41' title="bbox 147 3954 1501 4035; baseline -0.002 -20"><span class='ocrx_word' id='word_1_407' title='bbox 147 3960 248 4035; x_wconf 88' lang='lat' dir='ltr'>planat</span> <span class='ocrx_word' id='word_1_408' title='bbox 271 3964 366 4019; x_wconf 76' lang='lat' dir='ltr'>serem</span> <span class='ocrx_word' id='word_1_409' title='bbox 389 3958 641 4034; x_wconf 89' lang='lat' dir='ltr'>praestolaturque</span> <span class='ocrx_word' id='word_1_410' title='bbox 665 3974 741 4021; x_wconf 82' lang='lat' dir='ltr'>euru.</span> <span class='ocrx_word' id='word_1_411' title='bbox 765 3956 833 4015; x_wconf 88' lang='lat' dir='ltr'>dura</span> <span class='ocrx_word' id='word_1_412' title='bbox 856 3965 885 4015; x_wconf 91' lang='lat' dir='ltr'>et</span> <span class='ocrx_word' id='word_1_413' title='bbox 908 3960 971 4033; x_wconf 90' lang='lat' dir='ltr'>ipse</span> <span class='ocrx_word' id='word_1_414' title='bbox 993 3956 1080 4013; x_wconf 89' lang='lat' dir='ltr'>simui</span> <span class='ocrx_word' id='word_1_415' title='bbox 1095 3956 1337 4024; x_wconf 85' lang='lat' dir='ltr'>circumducatur,</span> <span class='ocrx_word' id='word_1_416' title='bbox 1360 3966 1393 4013; x_wconf 93' lang='lat' dir='ltr'>ut</span> <span class='ocrx_word' id='word_1_417' title='bbox 1410 3954 1501 4013; x_wconf 89' lang='lat' dir='ltr'>metui</span> 
     </span>
     <span class='ocr_line' id='line_1_42' title="bbox 147 4040 1503 4123; baseline -0.004 -19"><span class='ocrx_word' id='word_1_418' title='bbox 147 4044 230 4105; x_wconf 90' lang='lat' dir='ltr'>iocus</span> <span class='ocrx_word' id='word_1_419' title='bbox 252 4064 343 4123; x_wconf 90' lang='lat' dir='ltr'>penes</span> <span class='ocrx_word' id='word_1_420' title='bbox 366 4064 419 4103; x_wconf 90' lang='lat' dir='ltr'>nus</span> <span class='ocrx_word' id='word_1_421' title='bbox 442 4061 499 4103; x_wconf 90' lang='lat' dir='ltr'>nou</span> <span class='ocrx_word' id='word_1_422' title='bbox 522 4048 569 4117; x_wconf 89' lang='lat' dir='ltr'>ait,</span> <span class='ocrx_word' id='word_1_423' title='bbox 593 4062 628 4104; x_wconf 93' lang='lat' dir='ltr'>nc</span> <span class='ocrx_word' id='word_1_424' title='bbox 652 4046 702 4121; x_wconf 90' lang='lat' dir='ltr'>qui</span> <span class='ocrx_word' id='word_1_425' title='bbox 726 4045 766 4103; x_wconf 92' lang='lat' dir='ltr'>ibi</span> <span class='ocrx_word' id='word_1_426' title='bbox 791 4048 880 4103; x_wconf 85' lang='lat' dir='ltr'>vitum</span> <span class='ocrx_word' id='word_1_427' title='bbox 903 4043 1044 4117; x_wconf 88' lang='lat' dir='ltr'>degerunt</span> <span class='ocrx_word' id='word_1_428' title='bbox 1066 4044 1133 4103; x_wconf 91' lang='lat' dir='ltr'>inde</span> <span class='ocrx_word' id='word_1_429' title='bbox 1151 4043 1287 4102; x_wconf 86' lang='lat' dir='ltr'>excidant</span> <span class='ocrx_word' id='word_1_430' title='bbox 1303 4053 1354 4105; x_wconf 91' lang='lat' dir='ltr'>aut</span> <span class='ocrx_word' id='word_1_431' title='bbox 1370 4060 1389 4101; x_wconf 91' lang='lat' dir='ltr'>a</span> <span class='ocrx_word' id='word_1_432' title='bbox 1405 4040 1503 4101; x_wconf 89' lang='lat' dir='ltr'>domi-</span> 
     </span>
     <span class='ocr_line' id='line_1_43' title="bbox 148 4128 1504 4213; baseline -0.004 -20"><span class='ocrx_word' id='word_1_433' title='bbox 148 4134 216 4193; x_wconf 87' lang='lat' dir='ltr'>ellio</span> <span class='ocrx_word' id='word_1_434' title='bbox 238 4152 293 4191; x_wconf 91' lang='lat' dir='ltr'>suo</span> <span class='ocrx_word' id='word_1_435' title='bbox 316 4135 460 4193; x_wconf 90' lang='lat' dir='ltr'>aberrent.</span> <span class='ocrx_word' id='word_1_436' title='bbox 507 4131 620 4193; x_wconf 85' lang='lat' dir='ltr'>Deinde</span> <span class='ocrx_word' id='word_1_437' title='bbox 643 4136 708 4209; x_wconf 88' lang='lat' dir='ltr'>ipsa</span> <span class='ocrx_word' id='word_1_438' title='bbox 729 4150 825 4207; x_wconf 92' lang='lat' dir='ltr'>neque</span> <span class='ocrx_word' id='word_1_439' title='bbox 847 4132 977 4207; x_wconf 89' lang='lat' dir='ltr'>(lacertis</span> <span class='ocrx_word' id='word_1_440' title='bbox 1001 4139 1125 4205; x_wconf 82' lang='lat' dir='ltr'>uagatur</span> <span class='ocrx_word' id='word_1_441' title='bbox 1148 4128 1291 4213; x_wconf 85' lang='lat' dir='ltr'>motibus)</span> <span class='ocrx_word' id='word_1_442' title='bbox 1312 4141 1340 4190; x_wconf 91' lang='lat' dir='ltr'>et</span> <span class='ocrx_word' id='word_1_443' title='bbox 1364 4133 1422 4189; x_wconf 90' lang='lat' dir='ltr'>ists</span> <span class='ocrx_word' id='word_1_444' title='bbox 1436 4146 1504 4189; x_wconf 91' lang='lat' dir='ltr'>rno-</span> 
     </span>
     <span class='ocr_line' id='line_1_44' title="bbox 146 4217 1504 4297; baseline -0.003 -18"><span class='ocrx_word' id='word_1_445' title='bbox 146 4230 229 4279; x_wconf 93' lang='lat' dir='ltr'>tuum</span> <span class='ocrx_word' id='word_1_446' title='bbox 253 4223 320 4297; x_wconf 87' lang='lat' dir='ltr'>ejus</span> <span class='ocrx_word' id='word_1_447' title='bbox 343 4224 471 4279; x_wconf 78' lang='lat' dir='ltr'>varietas</span> <span class='ocrx_word' id='word_1_448' title='bbox 494 4222 699 4297; x_wconf 86' lang='lat' dir='ltr'>oberratioque</span> <span class='ocrx_word' id='word_1_449' title='bbox 723 4236 779 4277; x_wconf 92' lang='lat' dir='ltr'>nou</span> <span class='ocrx_word' id='word_1_450' title='bbox 804 4237 838 4279; x_wconf 89' lang='lat' dir='ltr'>ex</span> <span class='ocrx_word' id='word_1_451' title='bbox 862 4218 962 4295; x_wconf 90' lang='lat' dir='ltr'>aliqua</span> <span class='ocrx_word' id='word_1_452' title='bbox 985 4217 1196 4293; x_wconf 88' lang='lat' dir='ltr'>inaequalitate</span> <span class='ocrx_word' id='word_1_453' title='bbox 1219 4218 1266 4279; x_wconf 87' lang='lat' dir='ltr'>rel</span> <span class='ocrx_word' id='word_1_454' title='bbox 1282 4219 1504 4296; x_wconf 85' lang='lat' dir='ltr'>perturbatione</span> 
     </span>
     <span class='ocr_line' id='line_1_45' title="bbox 149 4298 1503 4381; baseline -0.004 -14"><span class='ocrx_word' id='word_1_455' title='bbox 149 4319 202 4379; x_wconf 89' lang='lat' dir='ltr'>eat,</span> <span class='ocrx_word' id='word_1_456' title='bbox 226 4308 278 4367; x_wconf 90' lang='lat' dir='ltr'>sed</span> <span class='ocrx_word' id='word_1_457' title='bbox 302 4308 502 4368; x_wconf 88' lang='lat' dir='ltr'>admirabilem</span> <span class='ocrx_word' id='word_1_458' title='bbox 526 4310 554 4365; x_wconf 93' lang='lat' dir='ltr'>in</span> <span class='ocrx_word' id='word_1_459' title='bbox 571 4306 628 4365; x_wconf 89' lang='lat' dir='ltr'>illis</span> <span class='ocrx_word' id='word_1_460' title='bbox 645 4306 775 4366; x_wconf 83' lang='lat' dir='ltr'>ordinent</span> <span class='ocrx_word' id='word_1_461' title='bbox 790 4316 820 4365; x_wconf 91' lang='lat' dir='ltr'>et</span> <span class='ocrx_word' id='word_1_462' title='bbox 834 4308 1051 4367; x_wconf 83' lang='lat' dir='ltr'>successionem</span> <span class='ocrx_word' id='word_1_463' title='bbox 1066 4306 1265 4364; x_wconf 80' lang='lat' dir='ltr'>demonstrant</span> <span class='ocrx_word' id='word_1_464' title='bbox 1284 4298 1503 4381; x_wconf 58' lang='lat' dir='ltr'>astronomlfll,</span> 
     </span>
     <span class='ocr_line' id='line_1_46' title="bbox 148 4388 1503 4471; baseline -0.002 -18"><span class='ocrx_word' id='word_1_465' title='bbox 148 4398 381 4455; x_wconf 73' lang='lat' dir='ltr'>circumferentes</span> <span class='ocrx_word' id='word_1_466' title='bbox 410 4394 490 4455; x_wconf 90' lang='lat' dir='ltr'>illam</span> <span class='ocrx_word' id='word_1_467' title='bbox 520 4394 636 4453; x_wconf 89' lang='lat' dir='ltr'>circulis</span> <span class='ocrx_word' id='word_1_468' title='bbox 658 4393 851 4471; x_wconf 86' lang='lat' dir='ltr'>quibusdam,</span> <span class='ocrx_word' id='word_1_469' title='bbox 879 4396 928 4469; x_wconf 95' lang='lat' dir='ltr'>qui</span> <span class='ocrx_word' id='word_1_470' title='bbox 951 4410 1003 4470; x_wconf 92' lang='lat' dir='ltr'>per</span> <span class='ocrx_word' id='word_1_471' title='bbox 1030 4392 1154 4452; x_wconf 88' lang='lat' dir='ltr'>circulos</span> <span class='ocrx_word' id='word_1_472' title='bbox 1183 4393 1258 4452; x_wconf 86' lang='lat' dir='ltr'>alios</span> <span class='ocrx_word' id='word_1_473' title='bbox 1282 4388 1503 4463; x_wconf 77' lang='lat' dir='ltr'>rolrurttur⁸⁸i,</span> 
     </span>
     <span class='ocr_line' id='line_1_47' title="bbox 148 4479 1505 4561; baseline -0.002 -20"><span class='ocrx_word' id='word_1_474' title='bbox 148 4482 199 4542; x_wconf 92' lang='lat' dir='ltr'>alli</span> <span class='ocrx_word' id='word_1_475' title='bbox 222 4486 340 4561; x_wconf 89' lang='lat' dir='ltr'>penitus</span> <span class='ocrx_word' id='word_1_476' title='bbox 363 4482 549 4551; x_wconf 88' lang='lat' dir='ltr'>immobilem,</span> <span class='ocrx_word' id='word_1_477' title='bbox 572 4482 623 4541; x_wconf 88' lang='lat' dir='ltr'>ulii</span> <span class='ocrx_word' id='word_1_478' title='bbox 646 4482 887 4555; x_wconf 85' lang='lat' dir='ltr'>tranquillissime</span> <span class='ocrx_word' id='word_1_479' title='bbox 910 4490 939 4541; x_wconf 90' lang='lat' dir='ltr'>et</span> <span class='ocrx_word' id='word_1_480' title='bbox 956 4480 1193 4555; x_wconf 86' lang='lat' dir='ltr'>aequabilissime</span> <span class='ocrx_word' id='word_1_481' title='bbox 1216 4479 1365 4541; x_wconf 86' lang='lat' dir='ltr'>eeleritate</span> <span class='ocrx_word' id='word_1_482' title='bbox 1387 4494 1505 4557; x_wconf 87' lang='lat' dir='ltr'>semper</span> 
     </span>
     <span class='ocr_line' id='line_1_48' title="bbox 149 4566 1504 4631; baseline -0.002 -2"><span class='ocrx_word' id='word_1_483' title='bbox 149 4571 253 4631; x_wconf 88' lang='lat' dir='ltr'>eadem</span> <span class='ocrx_word' id='word_1_484' title='bbox 277 4576 305 4629; x_wconf 90' lang='lat' dir='ltr'>in</span> <span class='ocrx_word' id='word_1_485' title='bbox 328 4572 503 4629; x_wconf 90' lang='lat' dir='ltr'>contrarium</span> <span class='ocrx_word' id='word_1_486' title='bbox 526 4572 675 4629; x_wconf 89' lang='lat' dir='ltr'>nitentem.</span> <span class='ocrx_word' id='word_1_487' title='bbox 722 4570 796 4628; x_wconf 82' lang='lat' dir='ltr'>b&#39;aru</span> <span class='ocrx_word' id='word_1_488' title='bbox 819 4570 893 4627; x_wconf 88' lang='lat' dir='ltr'>istae</span> <span class='ocrx_word' id='word_1_489' title='bbox 922 4566 1094 4627; x_wconf 87' lang='lat' dir='ltr'>circulorum</span> <span class='ocrx_word' id='word_1_490' title='bbox 1118 4572 1146 4625; x_wconf 92' lang='lat' dir='ltr'>iu</span> <span class='ocrx_word' id='word_1_491' title='bbox 1170 4570 1245 4627; x_wconf 89' lang='lat' dir='ltr'>alios</span> <span class='ocrx_word' id='word_1_492' title='bbox 1276 4570 1451 4628; x_wconf 89' lang='lat' dir='ltr'>insertiones</span> <span class='ocrx_word' id='word_1_493' title='bbox 1472 4574 1504 4625; x_wconf 88' lang='lat' dir='ltr'>et</span> 
     </span>
     <span class='ocr_line' id='line_1_49' title="bbox 148 4652 1504 4733; baseline -0.002 -17"><span class='ocrx_word' id='word_1_494' title='bbox 148 4660 408 4718; x_wconf 86' lang='lat' dir='ltr'>circumductiones</span> <span class='ocrx_word' id='word_1_495' title='bbox 430 4655 676 4733; x_wconf 86' lang='lat' dir='ltr'>habitudinesque</span> <span class='ocrx_word' id='word_1_496' title='bbox 699 4658 774 4716; x_wconf 89' lang='lat' dir='ltr'>inter</span> <span class='ocrx_word' id='word_1_497' title='bbox 790 4674 822 4717; x_wconf 88' lang='lat' dir='ltr'>se</span> <span class='ocrx_word' id='word_1_498' title='bbox 845 4664 947 4714; x_wconf 89' lang='lat' dir='ltr'>mutuo</span> <span class='ocrx_word' id='word_1_499' title='bbox 969 4665 998 4713; x_wconf 93' lang='lat' dir='ltr'>et</span> <span class='ocrx_word' id='word_1_500' title='bbox 1014 4654 1052 4713; x_wconf 91' lang='lat' dir='ltr'>ad</span> <span class='ocrx_word' id='word_1_501' title='bbox 1075 4672 1129 4714; x_wconf 91' lang='lat' dir='ltr'>uos</span> <span class='ocrx_word' id='word_1_502' title='bbox 1151 4656 1205 4713; x_wconf 90' lang='lat' dir='ltr'>has</span> <span class='ocrx_word' id='word_1_503' title='bbox 1229 4656 1308 4732; x_wconf 88' lang='lat' dir='ltr'>ipsas</span> <span class='ocrx_word' id='word_1_504' title='bbox 1332 4652 1504 4715; x_wconf 87' lang='lat' dir='ltr'>altitudines</span> 
     </span>
     <span class='ocr_line' id='line_1_50' title="bbox 149 4741 1502 4821; baseline -0.001 -16"><span class='ocrx_word' id='word_1_505' title='bbox 149 4755 177 4805; x_wconf 91' lang='lat' dir='ltr'>et</span> <span class='ocrx_word' id='word_1_506' title='bbox 201 4745 393 4815; x_wconf 85' lang='lat' dir='ltr'>lurntilitates,</span> <span class='ocrx_word' id='word_1_507' title='bbox 425 4760 502 4819; x_wconf 91' lang='lat' dir='ltr'>quac</span> <span class='ocrx_word' id='word_1_508' title='bbox 524 4745 609 4803; x_wconf 89' lang='lat' dir='ltr'>uobis</span> <span class='ocrx_word' id='word_1_509' title='bbox 632 4754 789 4821; x_wconf 87' lang='lat' dir='ltr'>apparent,</span> <span class='ocrx_word' id='word_1_510' title='bbox 819 4741 1064 4817; x_wconf 87' lang='lat' dir='ltr'>latitudinumque</span> <span class='ocrx_word' id='word_1_511' title='bbox 1091 4746 1321 4819; x_wconf 89' lang='lat' dir='ltr'>pennatatlones</span> <span class='ocrx_word' id='word_1_512' title='bbox 1349 4760 1407 4802; x_wconf 92' lang='lat' dir='ltr'>una</span> <span class='ocrx_word' id='word_1_513' title='bbox 1435 4758 1502 4803; x_wconf 77' lang='lat' dir='ltr'>eun</span> 
     </span>
     <span class='ocr_line' id='line_1_51' title="bbox 148 4826 1503 4909; baseline -0.004 -14"><span class='ocrx_word' id='word_1_514' title='bbox 148 4834 396 4895; x_wconf 79' lang='lat' dir='ltr'>circumitionibus</span> <span class='ocrx_word' id='word_1_515' title='bbox 418 4832 484 4909; x_wconf 86' lang='lat' dir='ltr'>ejus</span> <span class='ocrx_word' id='word_1_516' title='bbox 505 4832 666 4893; x_wconf 73' lang='lat' dir='ltr'>ucuudum</span> <span class='ocrx_word' id='word_1_517' title='bbox 689 4830 911 4909; x_wconf 83' lang='lat' dir='ltr'>longitudinem,</span> <span class='ocrx_word' id='word_1_518' title='bbox 933 4830 1172 4892; x_wconf 81' lang='lat' dir='ltr'>utitetostsuma</span> <span class='ocrx_word' id='word_1_519' title='bbox 1198 4826 1425 4909; x_wconf 72' lang='lat' dir='ltr'>exprimunt⁸⁴h</span> <span class='ocrx_word' id='word_1_520' title='bbox 1465 4828 1503 4889; x_wconf 74' lang='lat' dir='ltr'>Et</span> 
     </span>
    </p>
   </div>
   <div class='ocr_carea' id='block_1_5' title="bbox 0 0 1658 5534">
    <p class='ocr_par' dir='ltr' id='par_1_9' title="bbox 0 0 1658 5534">
     <span class='ocr_line' id='line_1_52' title="bbox 0 0 1658 5534; baseline 0 0"><span class='ocrx_word' id='word_1_521' title='bbox 0 0 1658 5534; x_wconf 95' lang='lat' dir='ltr'> </span> 
     </span>
    </p>
   </div>
  </div>
 </body>
</html>
