3308 5534
308 460 312 467 Ι
376 386 556 447 sinuatum
574 385 712 446 Historiae
728 385 919 444 Astronomlaa
936 382 1030 443 seculo
1047 382 1123 445 XVI.

305 741 946 843 Διιιι.),ιιι.ι11ιη.ι.ι...ῃ;.;
1063 746 1069 760 ι
1125 743 1196 760 Ι.

304 853 338 900 Et
356 850 424 899 bino
431 846 667 914 prostbaphtarasts
684 850 790 900 secundi
807 849 917 918 aplcyeli
943 884 950 900 .

306 921 396 983 Scrup.
413 934 478 984 prop
480 949 951 975 ............

306 995 396 1041 Anum.
416 991 548 1053 vera).
584 1026 593 1042 .
629 1028 638 1045 .

303 1060 455 1124 Prostbapb.
474 1061 550 1125 primi
568 1060 726 1124 epicycll

304 1133 428 1180 Excessus
455 1164 948 1187 ............

204 1221 207 1226 ·
304 1202 343 1250 Da
361 1214 466 1249 excessu
495 1233 948 1258 ...........
1129 1232 1135 1247 .
1190 1239 1194 1248 .

303 1271 451 1334 Prostbapb.
469 1271 545 1334 primi
564 1271 671 1335 epicycli
689 1272 808 1323 absoluta
849 1311 857 1327 .
896 1308 904 1325 .
1001 1307 1008 1321 .
1063 1307 1071 1325 .
1127 1307 1133 1321 .
1219 1304 1226 1319 .

301 1341 369 1411 litet.
396 1341 496 1403 ΝΘ
535 1377 586 1392 ..

304 1432 766 1495 Ἰιιιι)ιΘ......
850 1376 1197 1486 Ξ.

301 1502 385 1551 Motus
402 1502 500 1551 medius
520 1503 588 1565 Q.
625 1541 634 1559 .
806 1542 813 1556 .
849 1543 857 1560 ,
893 1540 901 1556 .
938 1540 944 1553 .

302 1574 369 1629 Vera
386 1574 526 1637 praecessio
544 1575 635 1638 aequin
638 1610 945 1629 ........

303 1660 384 1710 Verus
411 1662 462 1724 J).
500 1699 506 1712 .
542 1699 549 1712 .

180 1744 257 1814 Ergo
276 1744 425 1815 (loperuico
445 1750 470 1812 Ι)
486 1744 558 1800 furt
550 1762 577 1800 ιι
591 1747 677 1802 1422
692 1701 737 1802 22
746 1754 792 1812 Π.
827 1748 887 1802 Ηιι
902 1762 966 1801 vero
940 1699 1151 1815 aTycbonls
1170 1751 1246 1799 motu
1258 1740 1341 1799 effato
1354 1741 1434 1812 quasi

128 1846 156 1887 us
171 1826 225 1888 diei
238 1838 316 1888 motu
327 1829 413 1888 abest
438 1832 476 1887 Et
494 1833 518 1887 si
536 1833 563 1886 in
581 1849 636 1888 ιιι
656 1833 699 1889 die
718 1834 871 1889 aberratum
885 1833 1079 1895 existimamus
1096 1838 1188 1888 tamen
1200 1830 1283 1886 rerba
1294 1828 1432 1901 'lbcbonls

128 1923 305 1989 ecougrnunt
324 1916 429 1974 calculo
449 1918 592 1990 (loperniol
611 1920 684 1990 (24..)

179 2006 242 2062 Vll.
262 2005 362 2062 Attulit
378 2006 447 2062 mibi
457 2005 567 2076 quidam
585 2006 720 2063 calculum
739 2007 848 2078 eclipsis
865 2006 978 2078 lunaris,
996 2023 1031 2063 ex
1043 2005 1182 2076 Tyclronls
1195 2002 1311 2061 decretis
1324 2003 1432 2059 desum·

128 2110 146 2164 ι,
162 2094 226 2150 anni
245 2092 404 2157 eurr-1602
421 2108 515 2149 menso
533 2094 674 2164 Augusto,
698 2095 722 2148 si
739 2093 763 2148 is
781 2106 835 2148 uon
854 2094 954 2149 erravit
971 2094 999 2149 in
1018 2092 1123 2149 calculo
1143 2094 1208 2163 ι25),
1226 2098 1292 2148 tunc
1309 2089 1435 2148 similiter

128 2180 227 2249 »qnasi
244 2180 290 2235 die
307 2179 386 2236 abest
403 2187 513 2249 tempus
530 2180 599 2236 illud
622 2181 658 2232 00
680 2198 696 2237 a
714 2182 782 2238 Tab.
801 2180 963 2237 Prutenicis.

179 2267 256 2324 VIII.
276 2268 332 2323 Sub
351 2268 429 2322 initio
447 2267 496 2322 iol.
514 2271 549 2323 56
567 2268 675 2324 videtur
687 2269 781 2339 Tyoho
800 2269 833 2331 (si
851 2268 931 2324 modo
949 2276 1023 2326 recte
1035 2268 1122 2339 ipsius
1134 2269 1219 2324 rerba
1230 2265 1353 2322 intellexi
1365 2265 1435 2329 (26))

128 2354 208 2411 rebam
226 2362 351 2410 motuum
370 2362 491 2412 statuere
508 2354 649 2410 meridiem
667 2355 748 2424 primi
766 2354 820 2412 diei
837 2356 971 2425 ianuarii,
989 2373 1006 2412 a
1024 2372 1078 2427 quo
1096 2361 1160 2412 ante
1179 2361 1207 2410 et
1224 2362 1297 2408 retro
1315 2353 1436 2422 reliquas

128 2440 221 2497 linarlt
255 2440 360 2497 Notum
378 2448 429 2511 est,
449 2450 629 2512 asmonomos,
648 2443 697 2511 qui
709 2459 725 2497 a
736 2443 850 2498 meridie
868 2443 927 2499 dies
939 2453 1091 2507 numerant,
1109 2440 1260 2509 intelligere
1277 2440 1305 2494 iu
1324 2438 1436 2494 meridie

128 2526 181 2586 lan.
199 2530 317 2585 eundem
337 2528 407 2584 diem
424 2529 541 2599 primum
560 2530 690 2599 compleri
708 2538 736 2585 et
754 2531 860 2586 inltlum
879 2547 940 2588 esse
958 2529 1071 2587 secundi
1090 2529 1143 2585 diei
1162 2529 1232 2590 (27.)
1269 2526 1436 2598 Oopernicua

128 2632 149 2671 n
164 2632 240 2671 more
257 2616 382 2672 Romano
407 2617 479 2672 cirili
501 2617 613 2672 inchoat
630 2634 647 2673 a
664 2616 754 2673 media
771 2626 852 2674 nocte
873 2618 1056 2689 praecedente
1080 2616 1161 2678 (diem
1183 2630 1223 2671 sc.
1242 2612 1433 2679 artificialem).

128 2703 218 2777 Tycbo
235 2704 341 2759 initium
360 2707 384 2758 1.
404 2705 466 2759 Jan.
484 2703 543 2758 rnlt
560 2719 622 2759 esse
640 2703 779 2760 meridiem
797 2706 919 2775 ejusdem
933 2704 993 2774 diei,
1012 2704 1121 2761 ridetur
1132 2719 1149 2759 a
1162 2702 1298 2759 communi
1316 2701 1434 2756 omnium

128 2804 293 2847 mnomornm
304 2806 379 2845 more
392 2790 530 2848 recedere.
561 2791 665 2846 Vellem
678 2807 756 2860 ergo,
774 2788 805 2847 ut
818 2791 989 2863 explicentur
1007 2791 1054 2846 ills
1072 2790 1156 2845 rerba
1174 2789 1248 2845 citati
1266 2786 1329 2846 loci.
1364 2788 1436 2843 Puto

128 2892 180 2946 eu,
206 2876 348 2932 evidenter
365 2878 504 2947 exipsius
523 2879 699 2934 citationibus
724 2895 786 2935 aum
809 2878 933 2936 convinci
956 2893 1052 2950 posse,
1078 2876 1151 2948 quod
1168 2877 1197 2934 ln
1220 2874 1345 2947 plurimis
1368 2872 1436 2932 loeis

128 2962 212 3021 muni
228 2972 449 3020 astronomorum
467 2981 543 3021 more
561 2966 691 3036 loquatur
708 2966 780 3031 (28.)

128 3148 361 3207 ιιιιιιιιιιοι
383 3150 524 3219 Kepleri
548 3149 594 3207 ad
616 3149 902 3218 „Dubitationestt
926 3148 971 3206 de
992 3147 1189 3207 Luueribus
1212 3147 1398 3219 uychonm.

182 3284 212 3361 ι)
234 3285 305 3345 Ηιι
326 3285 406 3359 dicit,
429 3303 461 3345 se
485 3285 584 3344 multis
608 3286 864 3348 observationibus
879 3286 1026 3361 edoctum,
1049 3284 1153 3346 Lunae
1175 3292 1272 3344 motus
1294 3302 1354 3346 non
1376 3287 1433 3346 ob-

128 3388 241 3449 rperara
265 3375 435 3449 aequationi
459 3375 594 3445 usitatae,
617 3376 674 3433 nisi
697 3369 843 3450 quatenus
865 3394 884 3434 a
906 3373 985 3434 Solis
1008 3390 1079 3433 varo
1102 3381 1184 3432 motu
1206 3372 1401 3448 dependeant.

182 3460 216 3537 2)
239 3459 343 3537 Tycbo
366 3460 577 3520 absurditatem
600 3459 686 3520 diluit
709 3462 835 3522 obscura
855 3464 1009 3539 opinione,
1039 3460 1116 3533 banc
1139 3459 1299 3520 secundem
1321 3479 1434 3538 aequa·

128 3548 166 3607 ris
186 3556 303 3624 partem
325 3548 459 3607 fcnmsis
488 3548 638 3607 absorberi
661 3568 679 3607 a
701 3549 780 3609 Solis
804 3567 873 3609 sero
895 3558 987 3609 motu.
1031 3547 1138 3624 Itaque
1166 3565 1224 3608 non
1248 3547 1316 3608 huic
1338 3566 1435 3626 oppo-

131 3638 155 3694 ti
177 3635 291 3708 solnm,
320 3635 373 3695 sed
394 3634 481 3711 louge
504 3638 584 3712 prius
606 3638 662 3711 ipsi
685 3637 819 3714 Tyclroui
843 3640 907 3696 visa
930 3645 975 3696 est
1001 3653 1047 3695 res
1069 3635 1249 3712 perabsurda
1276 3645 1307 3696 et
1334 3636 1432 3714 digna,

128 3723 214 3799 eujus
237 3740 345 3783 causas
368 3726 547 3799 inquiratur:
571 3722 650 3799 quod
673 3723 728 3783 lrac
751 3726 816 3784 vice
839 3741 899 3784 non
920 3735 1057 3783 accurate
1079 3731 1226 3800 praestare
1250 3726 1354 3800 potuit,
1378 3726 1435 3785 ob·

128 3813 215 3872 ritate
237 3811 280 3872 rei
304 3811 502 3888 praepeditus.
548 3810 653 3886 ltaque
677 3811 839 3873 uberiorem
863 3820 1019 3871 tractatum
1034 3811 1183 3886 pollicitus
1207 3820 1252 3871 est
1275 3811 1335 3873 alio
1357 3819 1434 3871 tem-

128 3916 152 3960 e.
198 3896 279 3957 Nam
302 3902 333 3956 iu
355 3907 418 3959 tota
440 3898 496 3957 bac
518 3900 683 3975 pragmatia
705 3916 777 3958 usus
792 3910 838 3959 est
851 3917 940 3976 opera
957 3897 1274 3972 Christiani-Severini,
1298 3900 1433 3977 ancujus

143 3985 289 4061 loquitur,
313 3987 375 4061 ipse
397 3988 537 4060 gravibus
561 3988 636 4044 curis
660 3986 817 4062 impeditus
840 3987 903 4046 luit.

177 4076 214 4149 8)
237 4073 362 4133 Fecerat
389 4072 419 4131 id
443 4073 639 4149 Witebergae.
684 4074 788 4133 Exstat
818 4074 915 4134 adbuc
940 4074 1084 4149 impressa
1111 4072 1163 4132 illa
1186 4075 1352 4147 restitutlo,
1382 4075 1432 4134 ubi

128 4159 208 4223 ellus
231 4176 349 4219 annuus
372 4161 427 4219 hac
451 4160 486 4220 do
509 4178 600 4219 eausa
621 4171 737 4236 praeter
751 4178 811 4234 eos,
836 4178 910 4236 quos
925 4160 1027 4219 ultimo
1042 4162 1172 4233 retinuit,
1196 4160 1250 4219 luit
1270 4161 1431 4223 adhibitus

176 4249 213 4323 4)
239 4245 319 4322 Quia
341 4258 482 4324 quantum
505 4257 575 4307 tunc
597 4246 689 4307 altera
711 4266 780 4324 pars
802 4250 989 4325 aequationis
1005 4244 1107 4326 (quam
1124 4249 1227 4308 ultimo
1243 4246 1355 4329 omisit)
1376 4249 1432 4310 ad-

128 4342 177 4409 at,
209 4342 328 4396 tautum
355 4336 414 4395 iore
444 4334 577 4395 circellus
601 4353 716 4394 annrrus
740 4339 867 4395 vicissim
891 4336 1053 4395 auferebat.
1099 4336 1182 4395 Fecit
1204 4338 1293 4412 igitur
1315 4354 1431 4415 operae,

128 4422 179 4483 mli
210 4429 377 4500 captusque
405 4422 626 4500 compendium·
657 4433 687 4482 ot
714 4425 743 4480 in
775 4424 914 4483 obscuras
942 4425 1127 4499 suspiciones
1157 4423 1194 4484 de
1223 4440 1314 4486 eausa
1342 4425 1431 4503 hujus

128 4528 191 4572 uae
216 4512 467 4586 compensationis
490 4511 625 4569 inductus
647 4511 710 4569 luit.

177 4599 212 4676 b)
235 4596 342 4676 'l'yobo
366 4606 443 4658 certe
468 4615 525 4657 nou
539 4600 674 4672 nescirit,
700 4596 771 4675 quid
795 4604 871 4656 osset
893 4599 1032 4673 aequatio
1048 4599 1197 4676 temporis.
1235 4598 1339 4659 Posuit
1354 4603 1432 4659 enim

128 4687 134 4743 i
159 4685 275 4762 iustam
306 4690 446 4762 temporis
473 4689 693 4762 aequationem,
727 4683 845 4761 qualem
875 4686 950 4744 ratio
980 4684 1080 4745 dictat.
1130 4685 1319 4762 Expectantia
1352 4694 1431 4747 certe

128 4790 170 4834 rm
196 4791 261 4833 non
293 4775 404 4848 coegit,
436 4775 464 4830 in
488 4773 556 4832 Sole
586 4773 727 4833 adhibere
755 4780 867 4848 partem
894 4776 1080 4850 aequationis
1110 4775 1139 4832 in
1162 4773 1247 4833 launa
1275 4776 1429 4848 omissam

128 4863 193 4923 dum
215 4860 329 4927 subtile
350 4869 409 4937 est,
442 4860 521 4939 quod
543 4863 573 4921 in
595 4861 667 4923 Sola
688 4877 740 4939 per
761 4876 827 4925 eam
855 4858 989 4929 edicitur.
1034 4859 1148 4946 Quodsi
1172 4862 1330 4940 oeaclamt,
1358 4859 1431 4941 quld
