3308 5534
476 417 589 494 llepIeri
605 420 747 482 literarum
763 419 856 482 studia
872 425 902 479 et
919 416 1053 485 roenna
1352 417 1437 495 1027

84 618 144 682 que
166 603 363 664 instauratore
386 603 451 679 ejus
474 605 545 664 artis
568 602 723 665 defendere
746 609 798 665 aut
819 602 970 681 'lychonis
992 602 1102 680 placite
1124 601 1334 727 (iopemieauis
1355 612 1440 667 ante-

78 710 191 771 ponere
213 692 311 751 conati
334 698 412 753 sunt.
436 725 478 734 -

186 778 315 857 Augias·
331 777 525 838 deremias
554 779 815 852 Horroccius,
848 775 969 853 Kepleri
998 781 1196 838 astronomiae
1219 778 1437 841 addictissimus

78 866 144 945 (qui
168 883 246 927 anno
272 872 364 927 1641.
390 872 417 926 ii.
441 865 511 928 Jan.
538 873 744 948 „praematura
770 873 865 926 morte
896 860 1032 940 juvenis“
1067 867 1141 925 obiit
1168 867 1224 931 sub
1253 870 1360 929 aetatis
1382 884 1438 927 an·
1474 918 1477 925 .

78 970 153 1013 num
179 951 255 1033 se),
287 971 374 1029 quem
403 952 527 1012 laudant
555 958 585 1012 in
621 957 817 1015 astronomiae
851 953 974 1012 historia
1003 954 1112 1012 versati
1147 952 1186 1013 ad
1215 970 1306 1013 uuum
1337 952 1437 1016 omnes

80 1043 113 1100 in
135 1041 345 1101 mathematica
368 1048 398 1100 et
420 1044 599 1100 aeconomia
614 1043 845 1102 versatissimum
869 1049 899 1100 et
920 1039 1013 1098 libero
1029 1041 1203 1117 sinceroque
1222 1041 1336 1119 judicio
1350 1059 1439 1119 praa-

82 1131 305 1201 etantisslmum,
329 1128 403 1187 baec
426 1128 462 1188 de
477 1129 599 1205 Keplerl
613 1129 750 1206 Epitome
772 1135 803 1188 et
826 1126 892 1186 aliis
915 1127 1054 1202 operibus
1076 1130 1185 1205 scripta
1199 1130 1331 1206 reliquit:
1358 1129 1438 1211 „Le-

80 1224 154 1293 gunt
176 1217 310 1291 studiosi,
335 1218 384 1291 qui
402 1219 553 1275 veritatem
569 1226 723 1293 quaerunt,
747 1214 868 1292 chleri
884 1215 1101 1273 Astronomiam
1118 1216 1274 1293 Plrysicam
1290 1219 1318 1274 in
1336 1217 1438 1276 Coma

79 1306 292 1363 mensariis
317 1302 360 1361 de
389 1311 489 1362 motu
513 1303 655 1363 Martis
686 1312 716 1363 et
742 1303 941 1380 Epitomen
973 1300 1052 1376 ejus
1076 1303 1346 1377 Astronomiae
1370 1304 1437 1365 Go-

78 1392 325 1469 pernicsnae‚
350 1399 379 1449 et
402 1407 459 1449 non
484 1391 586 1450 dubito
610 1393 680 1466 qnia
703 1390 809 1450 exinde
829 1384 1072 1466 jucundissimum
1095 1389 1208 1450 solidae
1230 1390 1437 1468 philosophica

80 1478 252 1537 thesaurum
268 1480 412 1553 captaturi
428 1480 495 1550 sint,
512 1477 698 1537 divinissima
715 1495 802 1538 verae
816 1479 979 1554 sapientiae
995 1478 1136 1535 varietate
1152 1477 1314 1553 florentem,
1338 1486 1437 1539 nectar

79 1570 112 1625 et
134 1565 311 1624 ambrosiam
339 1568 515 1625 suavissime
542 1567 700 1641 spirantem
704 1607 835 1626 ......
880 1564 1028 1623 Successit
1059 1569 1193 1636 (Tycham)
1222 1565 1436 1626 divinissimum

79 1651 204 1729 Kepleri
226 1654 392 1727 ingenium,
425 1654 480 1710 riri
504 1651 541 1711 ad
564 1651 667 1712 abdita
689 1660 812 1712 naturae
835 1650 1016 1711 enucleanda
1042 1652 1119 1722 nati,
1152 1653 1202 1726 qui
1226 1670 1262 1712 ex
1285 1653 1437 1732 Tycbouis

79 1740 338 1799 observationibus
369 1741 576 1799 astronomiam
608 1757 718 1800 noram
746 1738 871 1799 condere
899 1754 1057 1814 aggressus
1088 1745 1132 1796 est
1160 1755 1285 1816 eamque
1312 1739 1444 1801 ieliciter·

81 1826 213 1886 absolvit
237 1827 323 1887 editis
346 1826 505 1885 Tabulis
528 1827 797 1903 Rndolpbinis,
828 1827 935 1904 quibus
965 1840 1114 1901 nunquam
1144 1841 1229 1901 pares
1252 1827 1305 1887 Sol
1336 1827 1434 1888 adbuc
1541 1840 1547 1855 ·

79 1913 167 1973 vidit.
215 1913 251 1972 Et
273 1914 392 1990 quidem
414 1917 442 1971 in
468 1916 603 1972 omnibus
626 1914 701 1975 adeo
725 1913 838 1974 erudite
860 1914 1056 1972 astronomica
1079 1915 1233 1985 tractarit,
1265 1922 1299 1975 ut
1320 1926 1436 1992 semper

79 2002 153 2061 mibi
176 2018 347 2077 persuasum
370 2002 466 2073 inerit,
490 2020 556 2060 cum
580 2005 678 2061 omnia
699 2002 818 2076 babere,
841 2002 892 2078 qui
914 1999 1005 2059 habet
1025 1998 1216 2075 Kepicrum.“

190 2088 245 2148 His
270 2091 366 2147 verbis
382 2089 480 2164 Angli,
504 2093 665 2164 praestanti
685 2090 806 2165 Juvenis
829 2089 961 2164 ingenio,
986 2084 1172 2162 adjungimus
1195 2087 1305 2147 dictum
1327 2106 1430 2149 recen·

79 2178 164 2234 tloris
187 2176 313 2234 bominis
336 2175 414 2234 docti
437 2174 727 2253 (Franco-Gaiiibl.
752 2174 922 2250 Bertrend),
947 2176 997 2248 qui
1021 2176 1050 2231 in
1072 2182 1201 2234 extremo
1224 2174 1340 2249 libello,
1372 2193 1431 2254 quo

79 2262 117 2321 de
133 2262 260 2338 Kepiero
284 2265 428 2338 exposuit,
451 2262 559 2322 baecce
575 2265 704 2339 scripsit:
730 2263 895 2339 „Kepierus
918 2279 1008 2338 quum
1024 2260 1061 2319 ad
1077 2260 1225 2322 literarum
1248 2262 1377 2323 studium
1400 2280 1432 2325 se

78 2351 231 2409 conterens
253 2368 333 2408 mera
356 2352 579 2410 ratiocinatione
602 2368 710 2411 arcana
732 2358 854 2409 naturae
877 2350 1077 2425 pervestigare
1099 2365 1186 2424 posse
1202 2351 1258 2410 sibi
1276 2350 1431 2427 videretur,

77 2437 172 2519 breui,
197 2455 255 2513 quo
280 2445 342 2496 erat
364 2436 477 2496 ardenti
501 2445 530 2496 ct
552 2440 665 2496 sincero
689 2440 820 2496 veritatis
843 2436 949 2508 studio,
973 2434 1004 2492 id
1027 2443 1141 2495 tentum
1165 2455 1218 2513 pro
1241 2446 1321 2497 certo
1337 2439 1432 2498 babe-

76 2524 140 2596 bat,
164 2523 243 2601 quod
268 2526 390 2602 probare
413 2532 522 2600 posset.
568 2525 661 2600 igitur
690 2539 804 2602 semper
833 2533 954 2600 paratus
986 2530 1047 2581 erat
1070 2531 1182 2583 mutare
1204 2527 1380 2584 senteutiam
1402 2535 1432 2584 et

77 2629 155 2688 quas
177 2614 302 2670 maxime
325 2613 446 2671 larebat
469 2614 621 2687 opiniones
644 2613 804 2684 remittere,
835 2614 859 2670 si
883 2629 913 2671 re
938 2610 1106 2685 diligentius
1135 2615 1283 2687 pensitato
1312 2622 1432 2672 senten·

76 2701 151 2757 tiam
173 2716 256 2757 suam
279 2701 457 2773 argumentis
479 2700 610 2759 stabilire
633 2717 691 2757 non
714 2707 823 2776 posset.
869 2698 978 2758 Verum
1001 2714 1091 2773 quum
1114 2715 1172 2757 uon
1196 2701 1361 2760 intermissa
1384 2703 1431 2758 iu·

75 2788 238 2862 quisitione
261 2786 488 2845 confirmabatur
509 2786 551 2859 id,
583 2786 663 2863 quod
692 2793 836 2846 statuerat
859 2793 888 2846 et
910 2788 1007 2845 animo
1031 2795 1233 2862 praeceperat,
1257 2787 1354 2846 laetus
1377 2805 1431 2847 ex·

74 2872 196 2951 plorata
224 2866 346 2933 veritate
369 2872 543 2941 'exsultabat
570 2872 678 2947 gaudio
702 2881 731 2933 et
753 2864 923 2933 ardentibus
954 2871 1051 2932 verbis
1082 2875 1172 2931 animi
1203 2876 1429 2934 commotionem

76 2962 239 3037 aperiebat.
268 2960 338 3020 Jam
362 2979 431 3021 reru
448 2960 590 3036 dignitate
613 2960 664 3019 iila
687 2969 716 3021 et
738 2963 893 3037 gravitate,
917 2977 977 3035 qua
1000 2962 1093 3017 oratio
1110 2960 1174 3034 ejus
1190 2962 1318 3037 assurgit
1335 2964 1432 3037 viget·

75 3066 154 3125 que,
178 3049 374 3107 alienissimus
390 3056 452 3107 erat
467 3067 484 3106 a
502 3051 631 3108 vanitate
646 3057 675 3106 ct
689 3049 766 3107 laetu
782 3047 850 3119 iilo,
875 3065 962 3122 quem
985 3063 1054 3122 prae
1067 3064 1098 3106 se
1121 3048 1194 3107 lerre
1225 3048 1302 3108 solet
1325 3049 1432 3126 vulgus

74 3152 173 3194 noras
196 3154 242 3194 res
272 3138 494 3195 invenientium.
541 3136 614 3195 Narn
638 3142 670 3193 ut
692 3138 720 3192 in
745 3134 925 3210 inquirendis
957 3136 1044 3194 rebus
1076 3134 1153 3193 elato
1183 3130 1347 3212 audacique
1370 3143 1433 3195 eret

76 3224 187 3295 animo,
212 3225 252 3280 ite
275 3240 305 3282 re
329 3223 402 3282 bane
426 3231 510 3298 gesta
533 3223 676 3282 modestia
700 3223 836 3281 utebatur
859 3239 1010 3299 ovansque
1032 3220 1146 3280 laetitia
1169 3222 1234 3282 Deo
1257 3223 1313 3281 soii
1336 3224 1431 3282 hono-

75 3326 139 3368 rem
163 3309 320 3369 deicrebat.
353 3310 422 3368 Erat
444 3327 568 3384 magnus
591 3317 619 3370 et
641 3326 801 3385 generosus
824 3310 949 3368 bominis
972 3310 1087 3368 animus
1110 3308 1184 3369 iiber
1205 3310 1244 3369 ab
1267 3313 1346 3370 omni
1366 3328 1432 3370 aru·

75 3397 190 3456 bitione
214 3404 244 3454 et
267 3399 417 3470 inanitate,
441 3405 474 3455 ut
495 3414 590 3473 neque
613 3396 739 3457 honores
762 3414 857 3473 neque
872 3398 995 3473 plausus
1011 3405 1149 3472 captaret,
1173 3406 1262 3473 atque
1284 3398 1359 3457 adeo
1374 3415 1432 3457 nou

76 3500 112 3544 se
134 3485 336 3560 praeponebat
359 3486 406 3555 iis,
435 3485 609 3560 quibuscum
632 3501 683 3560 per
704 3485 804 3542 literas
828 3483 1062 3561 colloquebatur,
1092 3484 1258 3544 bominibus
1282 3486 1433 3546 oblivione

73 3572 141 3655 jans
165 3572 291 3644 obrutis,
315 3579 348 3629 ut
370 3589 484 3648 semper
506 3590 538 3631 sc
562 3573 713 3648 praeberet
736 3571 933 3631 verecundum
949 3579 977 3631 et
992 3588 1106 3630 summa
1121 3572 1309 3632 observantia
1331 3589 1435 3649 prose·

77 3667 219 3735 queretur
242 3658 430 3717 Maestlinum
459 3667 676 3736 praeceptorem
708 3660 855 3735 qnondam
877 3677 977 3731 suum,
1011 3658 1094 3733 cujus
1117 3657 1235 3733 quidem
1257 3661 1345 3718 unica
1367 3658 1433 3718 laus

76 3748 119 3805 sit
142 3746 230 3805 talem
253 3747 392 3805 habuisse
417 3746 601 3822 discipulum.
648 3746 709 3804 Nec
732 3749 776 3804 vir
798 3762 937 3817 summus,
962 3748 1011 3822 qni
1036 3746 1170 3804 unanimis
1192 3748 1280 3805 rebus
1302 3747 1431 3805 inventis

77 3833 256 3905 inclaruerit,
280 3842 332 3892 aut
356 3835 405 3892 ubi
430 3833 626 3894 descendebat
649 3833 800 3908 alostigio
824 3835 1035 3907 cogitationum
1057 3850 1175 3892 suorum
1198 3850 1264 3892 cum
1286 3835 1432 3908 angustiis

76 3922 367 3996 necessitatibusque
391 3924 469 3980 vitae
493 3922 720 3992 conflictaturus,
745 3930 796 3979 aut
812 3921 861 3979 ubi
877 3920 980 3980 laudes
1003 3937 1072 3978 suas
1089 3919 1209 3979 videbat
1231 3918 1278 3979 rel
1302 3920 1429 3995 ignorari

77 4007 159 4070 rel
153 4011 325 4110 impugnari,
349 4026 477 4084 unquam
502 4009 742 4085 conquerebatur,
764 4011 828 4068 eine
851 4009 966 4067 lronritu
989 4015 1019 4067 et
1041 4008 1227 4083 aegrimonia,
1252 4008 1313 4065 suis
1330 4016 1362 4065 ut
1376 4024 1431 4067 ne·

76 4097 237 4156 cessarium
263 4098 372 4154 rictum
395 4105 590 4173 compararet,
626 4096 842 4173 qualiacunque
872 4097 928 4155 sibi
958 4094 1096 4154 mandata
1120 4096 1238 4171 negotia
1261 4095 1432 4213 simpliciter

73 4185 251 4258 suscipiens.

186 4269 314 4346 Legibus
330 4269 515 4345 Kepicrianis
539 4278 678 4345 tanquam
695 4269 859 4329 firmissimo
883 4276 912 4328 et
933 4268 1124 4328 stabilissime
1146 4269 1334 4329 fundamento
1357 4225 1430 4329 niti·

77 4365 128 4416 tur
151 4367 314 4416 nostrorum
339 4367 502 4432 temporum
526 4360 718 4432 astronomia,
749 4358 786 4415 ad
810 4355 967 4415 earundem
991 4355 1200 4415 immutabilem
1224 4364 1431 4431 aeternamque

76 4460 211 4502 normam
236 4448 329 4503 curnis
351 4453 494 4502 astrorum
517 4451 613 4501 motus
637 4445 815 4519 compositus
837 4450 890 4501 est.
920 4443 977 4501 llio
999 4460 1086 4502 nemo
1102 4443 1267 4502 mortalium
1282 4441 1432 4520 autplnra

76 4533 197 4608 scripsit
219 4539 270 4590 aut
291 4532 404 4606 majora
426 4531 545 4600 detexit,
569 4529 620 4589 sed
644 4530 720 4588 idem
744 4547 831 4606 quarn
852 4530 943 4606 longa
968 4547 1113 4607 quamque
1136 4547 1241 4608 aspera
1263 4532 1312 4589 via
1334 4539 1431 4590 mutas

77 4636 127 4679 res
151 4627 302 4678 assecutus
326 4622 371 4690 sit,
396 4619 482 4694 pauci
505 4621 609 4676 sciunt.
656 4617 747 4693 Cujus
770 4635 805 4677 ex
828 4617 923 4691 libris,
948 4636 1022 4694 quos
1045 4617 1153 4677 multos
1174 4619 1303 4694 scripsit,
1331 4617 1430 4678 nullus

77 4704 119 4765 ad
143 4722 286 4764 summam
310 4705 391 4762 illam
414 4713 545 4763 veterum
569 4707 742 4781 scriptorum
765 4704 882 4765 laudem
905 4708 1048 4782 pervenit,
1071 4722 1125 4764 nec
1147 4707 1167 4763 ii
1189 4705 1277 4764 hodic
1293 4704 1348 4763 nisi
1362 4720 1429 4764 raro

75 4792 225 4868 leguntur.
264 4792 373 4852 Verum
398 4795 474 4852 enim
498 4809 568 4852 vero
591 4793 685 4868 gloria
707 4795 762 4852 riri
783 4795 963 4869 sempiterne
986 4802 1029 4853 est
1053 4803 1082 4853 et
1105 4795 1133 4849 in
1157 4795 1221 4869 ipso
1244 4794 1328 4868 quasi
1344 4790 1432 4859 coeit>¹

76 4881 232 4958 iuscripta,
256 4898 345 4958 quem
367 4898 422 4942 uec
443 4881 614 4941 imminuent
635 4889 687 4940 aut
709 4881 907 4942 obscurabunt
922 4881 1001 4942 ullae
1024 4879 1196 4960 disciplinae
1211 4881 1429 4958 progressiones

1166 4979 1222 5036 ὅδ’
