3308 5534
198 350 241 421 68
762 346 876 405 Jounnis
896 349 1007 421 liepleri

201 534 297 593 einum
322 538 425 591 exacta
448 527 628 590 rotunditate
637 524 690 605 ²⁴),
714 529 792 607 quod
815 528 1010 590 funiculorum
1032 531 1214 608 aequalitate
1236 551 1254 591 a
1277 531 1398 591 censali
1421 529 1492 609 palo
1506 548 1560 592 ex·

200 629 349 680 tensorum
373 614 651 694 corrsequunluris’l.
696 617 763 678 Hoc
786 628 873 696 paeto
896 618 941 691 lit,
966 628 1078 677 utnon
1102 620 1181 677 lassa
1203 628 1315 678 tantum
1338 619 1482 696 profunde
1504 618 1560 677 ad-

200 707 320 765 modum
343 708 382 765 sit
405 705 560 781 depressa,
591 705 643 765 sed
667 710 756 766 etiam
788 716 917 765 centrum
947 706 1046 782 oppidi
1078 705 1167 765 veluti
1195 707 1350 766 umbilicus
1374 708 1483 766 ventris
1506 723 1561 764 cr·

202 796 392 853 tumescentis
415 796 444 851 in
468 795 595 868 speciem
619 793 741 853 lacunae
766 793 918 852 dehiscens
941 791 1147 872 spectetur²⁶),
1171 802 1234 853 toto
1257 796 1492 853 circumambita
1509 810 1561 869 per

201 885 419 940 acervationem
450 883 589 939 materiae
619 900 653 939 cx
677 883 755 939 iussa
779 890 897 953 egestae
926 879 1006 939 elato
1034 884 1062 938 in
1086 878 1237 957 altum²⁷).
1282 882 1357 940 Nam
1380 899 1399 941 s
1421 882 1501 940 lassa
1523 878 1561 938 ad

200 979 333 1029 centrum
358 984 450 1043 usque
474 970 563 1026 nimia
577 980 656 1027 esset
671 970 817 1027 intervalli
840 966 993 1044 prolixitas
1016 967 1054 1026 ad
1078 970 1230 1027 materiam
1253 964 1487 1046 egerendam²⁸).
1526 966 1561 1025 in

200 1055 275 1115 hanc
303 1058 392 1129 igitur
423 1055 533 1113 fossam
559 1055 705 1131 colligitur
728 1056 865 1131 uliginosi
889 1057 983 1132 campi
1012 1048 1182 1132 lrrrmor‘l'),
1213 1058 1396 1132 siccaturque
1420 1052 1562 1133 quicquid

199 1153 245 1203 est
267 1146 354 1219 spatii
379 1145 532 1200 introrsum
549 1160 567 1201 a
582 1140 718 1221 fossalt’),
743 1144 832 1218 litque
856 1142 945 1213 iussa,
971 1160 1036 1200 eum
1060 1145 1144 1218 aquic
1161 1143 1298 1215 exundat,
1322 1142 1498 1219 navigabilis
1508 1138 1562 1219 ⁶¹),

200 1247 265 1289 cum
290 1232 421 1299 exaruit,
456 1233 583 1289 terrestri
615 1233 716 1289 itincre
749 1229 934 1305 permeabilis
947 1224 996 1307 ³²).
1043 1228 1224 1307 Quocunque
1254 1233 1341 1307 igitur
1372 1234 1479 1308 ingruit
1503 1229 1563 1289 iilis

200 1317 344 1377 violentia
367 1317 462 1389 Solis,
493 1336 594 1376 rcrsus
619 1318 697 1376 illam
721 1318 869 1389 circularis
893 1317 988 1375 fossae
1017 1329 1129 1393 partem
1158 1336 1223 1377 sese
1247 1321 1388 1394 recipiunt
1415 1319 1471 1376 sub
1494 1336 1563 1377 um-

200 1404 283 1465 hrum
307 1404 377 1463 ralli
400 1401 612 1481 catenensi-²),
637 1407 686 1481 qui
711 1408 738 1462 in
763 1419 862 1464 cerrtro
878 1406 965 1480 spatii
988 1400 1119 1483 summ),
1149 1409 1251 1482 etqui
1278 1406 1354 1464 ultra
1377 1418 1507 1464 centrum
1531 1407 1561 1463 in

201 1503 283 1570 parte
307 1493 404 1551 iossac
420 1510 437 1549 a
453 1491 522 1550 Sole
546 1509 676 1562 aversae,
700 1493 754 1550 sub
778 1493 910 1550 umbram
935 1489 1138 1569 interiorisii).
1171 1493 1268 1565 Atque
1290 1496 1333 1551 sic
1355 1510 1407 1569 per
1429 1493 1492 1552 dics
1511 1498 1561 1565 15,

201 1581 309 1657 quibus
332 1582 477 1638 continuis
500 1598 518 1636 a
540 1580 609 1637 Sole
633 1588 756 1637 torretur
779 1581 876 1650 locus,
900 1579 1032 1637 umbram
1055 1581 1147 1638 secuti
1171 1584 1287 1656 proprio
1311 1580 1458 1639 vocabulo
1479 1601 1562 1657 repr·

200 1688 345 1737 retrooro,
362 1676 475 1726 aestum
492 1665 650 1725 tolerantes
661 1662 712 1743 ⁸⁶).
750 1665 830 1725 llaec
846 1665 1036 1741 problematis
1052 1669 1080 1724 in
1098 1683 1206 1725 morem
1224 1669 1275 1725 tibi
1292 1671 1443 1743 proposita
1463 1677 1561 1741 sunto,

200 1756 381 1813 membratim
405 1753 624 1829 comprobanda
646 1771 682 1813 ex
703 1755 774 1830 ipsis
797 1756 977 1829 apparentiis
999 1752 1166 1830 perepicillo
1190 1753 1312 1813 detectis
1323 1751 1375 1828 ³⁷),
1400 1757 1424 1813 si
1441 1772 1494 1815 eas
1510 1772 1562 1832 per

201 1843 351 1900 arioruata
374 1844 481 1917 optica,
504 1841 636 1919 physica,
660 1841 861 1919 metaphysica
885 1840 922 1898 ad
946 1838 1134 1900 collectiones
1157 1842 1228 1900 istae
1245 1841 1501 1902 accommodentur
1512 1836 1561 1919 l⁸)

201 1926 262 1989 Sed
286 1928 359 1988 hacc
382 1928 494 1988 ludicra
515 1939 583 1988 sunt
607 1938 661 1988 etc.

493 2459 652 2545 Notae
683 2462 747 2546 ad
775 2463 904 2548 hanc
934 2463 1267 2568 appendicem

311 2661 333 2712 l.
352 2658 507 2727 Propositic
525 2659 657 2729 quaedam
674 2673 716 2720 est
740 2672 767 2716 et
791 2678 895 2717 summa
919 2664 1089 2732 sequentium
1118 2664 1247 2719 thesium:
1266 2678 1334 2731 quas
1353 2663 1416 2732 quia
1434 2677 1507 2718 num.
1528 2664 1561 2719 at

204 2736 316 2807 promisi
335 2753 378 2791 me
396 2737 585 2792 demonstrare
607 2739 676 2795 velle
697 2758 731 2795 ex
751 2743 933 2811 apparentiis.
956 2760 1027 2797 rrum.
1048 2748 1082 2797 :le
1101 2759 1150 2811 per
1168 2745 1304 2798 axiomata
1323 2743 1420 2811 optico,
1439 2740 1563 2811 physica,

205 2817 394 2886 metaphysica
412 2819 603 2885 accumulatis,
623 2819 651 2873 id
669 2820 712 2874 lris
731 2820 758 2873 in
778 2821 849 2875 uotis
868 2819 994 2875 effectum
1013 2820 1093 2873 daho.

308 2896 330 2949 1.
350 2897 526 2965 apparentia.
553 2899 583 2951 lu
598 2898 741 2965 superlicio
753 2901 857 2965 ernrre,
874 2916 933 2954 eum
947 2908 1075 2954 censetur
1088 2908 1183 2955 exacte
1195 2906 1339 2968 immoene,
1351 2908 1444 2969 partes
1457 2898 1565 2955 lucidae

204 2984 370 3045 procurrunt
388 2992 436 3030 seu
456 2977 650 3030 continuantur
668 2976 740 3031 ultra
758 2979 887 3033 sectionis
906 2989 1008 3033 rectam
1027 2978 1124 3033 lineam
1149 2996 1199 3048 per
1216 2990 1308 3048 partes
1327 2978 1479 3033 maculosas
1498 2977 1564 3032 duc·

204 3064 268 3121 tam,
288 3064 314 3109 et
334 3056 472 3110 insimmut
491 3072 521 3111 sc
539 3056 566 3110 in
585 3057 697 3110 alteram
718 3058 812 3112 Lunae
831 3068 935 3126 partem
955 3058 1119 3116 umbrosam.

309 3134 343 3188 ll.
363 3134 391 3186 Si
410 3134 443 3189 ael
465 3136 534 3189 lrauc
553 3137 738 3205 apparentiam
758 3136 879 3205 applices
898 3136 1034 3191 axiomata
1053 3139 1217 3205 indubitata,
1237 3136 1309 3205 quod
1329 3135 1397 3190 radii
1416 3133 1487 3189 Solis
1507 3134 1564 3187 siut

204 3214 345 3277 rectilinei,
365 3213 436 3282 quod
458 3216 536 3268 Luna
554 3217 590 3269 sit
608 3232 706 3285 eorpus
725 3216 876 3285 globosum,
896 3215 967 3284 qood
983 3217 1067 3270 sectio
1080 3216 1125 3270 illa
1145 3217 1239 3272 Lernae
1253 3217 1288 3269 sit
1300 3215 1365 3269 nilril
1379 3212 1461 3281 aliud,
1481 3228 1564 3280 quam

205 3294 338 3347 terminus
357 3291 562 3348 illuminationis
582 3312 615 3347 err
635 3296 706 3364 sole,
727 3297 754 3351 iu
774 3311 827 3364 quo
848 3296 960 3349 extremi
979 3296 1048 3349 Solis
1067 3294 1135 3349 radii
1154 3296 1259 3350 Lunam
1278 3294 1453 3363 contingunt,
1474 3291 1513 3345 sic
1534 3302 1565 3344 ut

204 3389 268 3442 pars
288 3373 383 3426 Lunae
401 3374 511 3426 citerior
528 3373 679 3429 illuminata
697 3375 843 3429 inclinetur
861 3390 957 3428 rersus
976 3373 1080 3441 Solem,
1101 3391 1164 3443 pars
1185 3373 1297 3428 ulterior
1315 3374 1443 3426 umbrosa
1462 3380 1487 3421 et
1508 3386 1564 3425 nou

204 3450 357 3505 illuminata
375 3449 409 3503 ob
428 3452 628 3504 ‹mro-eritatem
647 3453 791 3508 inclinetur
809 3472 825 3507 a
845 3453 915 3509 Sole.
935 3460 963 3506 et
982 3451 1054 3521 quod
1073 3460 1226 3521 propterea,
1246 3451 1309 3505 dato
1328 3451 1409 3519 globo
1428 3450 1564 3519 aequabili

207 3538 235 3583 et
254 3528 389 3597 perfecto,
414 3529 512 3583 debeat
536 3533 643 3584 onruino
669 3532 754 3585 sectio
774 3546 835 3586 esse
854 3530 975 3599 perlecta
993 3529 1066 3583 liuea
1083 3538 1158 3584 recta
1180 3533 1208 3586 iu
1225 3530 1342 3598 quadra,
1368 3539 1416 3584 arrt
1440 3532 1565 3599 perlecta

208 3607 329 3676 ellrptiea
348 3617 412 3662 autc
430 3616 458 3661 et
476 3620 539 3677 post
557 3611 700 3677 quadram:
721 3620 851 3677 sequetur
869 3611 986 3674 omnino,
1006 3618 1036 3663 ut
1054 3611 1100 3665 ubi
1119 3612 1203 3664 sectio
1221 3627 1274 3663 nou
1294 3621 1337 3664 est
1353 3609 1474 3678 perfecta
1492 3610 1565 3664 linea

205 3696 290 3753 recca,
311 3686 359 3739 sed
379 3686 453 3741 velut
471 3689 598 3743 intercisa
618 3689 743 3744 derrtibus
762 3688 858 3742 lucidis
877 3687 904 3741 iu
923 3698 1027 3756 partem
1047 3688 1201 3743 umbrosam
1219 3691 1336 3755 insertis,
1355 3691 1392 3743 ihi
1404 3706 1453 3743 nec
1466 3688 1565 3756 globus

205 3764 299 3821 Lunae
323 3765 443 3834 perfecte
466 3768 501 3820 sit
524 3768 696 3835 sphaericus,
722 3778 807 3835 utque
832 3766 926 3821 dentes
952 3765 991 3820 illi
1017 3767 1098 3822 lucidi
1122 3771 1176 3823 siut
1201 3780 1293 3836 prartea
1317 3777 1458 3821 exstantes
1481 3784 1565 3837 supra

206 3844 378 3915 superficiem
399 3846 516 3913 partium
536 3847 747 3909 rnaerrlosarum,
773 3847 829 3900 sire
848 3853 876 3897 ut
895 3856 988 3914 partes
1007 3847 1162 3901 ruriculosac
1181 3856 1307 3915 respectu
1332 3846 1478 3901 vicinarum
1498 3847 1565 3901 luci·

206 3923 302 3979 durum
321 3927 374 3979 siut
394 3926 553 3993 depressae,
574 3929 611 3980 sic
631 3938 661 3981 ut
679 3927 759 3981 iidem
778 3925 845 3978 radii
866 3925 950 3989 Sertis,
977 3928 1024 3994 qui
1043 3936 1135 3995 partes
1154 3928 1307 3981 maeuiosus
1327 3926 1398 3981 ultra
1417 3928 1567 3980 sectionem

206 4003 362 4069 contingere
381 4006 496 4073 surplius
515 4012 653 4073 uequeuut
674 4005 804 4073 (impediti
824 4005 924 4073 quippe
937 4006 970 4058 ub
984 4021 1075 4059 earum
1089 4006 1278 4070 convexitater,
1298 4005 1456 4072 contingant
1475 4004 1566 4059 adbuc

206 4092 300 4151 partes
320 4082 381 4136 illas
401 4100 449 4135 seu
469 4084 565 4138 dentes
585 4084 701 4141 lucidos.
729 4094 855 4153 tauquam
875 4100 891 4137 a
909 4094 1001 4139 centro
1025 4084 1097 4149 plrrlri
1116 4084 1210 4138 Lunae
1235 4083 1407 4149 elevatiores,
1433 4100 1482 4137 uec
1500 4097 1566 4136 corr-

205 4160 325 4215 uexitate
344 4176 393 4215 arra
409 4162 466 4228 jam
485 4162 606 4216 rrlrnuant
625 4180 642 4217 a
660 4163 722 4217 Sole
742 4164 793 4229 esic
814 4163 884 4217 euim
903 4164 988 4217 sectio
1007 4164 1087 4217 etiam
1107 4178 1155 4231 per
1174 4164 1233 4217 illos
1251 4173 1326 4219 recto
1350 4162 1457 4216 tramite
1476 4171 1564 4217 trans

206 4240 286 4307 iret),
305 4239 352 4293 sed
371 4250 513 4296 uteorum
531 4258 712 4312 procursuum
733 4239 847 4295 altitudo
866 4250 999 4310 augeatur
1018 4258 1112 4295 sersus
1137 4244 1276 4298 semissem
1295 4244 1390 4299 Lunae
1408 4240 1566 4296 umbrosum

206 4319 414 4389 progrediendo.

313 4400 361 4455 lll.
382 4400 557 4470 apparentia.
589 4399 674 4453 Linea
692 4399 831 4461 sectionis,
850 4414 899 4468 per
917 4409 1009 4469 partes
1028 4400 1133 4457 lucidas
1152 4399 1285 4469 traducta,
1304 4408 1449 4471 asperatur
1461 4400 1489 4457 iu
1502 4416 1565 4472 spe·

206 4478 274 4535 ciem
293 4496 385 4533 serrae
404 4488 452 4532 orit
470 4480 606 4533 tracturae
624 4478 725 4530 asseris
744 4488 924 4533 transuersae.

312 4558 357 4611 lv.
380 4558 451 4621 llrgo
470 4572 525 4623 qua
544 4566 621 4624 parte
640 4556 718 4612 Luna
737 4568 780 4611 est
798 4575 866 4625 pure
884 4557 982 4623 lucida,
1002 4558 1151 4625 particulae
1175 4559 1282 4628 aliquae
1302 4579 1396 4617 sersus
1415 4565 1564 4620 sectionem

208 4645 356 4703 assurpunt
376 4635 401 4687 iu
422 4634 514 4691 altum.
534 4636 674 4702 proximae
693 4654 788 4693 sersus
807 4638 919 4691 eandem
939 4638 1085 4691 sectionem
1105 4650 1168 4693 sum
1185 4640 1312 4705 declives,
1330 4643 1451 4698 alteruis.
1487 4644 1565 4703 llaec

208 4730 271 4769 rcro
297 4714 417 4768 delinitio
442 4720 484 4765 est
508 4714 672 4779 asperitatis.
708 4718 804 4772 Partes
827 4717 907 4785 igitur
929 4716 957 4770 iu
981 4715 1124 4785 supertieie
1147 4720 1254 4790 Laruae,
1281 4738 1352 4791 quas
1374 4721 1468 4779 luceat
1492 4738 1565 4793 purte

207 4793 318 4863 lumine,
337 4808 400 4847 rere
418 4802 482 4847 suut
500 4806 626 4861 asperae.
1321 4830 1326 4839 .
