3308 5534
565 380 608 440 De
625 381 720 440 inicis
737 387 766 439 et
784 378 940 440 ianmdbue
958 375 1078 455 Kepier‘u
1440 379 1504 448 945

144 563 195 625 De
213 568 311 624 morte
334 561 504 634 susannae,
537 580 613 639 quae
636 562 791 624 Bartschio
820 565 926 623 marito
954 580 982 623 a
1008 568 1102 624 1633.
1126 559 1265 621 defuneto
1288 577 1355 623 cnm
1377 560 1506 622 Martiae

145 649 263 712 Hillaro
285 649 430 712 secundas
453 653 571 727 nuptias
595 653 706 726 inierat,
730 650 805 710 nihil
826 652 897 711 certi
920 660 1101 727 compertum
1124 656 1178 712 est.

505 900 556 957 De
578 900 699 958 amieis
721 902 758 956 et
780 900 977 959 fautoribus
998 895 1148 967 Kepleri.

139 1042 142 1047 -
168 1038 170 1043 -
257 999 303 1061 De
323 1018 362 1061 ea
384 1009 467 1077 parte
491 1020 580 1076 quam
602 1001 700 1065 adhuc
723 1003 935 1074 tractavimus,
964 998 1153 1076 epistolarum
1181 1000 1277 1061 tontes
1299 1002 1356 1062 rari
1379 1007 1409 1061 et
1431 1018 1509 1079 pau·

147 1088 261 1149 eissimi
284 1096 376 1162 eraut,
401 1091 450 1164 qni
474 1090 502 1146 in
527 1092 564 1148 iis
586 1089 691 1163 solum,
715 1108 792 1165 quae
816 1090 851 1151 de
868 1088 988 1165 Keplcri
1012 1096 1105 1147 matre
1128 1095 1157 1146 et
1181 1089 1305 1164 conjugo
1328 1091 1425 1165 priore
1448 1090 1508 1148 sci·

147 1193 225 1250 mus,
249 1175 391 1251 largiores
414 1187 575 1238 manarent.
613 1177 710 1237 Multa
726 1180 804 1237 euim
825 1195 884 1237 uon
908 1178 965 1234 rriai
989 1193 1024 1234 ex
1041 1175 1227 1234 brevioribus
1243 1177 1509 1251 significationibus

147 1264 246 1339 lisque
277 1262 393 1323 collatis
422 1282 488 1322 cum
517 1268 632 1324 nunciis
662 1265 711 1324 hic
742 1264 804 1324 iilic
826 1264 967 1341 dispersis
992 1261 1131 1337 intelligi,
1162 1263 1255 1322 multa
1282 1267 1372 1322 etium
1401 1263 1509 1339 conjici

148 1359 267 1423 tautum
289 1359 435 1426 poterant.
481 1351 515 1409 In
539 1352 595 1412 liae
618 1360 717 1412 autem
741 1359 834 1428 parte,
858 1349 976 1427 quade
999 1348 1121 1426 Kepleri
1144 1367 1210 1409 cum
1234 1353 1335 1410 amieis
1358 1358 1388 1411 et
1409 1351 1510 1410 lauto·

148 1434 234 1499 ribus
258 1441 432 1497 commercio
455 1441 587 1514 agimus,
619 1440 715 1515 major
738 1456 828 1515 quam
850 1447 939 1499 antea
961 1437 1047 1495 nobis
1069 1445 1202 1511 praestat
1224 1437 1347 1495 sontium
1371 1441 1459 1514 copia
1481 1445 1511 1497 et

148 1527 286 1598 materia,
310 1541 386 1599 quac
410 1528 542 1601 inprimis
565 1532 731 1587 continetur
754 1526 875 1603 Kepleri
907 1523 1040 1600 epistolis
1064 1533 1092 1582 et
1116 1526 1213 1582 missis
1236 1533 1266 1583 et
1288 1524 1402 1598 allatis,
1431 1523 1511 1601 quod

134 1611 346 1689 epistularum
369 1617 575 1672 commercium
598 1615 636 1673 ab
659 1616 725 1689 ipso
748 1613 878 1690 KopIero
901 1620 1107 1671 conservatum
1130 1621 1184 1670 est.
1213 1611 1406 1688 Stnttgartiae
1429 1620 1459 1672 et
1481 1613 1512 1670 in

148 1698 332 1763 bibliotheca
348 1707 377 1758 et
393 1700 538 1760 tabulario
554 1710 643 1776 atque
656 1701 805 1761 Monachii
821 1703 852 1759 in
869 1698 1048 1762 bibliotheca
1063 1697 1232 1758 academica
1247 1716 1348 1759 omnen
1363 1699 1423 1759 iere
1438 1716 1512 1760 con-

152 1795 311 1849 servantur
334 1786 454 1862 Kepleri
484 1788 640 1865 epistolae,
669 1790 763 1865 ipsius
790 1805 879 1849 manu
909 1787 1050 1862 scriptae,
1080 1785 1147 1845 illae
1176 1785 1214 1845 ad
1238 1786 1512 1860 Maeetliuum,

152 1872 214 1935 liae
237 1872 278 1933 ad
299 1872 540 1934 Herwartum
564 1875 605 1935 de
627 1875 867 1953 Hoheuhurg
890 1875 1017 1947 missae;
1047 1872 1180 1933 Viennae
1204 1873 1309 1934 deinde
1332 1876 1362 1931 in
1385 1877 1514 1949 imperas

150 1963 244 2035 toria,
277 1971 306 2022 et
327 1961 481 2021 Pulkovae
505 1965 535 2020 in
559 1981 609 2034 ea,
642 1980 718 2037 quae
741 1970 786 2022 ost
808 1961 910 2021 addita
933 1961 1071 2036 speculae
1094 1964 1310 2021 astronomicae
1333 1960 1513 2022 bibliotheca

148 2047 318 2127 permultae
340 2050 522 2125 reperiuntur
546 2061 575 2110 et
597 2052 678 2127 ipsae
700 2049 820 2133 Kepleri
844 2046 988 2125 epistolae
1012 2056 1040 2107 et
1062 2048 1252 2124 epistolarum
1276 2048 1454 2124 exemplaria
1475 2047 1514 2108 ad

133 2135 264 2201 ,maltos
293 2137 423 2195 omnium
463 2136 596 2196 ordinum
627 2139 763 2198 homines
793 2138 965 2214 scriptarum
995 2152 1154 2210 eorumque
1186 2138 1407 2212 responsiones,
1439 2137 1514 2195 inter

149 2238 228 2301 quas
250 2224 442 2299 praecipuum
460 2233 603 2300 occupant
626 2225 723 2284 locum
741 2224 900 2295 Maestiini,
924 2221 1078 2294 Herwarti,
1102 2223 1228 2282 Danielis
1251 2223 1395 2296 Fabricii,
1418 2222 1513 2297 Betui,

148 2308 285 2386 erugari
331 2308 414 2384 Quae
443 2311 569 2371 diximus
599 2311 779 2389 exemplaria
808 2309 918 2370 ideirco
948 2309 1025 2368 idem
1056 2309 1116 2368 iere
1147 2309 1227 2384 quod
1255 2310 1398 2387 epistolae
1425 2327 1514 2370 manu

150 2396 279 2474 Ieplsri
303 2400 428 2475 scriptae
442 2397 552 2459 -valere
575 2408 708 2475 possunt,
732 2397 811 2475 quod
835 2395 980 2473 permulta
1003 2397 1041 2455 ab
1066 2399 1130 2472 ipso
1153 2396 1283 2473 Keplero
1306 2405 1462 2474 perspecta
1483 2404 1513 2458 et
1574 2429 1577 2435 ,

149 2485 249 2565 ipsius
273 2501 362 2542 manu
387 2494 518 2545 correcta
544 2495 622 2548 sunt.
644 2484 806 2563 (Keplcrus
829 2486 907 2545 euim
937 2486 987 2559 qui
1017 2493 1070 2542 ant
1092 2487 1229 2545 retineret
1259 2486 1439 2561 exemplaria
1462 2492 1514 2544 aut

148 2572 277 2645 mantis
307 2573 377 2646 ipsis
408 2571 499 2632 literis
522 2575 703 2650 exemplaria
723 2576 759 2633 iis
782 2575 910 2631 mitteret
933 2570 971 2629 ad
995 2587 1069 2646 qnos
1092 2574 1222 2647 scripsit,
1254 2573 1320 2633 ideo
1348 2572 1405 2632 hoc
1435 2572 1513 2645 iecit,

150 2656 416 2737 quod-Reimarus
440 2657 550 2733 Ursus,
580 2660 731 2738 Tyelrunis
754 2659 956 2731 aduersarius,
985 2659 1015 2715 id
1038 2657 1117 2732 quod
1137 2658 1201 2733 jem
1225 2658 1284 2719 vol.
1308 2659 1332 2719 l.
1356 2677 1425 2736 pag.
1450 2665 1513 2719 234

151 2745 329 2807 nunciatum
345 2757 398 2819 est,
415 2746 542 2821 quadam
558 2747 677 2824 Kepleri
693 2746 820 2825 epistola
833 2745 910 2805 maie
927 2761 999 2803 usus
1015 2753 1068 2804 est.
1101 2744 1253 2821 „Scribam
1269 2750 1386 2821 eauts“,
1410 2749 1514 2822 inquit,

98 2906 100 2913 Ι
154 2842 211 2911 ‚et
231 2833 365 2892 retinebo
389 2835 617 2910 exemplaria“.)
649 2835 792 2910 Quamvis
815 2842 914 2894 autem
938 2832 1100 2909 permultae
1116 2831 1238 2908 Kepleri
1261 2832 1516 2909 epistolarumque
1543 2846 1552 2866 ¹

98 2926 100 2931 '
153 2920 197 2983 ad
221 2928 352 2979 nosuem
376 2925 545 2982 memoriam
569 2930 720 2983 auerterent
742 2922 830 2999 (iuter
853 2938 928 2996 qnae
951 2934 1009 2979 non
1034 2921 1213 2980 omittendae
1237 2929 1306 2980 anot
1328 2921 1416 2994 iliae,
1441 2937 1516 2996 quas

98 2978 118 3071 Ι.
156 3009 293 3069 continet
316 3007 450 3068 collectio
474 3010 665 3086 epistolarum
687 3009 865 3083 Berneggeri
889 3018 918 3067 et
940 3006 1063 3082 Kepleri
1088 3005 1221 3066 datarum
1245 3009 1517 3084 acceptarumque),

151 3102 256 3157 umen
280 3093 390 3155 multae
415 3113 532 3170 quoqne
555 3100 743 3168 interierunt,
767 3093 845 3154 haud
871 3093 959 3153 dubie
982 3111 1134 3169 nunqnam
1157 3094 1336 3174 descriptae,
1367 3112 1433 3155 cum
1457 3112 1516 3154 uon

152 3182 237 3243 omni
266 3188 396 3257 tempore
419 3182 549 3258 Keplero
581 3185 731 3260 adjutores
753 3189 872 3258 praesto
900 3189 997 3240 essent
1027 3183 1063 3240 ad
1093 3182 1170 3242 hane
1199 3184 1292 3258 ipsam
1323 3200 1383 3242 rem
1407 3183 1516 3243 idonei.

152 3269 275 3331 Desunt
291 3268 409 3343 quidem
425 3271 577 3345 epistolae,
601 3289 674 3345 quaa
691 3269 836 3346 chlerus
852 3267 890 3327 ad
905 3266 1039 3328 Jcsuitas
1056 3269 1196 3342 Curtium,
1220 3268 1393 3342 Gnidinnm,
1410 3269 1518 3330 Grion·

99 3410 102 3417 .
152 3356 321 3432 burgorum,
344 3354 534 3416 Scheinerum
556 3360 689 3434 scripsit,
713 3372 846 3433 quasque
868 3356 908 3414 ad
931 3353 1110 3414 Guilelmum
1127 3357 1338 3417 Seiiickardum
1362 3356 1517 3434 usquead

98 3422 105 3517 ,l
152 3459 267 3505 nuum
293 3448 385 3501 1626.
410 3446 506 3515 misit,
530 3454 653 3521 excepta
676 3447 763 3504 unica
786 3441 911 3519 epistola
934 3449 1073 3505 u.1618.
1096 3446 1213 3520 scripte,
1237 3463 1304 3505 cum
1320 3463 1421 3505 omnes
1439 3460 1517 3504 anno

98 3522 103 3565 ²
155 3532 255 3593 taur.
279 3547 298 3589 a
321 3529 449 3606 Keplero
472 3531 510 3590 ad
534 3531 743 3591 Schiokardum
766 3527 856 3591 Ulma
876 3529 1043 3605 Tubiugam
1070 3535 1178 3590 missae
1201 3535 1369 3593 etiamnunc
1392 3539 1516 3593 exstent.

98 3604 106 3656 ¹
152 3618 275 3679 Desunt
298 3619 385 3676 etiam
409 3619 566 3694 epistolae,
590 3637 664 3695 qrras
679 3619 787 3678 multas
801 3616 949 3694 KepIerns
967 3618 1005 3676 ad
1021 3617 1180 3676 Bcsoldutu
1195 3619 1423 3695 Tobingensem,
1443 3620 1518 3695 juris

153 3703 323 3767 consultum
340 3705 522 3782 eundemque
536 3710 732 3783 propinquum
755 3707 835 3765 misit
858 3712 888 3764 et
903 3704 939 3763 de
954 3721 1044 3765 cansa
1067 3713 1206 3779 matema,
1230 3713 1259 3765 et
1282 3707 1318 3766 de
1341 3705 1408 3765 aliis
1430 3707 1518 3767 rebus

98 3780 110 3871 l
152 3794 291 3873 minatis,
314 3809 380 3851 eum
403 3796 549 3869 supersint
574 3794 652 3853 illius
671 3795 891 3869 responsionem
915 3794 1024 3851 interiit
1045 3809 1163 3868 qnoque
1189 3810 1258 3868 pars
1273 3794 1463 3869 epistolarum
1479 3793 1517 3852 ad

98 3876 109 3929 l
154 3878 392 3943 flatenrefferum
408 3883 571 3954 missarum,
594 3880 777 3942 hauddubie
797 3879 834 3937 ad
857 3896 903 3937 res
920 3895 1017 3937 sacras
1033 3882 1250 3954 pertinentium,
1274 3880 1380 3940 desunt
1399 3896 1517 3956 qrroqus

153 3984 236 4047 quae
259 3976 328 4024 sunt
350 3966 494 4043 epistolae
522 3971 648 4045 scriptae
671 3968 709 4027 ad
733 3966 861 4042 cinglum
885 3965 1071 4023 Edmnndnm
1095 3967 1253 4047 Bruceum,
1286 3968 1324 4026 ad
1347 3969 1518 4028 Florianum

98 4032 114 4101 l
153 4055 304 4126 Gnosium,
328 4053 552 4113 Socinianornm
568 4073 675 4116 causae
688 4062 874 4125 sectatorem,
897 4052 934 4110 ud
953 4053 1149 4126 Eriksonium,
1171 4053 1322 4131 Tychouia
1343 4055 1517 4131 adjutorem,

98 4132 112 4185 l
155 4140 198 4205 ad
224 4139 456 4216 Gringelletnm,
483 4140 606 4202 Genava
630 4141 799 4214 oriundum,
830 4141 879 4216 qni
905 4141 1089 4215 aliquantum
1113 4144 1253 4218 temporis
1275 4142 1395 4218 Kepleri
1418 4141 1518 4201 studia

98 4220 115 4281 Ι
154 4229 296 4309 inprimis
321 4227 529 4303 Epireureridas
554 4230 640 4289 valde
664 4229 830 4305 adjuverat.
877 4228 992 4287 Desunt
1016 4228 1161 4304 deniqne,
1185 4246 1261 4304 quse
1284 4228 1436 4306 permultis
1459 4229 1518 4289 iliis

151 4314 312 4381 lllrnensis
335 4319 532 4392 praeceptoris
556 4316 764 4376 Hebenstreitii
787 4316 935 4393 epistolis,
960 4333 1095 4391 quaeque
1118 4314 1228 4375 Jourrui
1253 4317 1361 4392 Papio,
1393 4319 1518 4394 primum

153 4401 322 4474 Onoidiac,
347 4411 408 4460 tnrn
424 4402 609 4479 Regiomonti
634 4404 758 4476 medico,
782 4419 918 4478 quaeque
935 4403 1091 4462 Ambrosio
1115 4401 1240 4475 Rhodio,
1265 4405 1421 4481 proiessori
1439 4404 1519 4463 Wit-

149 4491 350 4565 tenoergensi
373 4490 498 4567 aliisque
514 4510 533 4549 a
547 4491 676 4568 Keplero
700 4501 769 4549 snut
790 4492 949 4567 rescripta·
971 4488 1114 4563 Quamvis
1138 4499 1237 4549 aretem
1258 4500 1288 4551 et
1304 4493 1384 4568 ipsas
1408 4491 1519 4550 biblio·

149 4580 265 4643 mesas
288 4586 514 4654 perscrutantes,
538 4586 567 4638 et
590 4578 869 4654 interrogationibus
892 4576 929 4636 ad
952 4579 1085 4653 singulos
1108 4584 1137 4639 et
1160 4576 1257 4654 palam
1284 4579 1370 4637 iactis
1393 4580 1519 4637 maxime

148 4667 217 4731 nisi
240 4666 351 4736 simus,
375 4672 506 4739 atquae
530 4665 666 4725 deessent
687 4663 884 4737 reficeremus,
916 4672 1014 4723 umen
1038 4671 1067 4724 et
1089 4682 1178 4742 opera
1201 4673 1231 4724 et
1253 4683 1321 4742 spes
1336 4674 1380 4725 est
1394 4664 1519 4743 perdita.

151 4750 223 4819 Sed
246 4759 347 4811 tamen
372 4769 407 4811 ex
432 4754 467 4810 iis
491 4770 566 4827 quae
589 4771 608 4811 u
632 4754 703 4811 viris
725 4750 785 4811 illis
807 4768 947 4829 respousa
969 4759 1038 4810 suut
1061 4753 1212 4827 (quaeque
1235 4756 1363 4813 maxima
1384 4759 1520 4830 exparte

148 4847 232 4907 aaut
254 4841 285 4899 iu
309 4837 452 4899 Hansehit
477 4839 650 4901 collectione
673 4837 864 4918 epistolarum
885 4837 1144 4917 Kepleriauarum,
1166 4841 1258 4902 immo
1280 4859 1350 4902 vere
1373 4839 1412 4900 ad
1434 4839 1520 4920 Kep-

214 4939 483 4996 opsrsmpanuur.
1278 4941 1310 5000 61
