3308 5534
145 405 212 481 754
659 404 724 464 Vita
739 403 856 464 loannis
871 403 996 476 Kepleri.

146 606 209 651 rent
229 585 302 649 mibi
323 585 509 668 pollicearis,
540 584 670 647 audiam.
714 585 792 648 liam
813 585 871 648 hoc
892 588 962 663 iter,
991 586 1065 648 satis
1087 591 1292 662 sumtuosu,
1322 586 1381 645 nisi
1400 586 1495 664 opo'arr

147 695 202 756 spe
223 693 284 737 nou
305 674 435 737 libenter
457 690 651 751 capesserem.

165 828 168 833 ,
253 762 340 839 Quod
371 765 477 824 attmst
505 764 623 823 reniam
646 760 843 839 ingrediendi,
875 778 943 822 eum
965 763 1084 822 vocatio
1106 778 1175 822 rnen
1202 760 1304 822 aulice
1330 767 1399 821 ants
1419 760 1496 819 rdet·

145 852 308 914 mationem
337 850 418 911 illarn
449 857 588 927 suscepta
618 856 649 910 st
676 849 816 910 inchoata
844 865 1066 926 consensusque
1096 849 1237 910 Caesaris
1267 852 1441 926 impetratus
1457 849 1495 917 sit,

83 1013 86 1017 ⁴
148 957 226 1018 quae
248 938 377 1015 denique
400 936 573 999 confirmata
593 955 648 998 sen
669 936 817 999 notificata
838 937 895 997 suit
917 940 1052 1015 penitus,
1082 954 1247 1014 persuasus
1270 937 1334 998 tere
1356 954 1435 1007 surr,
1453 952 1497 995 et·

146 1030 275 1107 spirasse
297 1027 379 1087 illam
400 1027 575 1103 eJeetionem
597 1032 628 1085 et
648 1027 868 1102 provinciarum
889 1025 1128 1103 prohibitionem,
1149 1042 1209 1087 nec
1229 1042 1298 1087 esse
1322 1020 1496 1087 rstnmdn

147 1117 213 1193 ejus
241 1117 412 1176 memoriam
440 1115 583 1191 petitione
612 1116 716 1173 reniae
748 1112 943 1189 ingrediendi.
989 1112 1050 1175 Sed
1080 1131 1184 1174 verum
1215 1122 1277 1188 est,
1307 1120 1443 1174 stanter
1459 1112 1495 1168 sti

150 1206 282 1282 ipsorum
310 1204 368 1279 ipsi
390 1202 448 1262 sibi
471 1201 585 1279 tingunt
604 1200 712 1264 dulcia.
757 1200 789 1261 st
811 1200 995 1279 periculosae
1025 1208 1094 1261 suut
1116 1202 1175 1262 hac
1196 1218 1285 1263 mese
1307 1202 1495 1279 cepimiouta

41 1305 50 1327 '
150 1298 290 1368 exspecto
314 1289 555 1350 admonitionem.

253 1378 289 1438 In
310 1379 458 1455 prioribus
479 1377 572 1438 literis
594 1377 715 1450 scribis,
739 1373 790 1434 diu
813 1374 967 1438 delituisse
989 1376 1106 1439 lunaria
1127 1394 1208 1451 msa,
1233 1374 1316 1453 quod
1338 1376 1437 1448 mirer,
1453 1390 1495 1433 nst

152 1465 260 1542 iniuria
288 1463 403 1542 aliquid
430 1466 580 1542 suspic0r3
610 1481 684 1541 rogo
712 1466 814 1540 itaque
843 1465 985 1540 majorem
1013 1467 1044 1524 in
1066 1465 1203 1542 modum,
1233 1474 1269 1524 ut
1290 1481 1341 1524 me
1362 1465 1495 1525 certiora

151 1552 240 1615 saciat
263 1551 366 1631 Magn.
390 1551 464 1627 Tua,
489 1570 526 1613 an
550 1555 580 1610 in
602 1551 697 1611 lituris
720 1549 899 1626 quibusdam
921 1559 1064 1629 agnoscat
1084 1552 1127 1611 tt.
1150 1552 1188 1612 'll
1211 1570 1310 1613 meam
1333 1568 1456 1612 nunaut

256 1639 344 1716 Quod
366 1639 508 1701 haeredes
538 1641 645 1699 attinet
666 1638 870 1716 Tycbunicos,
901 1658 977 1701 unus
999 1648 1045 1700 est
1069 1643 1161 1701 instat
1184 1642 1319 1701 omniurn
1339 1640 1496 1701 ermerus

150 1726 293 1789 Gausneb
308 1727 458 1805 Tegnagl,
480 1728 575 1789 nobili
597 1743 704 1803 genere
726 1725 921 1806 Westpbalus
943 1735 974 1789 et
996 1730 1025 1787 in
1047 1745 1189 1806 praesens
1210 1728 1381 1790 Caesareae
1400 1725 1497 1801 ilai*

151 1819 221 1877 tatis
244 1817 377 1876 minister
399 1815 523 1876 aulicus.
559 1813 788 1874 Mathematicus
811 1817 889 1875 enirn
911 1833 971 1875 non
994 1814 1059 1876 vult
1080 1815 1192 1877 andus.
1223 1814 1306 1876 Nihil
1321 1812 1496 1875 tenente

150 1905 300 1965 mendene
327 1901 429 1980 ldagu.
453 1903 537 1963 'luae
558 1904 689 1980 impono.
735 1900 813 1963 Volo
844 1910 878 1962 nt
899 1920 952 1979 pro
980 1919 1061 1965 mero
1088 1904 1210 1964 arbitrio
1242 1919 1299 1963 suo
1322 1902 1423 1979 lisga
1442 1899 1496 1959 'lar

150 1998 222 2070 agat
244 2007 311 2052 cum
333 1990 379 2050 his
403 1990 512 2051 tabulis
514 2031 620 2054 .....
658 1988 693 2048 In
716 1991 790 2051 meis
806 1986 921 2067 Opticis
944 1990 1064 2051 tandem
1085 1991 1145 2052 Dei
1167 1991 1265 2067 gratie
1283 1990 1324 2050 ad
1346 1989 1431 2051 beent
1441 2004 1496 2065 ptr·

150 2081 230 2154 reni,
254 2086 400 2156 quatenus
424 2078 527 2140 titulus
549 2084 632 2155 patet
653 2080 871 2139 astronomiae
890 2096 969 2154 pars
993 2077 1113 2153 opttca
1158 2078 1244 2154 Quae
1266 2077 1493 2143 staturum

149 2183 237 2228 usum
261 2168 290 2226 in
314 2166 495 2242 exquirenda
517 2183 589 2227 vcra
610 2171 744 2225 motuum
766 2164 915 2226 lunarium
940 2165 1103 2244 hypothesi
1125 2167 1319 2244 patefacient.
1363 2164 1420 2226 llls
1438 2178 1493 2223 rstt

150 2261 220 2314 sunt
234 2271 303 2332 pars
317 2270 426 2332 magna
441 2255 639 2315 astronomiae
660 2255 867 2328 geometricae,
890 2271 997 2332 nempe
1019 2252 1071 2317 lib.
1086 2253 1143 2329 tv,
1162 2253 1199 2328 V,
1214 2254 1269 2317 vt.
1290 2252 1397 2332 Oper'n
1410 2250 1492 2326 Meti

150 2340 326 2404 Ptolemaei.
372 2339 444 2402 Junt
471 2350 500 2403 et
532 2340 568 2402 de
592 2341 798 2402 occasionibus
827 2340 936 2403 edendi
966 2350 996 2402 et
1018 2341 1054 2403 do
1076 2342 1281 2420 extorquendo
1309 2341 1418 2403 seledo
1440 2352 1491 2397 ress

151 2430 251 2506 cogito
274 2431 363 2506 inque
386 2429 432 2489 bis
454 2446 521 2489 sunt
544 2435 716 2506 occupatus.
746 2428 782 2488 Iu
805 2427 919 2491 theoria
933 2428 1039 2491 Martis
1054 2436 1153 2492 cetera
1167 2437 1238 2492 sunt
1251 2428 1400 2508 expedita,
1419 2424 1490 2487 reris

152 2515 252 2581 adbuc
275 2516 391 2579 desunt.

254 2604 332 2668 Vale
353 2604 456 2682 Magn.
479 2603 534 2665 Vir
556 2611 586 2666 et
607 2620 655 2665 mc
677 2621 777 2669 amare
798 2622 899 2686 perge.

312 2697 341 2754 5.
355 2692 432 2755 Julii
449 2698 544 2755 teus.
567 2690 693 2771 Pragae.
1115 2692 1218 2770 Magn.
1240 2693 1320 2758 Noh.
1341 2691 1422 2753 Tuas

1154 2781 1389 2843 oihdorissirnat

1128 2868 1264 2930 Jehonn
1285 2869 1409 2947 Keplsr.

253 3019 398 3078 Proximus
415 3019 451 3087 ad
467 3019 640 3076 Herwartum
652 3019 748 3077 literae
760 3018 874 3090 Kepleri
892 3019 973 3077 dame
986 3024 1051 3075 sunt
1062 3037 1084 3076 c.
1097 3036 1219 3079 mensem
1232 3022 1417 3093 Septembrem
1427 3016 1488 3087 tlltt·

151 3111 228 3168 narii
246 3110 390 3180 responsio
409 3108 444 3164 ud
463 3107 629 3179 praemissas
647 3106 743 3164 literas
762 3106 839 3165 nullu
858 3110 963 3176 exstat)
982 3107 1102 3178 illaeque
1120 3109 1191 3166 haee
1209 3110 1325 3167 habent.

257 3200 417 3277 Magnifice
441 3208 471 3262 et
492 3199 682 3261 Nobilissima
706 3198 774 3277 Vir,
803 3200 915 3262 Fautor
943 3200 1076 3263 colende.
1121 3201 1242 3263 hlouuit
1269 3222 1317 3265 me
1339 3196 1490 3265 Nobilisll

151 3289 260 3350 Mattb.
284 3289 437 3349 Welscr
460 3289 591 3350 aerarius
615 3289 744 3364 imperii,
769 3297 801 3349 ut
823 3289 881 3349 sihi
904 3286 1023 3348 domum
1045 3293 1204 3351 revertenti
1228 3291 1382 3355 literarum
1401 3284 1492 3365 stanit

151 3376 189 3437 ad
222 3375 459 3454 Magnitudinem
487 3375 583 3436 Tuam
615 3376 859 3438 commendarem.
911 3374 1162 3439 Humanissimam
1196 3378 1276 3441 hanc
1311 3380 1492 3441 metatore·
1535 3358 1538 3441 f

150 3465 311 3543 superbum
327 3473 391 3525 erat
406 3472 600 3538 contemnere,
625 3479 775 3540 quaquam
789 3464 864 3524 nihil
876 3464 940 3540 jnur
954 3465 1112 3542 scriptione
1135 3464 1259 3544 dignum
1282 3456 1494 3541 occurritque!
1535 3446 1538 3503 f

155 3558 248 3612 artem
271 3559 402 3613 nostram
426 3553 559 3612 attineat.
596 3551 643 3611 De
668 3548 755 3627 Opti
766 3553 822 3611 cis
845 3567 980 3629 quaeque
1003 3554 1032 3610 in
1056 3554 1092 3612 iis
1114 3557 1316 3615 astronomica
1330 3562 1421 3617 bach
1434 3566 1494 3611 ste·

154 3639 224 3701 dum
253 3640 405 3719 respondit
428 3642 547 3700 Caesar.
591 3639 731 3698 Differtur
761 3637 862 3700 editio.
907 3639 1029 3700 Interim
1052 3658 1088 3701 ea
1114 3639 1178 3717 jam
1208 3648 1348 3723 tempora
1370 3646 1494 3721 tapam

153 3744 232 3805 quae
255 3736 325 3790 ante
348 3746 459 3788 annum
480 3723 646 3805 providisti.
677 3726 724 3786 De
746 3725 854 3786 salario
876 3726 965 3803 hujus
988 3728 1067 3802 anni,
1091 3726 1128 3788 ad
1151 3730 1239 3808 eujus
1262 3730 1354 3794 dnetn
1375 3732 1494 3791 irim

152 3822 209 3891 eet,
231 3816 306 3876 nihil
329 3816 427 3876 adhuc
450 3815 561 3892 accepi.
590 3812 645 3874 Sat
658 3821 772 3874 mature
787 3816 935 3890 monuisti,
959 3816 985 3874 si
1006 3823 1053 3875 sat
1071 3813 1207 3893 expedite
1223 3818 1385 3898 providere
1399 3814 1494 3896 weris

152 3920 225 3964 sent.
270 3904 381 3965 Totum
402 3903 480 3964 hunc
503 3917 613 3962 anuum
634 3900 708 3960 nihil
730 3900 812 3961 aliud
835 3918 907 3980 ago,
929 3904 988 3962 uisi
1010 3911 1043 3962 ut
1066 3902 1256 3966 difficultates
1277 3908 1356 3967 isles
1376 3902 1495 3967 meib*

149 3987 280 4051 Uxorem
303 3990 434 4051 nondum
457 3991 572 4065 recepi,
596 3987 732 4050 Catalius
754 3988 805 4049 diu
820 3987 943 4050 Graetio
966 3990 1075 4066 abluit;
1097 3989 1171 4052 nihil
1193 4010 1262 4054 curn
1285 4011 1324 4056 co
1348 4010 1418 4055 uror
1435 4004 1495 4061 nn.

150 4079 208 4138 uisi
231 4078 311 4155 quod
334 4079 373 4138 ad
395 4081 492 4156 ipsum
514 4077 628 4154 scripsi.
674 4077 796 4138 Summa
818 4075 1038 4138 deliberationis
1059 4096 1143 4140 meae
1166 4079 1242 4142 bace
1265 4090 1322 4149 est.
1345 4090 1380 4143 ut
1402 4078 1496 4143 albr-

150 4182 218 4226 sare
239 4173 340 4243 petam
363 4173 416 4226 aut
437 4163 659 4226 translationem
681 4164 780 4225 salarii
803 4164 841 4226 sd
857 4163 1010 4226 Camenam
1026 4164 1218 4228 Bobemieem
1241 4177 1296 4230 aut
1319 4168 1360 4230 ad
1374 4166 1494 4230 rerrrh

150 4252 280 4330 Imperii.
311 4253 389 4314 illud
413 4253 543 4327 infidum,
566 4252 623 4314 hoc
645 4252 785 4317 insolens.
817 4252 924 4330 Copto
947 4262 977 4313 et
1000 4252 1190 4316 demissione
1214 4264 1245 4317 et
1260 4256 1495 4319 commanem

151 4339 190 4400 ad
204 4340 482 4418 wirtembergicurn
505 4339 697 4417 impetranda,
721 4359 791 4401 narn
814 4341 843 4400 lu
858 4358 895 4402 es
910 4342 1022 4402 ditione
1044 4341 1115 4401 mihi
1137 4344 1269 4421 paucula
1283 4345 1367 4409 bona
1380 4352 1409 4405 et
1420 4348 1495 4403 nete

150 4435 224 4488 sunt
246 4435 276 4488 ct
305 4432 441 4507 princeps
471 4430 623 4492 nutricius.
669 4430 782 4489 Forsan
812 4436 842 4489 et
872 4429 980 4489 absens
1008 4428 1124 4490 titulum
1154 4430 1234 4493 butte
1262 4450 1334 4494 enm
1357 4426 1494 4493 talaris*

152 4516 351 4592 protectiones
374 4516 412 4576 ad
435 4515 534 4577 aulam
557 4517 713 4595 impetrare
735 4518 856 4595 possim.
886 4516 1045 4577 Barnitius
1067 4520 1172 4579 unicus
1194 4520 1268 4579 mihi
1283 4530 1316 4583 et
1338 4518 1413 4583 idem
1431 4514 1494 4595 fi·

151 4620 218 4664 tuus
240 4610 382 4682 patronus
412 4611 476 4679 est3
505 4603 616 4665 Caesar
643 4605 731 4665 etiarn
762 4602 909 4666 interdurn
938 4603 1053 4683 aliquid
1074 4606 1146 4666 mihi
1169 4607 1293 4669 mandet
1321 4602 1492 4671 mne-h

154 4706 242 4768 spero
264 4709 312 4753 me
334 4691 438 4752 borurn
460 4690 573 4767 aliquid
596 4694 831 4775 impetraturum,

256 4778 374 4857 Rogavi
397 4787 427 4840 et
448 4780 488 4839 D.
512 4779 677 4840 Welserum
701 4778 898 4856 dematilio,
930 4782 981 4857 qui
1010 4780 1069 4841 tuis
1100 4780 1359 4845 exhortationihus
1382 4774 1489 4843 Μή

153 4865 210 4929 erit
230 4865 396 4933 tetendiet.
440 4864 567 4947 Quaero,
589 4867 616 4930 si
638 4867 711 4946 quid
731 4867 844 4932 alicubi
865 4876 971 4947 vacet,
994 4869 1080 4947 cujus
1100 4869 1216 4935 reditus
1239 4886 1385 4937 summ
1402 4872 1488 4943 Ψ
