3308 5534
699 394 749 453 111,
767 394 965 451 Asuonomics.
1438 394 1504 465 267
1542 488 1546 495 .

144 594 209 638 mm
231 576 376 637 inermem
391 572 515 651 ancipiti
528 572 694 649 machaera,
717 578 770 634 aut
791 573 843 650 qui
865 571 1068 634 aduersarium
1089 573 1120 631 in
1135 572 1263 650 equestri
1285 569 1398 635 ludicro
1421 576 1503 636 occi-

145 664 202 727 dat
248 663 341 723 Initio
363 679 420 721 uos
442 660 610 723 defensores
633 660 692 722 duo
715 678 815 722 seeum
838 660 969 735 adduxit,
993 677 1013 721 a
1035 661 1143 737 quibus
1167 662 1297 721 omnium
1318 661 1503 724 confessione

144 750 226 811 nulla
246 751 420 813 necessarie
442 748 574 810 defensio
596 751 709 826 sperari
732 755 849 826 possei3
873 746 978 809 deinde
1001 748 1083 808 illam
1100 766 1185 808 suam
1199 751 1349 825 ingentem
1364 757 1393 809 ei
1407 749 1504 811 duris·

144 840 248 899 rimam
271 837 391 899 claram
413 835 652 897 mathematicam
675 854 741 896 cnm
763 836 922 895 fortissimo
939 834 1039 911 lunda,
1063 852 1121 913 qna
1137 838 1266 913 integras
1281 835 1415 897 'l'cilures
1438 838 1504 913 aja·

145 928 270 999 salutm,
293 928 415 1003 penitus
437 924 556 999 abjecit,
580 923 616 983 de
640 925 748 1000 quibus
769 925 880 985 nemini
902 922 1024 984 dubium
1046 940 1111 984 esse
1133 931 1242 1000 potest,
1266 926 1337 1000 quin
1359 941 1419 986 uuo
1441 927 1504 985 ictu
1541 1000 1554 1011 „

145 1022 171 1075 ct
190 1030 257 1073 una
279 1013 472 1073 circulatione
495 1018 586 1072 totam
607 1011 703 1071 bostis
725 1013 786 1071 uim
807 1019 1019 1089 prosterneret,
1050 1013 1075 1071 si
1097 1010 1145 1070 his
1166 1010 1233 1071 tolie
1255 1017 1401 1089 uteretnr3
1433 1015 1504 1091 quin

145 1104 199 1161 imo
223 1116 330 1161 omnes
352 1098 503 1178 epicyclos
524 1101 734 1160 comminueret
747 1101 778 1156 in
793 1099 947 1171 inlinitum,
970 1098 1043 1158 illud
1057 1098 1188 1158 Primum
1202 1097 1314 1158 Mobile
1330 1100 1505 1177 sphaeram-

146 1206 351 1267 quemnam,
372 1188 436 1263 jam
459 1194 547 1247 antea
568 1186 727 1263 trepidanti
750 1188 893 1261 vicinum,
917 1202 983 1246 cum
1007 1187 1058 1247 illa
1080 1185 1162 1245 fictili
1185 1187 1248 1247 sive
1271 1186 1401 1247 tornatili
1424 1186 1504 1249 Solis

147 1278 240 1337 orbita
263 1293 281 1336 e
304 1274 504 1335 fundamentis
533 1280 685 1334 everteret.
738 1273 805 1333 Non
834 1274 899 1334 vuli
927 1274 966 1335 ab
995 1274 1041 1334 iris
1071 1276 1160 1333 armis
1187 1275 1345 1335 instructus
1373 1275 1502 1352 ingredi3

146 1366 249 1424 metuit
270 1363 427 1437 nonsibi,
451 1361 504 1422 sed
526 1362 613 1421 uobis
635 1363 697 1421 suis
721 1361 886 1437 comitibus,
909 1368 1025 1421 uttam
1049 1367 1177 1421 atrocem
1199 1377 1329 1438 pugnam
1352 1378 1449 1439 aequo
1473 1372 1503 1424 et

148 1450 293 1529 intrepido
308 1452 407 1511 auimo
423 1449 575 1527 adspicere
589 1451 752 1527 possimus3
776 1452 846 1526 quia
867 1467 896 1510 n.
914 1452 943 1507 in
966 1450 1131 1509 rationibus
1146 1448 1363 1510 mathematicis
1384 1451 1502 1510 invictis

148 1542 356 1615 inutramqoc
378 1545 493 1615 partem
514 1554 573 1597 non
596 1553 698 1597 sumus
717 1536 853 1615 expediti,
876 1537 975 1597 nullus
990 1535 1069 1597 iales
1081 1538 1250 1614 propositae
1265 1544 1351 1597 sunt:
1374 1536 1503 1599 leviores

148 1626 255 1687 ridelis
276 1625 470 1699 ratiunculas,
494 1631 523 1685 et
545 1623 693 1685 levidense
717 1624 865 1701 quoddam
882 1624 1163 1701 cosmograpbioum,
1187 1640 1246 1701 quo
1270 1624 1389 1684 indutus
1404 1630 1504 1685 noster

148 1714 328 1792 cupemrcus
350 1711 440 1774 bodio
462 1711 577 1790 prodire
599 1712 709 1787 uoluit,
742 1720 775 1771 nt
798 1729 898 1773 omnes
929 1712 1207 1785 animadverterent,
1236 1709 1338 1771 ludere
1359 1728 1392 1772 se
1414 1712 1502 1788 veile,

148 1818 203 1861 non
226 1818 373 1879 pugnare.
419 1800 465 1861 Ne
488 1817 557 1859 vero
581 1798 681 1859 durius
710 1799 850 1875 quiddam
871 1798 916 1858 illi
937 1799 1060 1859 subesse
1089 1801 1232 1877 suspicari
1255 1801 1394 1877 possitis,
1423 1802 1502 1879 agite

147 1889 306 1967 explicabo
328 1887 421 1967 paulo
443 1888 537 1947 dusius
558 1886 739 1947 ratiunculas
761 1886 826 1946 illas
849 1893 878 1945 et
900 1890 1017 1966 penitus
1040 1886 1282 1963 introspiciendas
1305 1886 1393 1948 dabo.

252 1976 414 2053 Principio,
436 1992 474 2034 nc
497 1991 602 2035 coccus
625 1974 743 2051 quidem
765 1976 820 2034 tibi
842 1976 1003 2051 negaverit,
1027 1976 1156 2033 omnium
1172 1991 1248 2050 quae
1263 1982 1332 2034 suni
1347 1977 1375 2032 in
1391 1974 1500 2037 mundo

148 2082 304 2145 corporum
318 2064 602 2141 praestantissimum
618 2079 683 2122 osse
698 2061 806 2136 Solem,
831 2062 915 2138 cujus
938 2068 1001 2121 tnta
1023 2063 1150 2123 essentia
1170 2061 1243 2122 nihil
1257 2060 1339 2122 eliud
1353 2070 1398 2122 esi
1413 2079 1503 2141 quam

147 2153 196 2213 iux
219 2154 434 2224 sincerissime,
457 2166 516 2226 quo
531 2148 612 2209 nulla
626 2149 722 2227 major
736 2149 832 2225 stella,
856 2151 907 2226 qui
921 2150 1003 2209 solus
1026 2156 1055 2210 ei
1077 2166 1154 2210 unns
1169 2158 1214 2210 est
1231 2152 1361 2211 omnium
1375 2151 1502 2225 effector,

145 2247 345 2313 conectuntur,
368 2238 462 2313 lotor3
485 2237 549 2296 iona
564 2235 648 2312 lucis,
672 2237 809 2297 ioecundi
824 2237 930 2297 caloris
945 2240 1086 2313 saturigo,
1110 2232 1177 2297 visit
1192 2238 1412 2314 pulcherrimus,
1434 2238 1504 2298 lim·

144 2328 327 2406 pidissimns,
348 2326 534 2404 purissimus,
557 2326 639 2384 visus
662 2327 754 2403 origo,
778 2324 908 2385 colorum
931 2327 1060 2384 omnium
1076 2342 1236 2402 expressos,
1260 2328 1323 2403 ipso
1347 2326 1427 2385 omni
1448 2342 1502 2386 co·

144 2416 205 2477 lore
227 2431 351 2488 vacans,
374 2412 441 2473 Rex
461 2411 646 2489 planetarum
668 2430 687 2472 a
709 2419 800 2487 motu,
824 2411 925 2471 mnndi
942 2412 1000 2472 Cor
1020 2415 1170 2486 auirtnto,
1194 2410 1306 2473 Oculus
1329 2430 1348 2473 a
1369 2412 1502 2489 pulchri·

145 2502 248 2563 tudine
269 2501 376 2574 dictus,
401 2516 548 2577 quemque
570 2515 662 2560 nuum
685 2498 806 2577 dignum
828 2516 929 2560 omnes
951 2502 1182 2573 aestimaremus,
1205 2502 1235 2559 in
1259 2516 1318 2579 qno
1333 2500 1416 2561 Deus
1431 2498 1501 2578 Opt.

145 2590 245 2669 llam,
265 2591 293 2648 si
314 2604 455 2665 corporeo
479 2587 628 2647 domicilio
651 2587 846 2649 delectaretur
868 2596 898 2648 et
920 2590 986 2664 capi
1007 2586 1074 2648 ioco
1097 2596 1211 2665 posset,
1240 2604 1307 2648 cum
1328 2589 1424 2648 beatis
1446 2604 1502 2647 an·

147 2678 217 2755 pelis
240 2676 431 2737 inhabitaret.
468 2674 544 2735 Nam
567 2678 633 2752 quis
656 2674 739 2735 ilium
761 2676 792 2733 iu
814 2672 881 2736 illas
904 2677 1062 2735 exteriores
1077 2684 1106 2736 ct
1121 2676 1351 2752 supercoelestes
1365 2674 1503 2737 tenebrae

149 2764 321 2837 extruderet,
344 2766 396 2840 qui
418 2762 513 2822 lucem
536 2764 715 2824 inaccessam
738 2761 873 2823 habitare
895 2761 965 2823 Job.
992 2768 1040 2824 lb.
1065 2763 1193 2823 dicitur?
1216 2762 1330 2838 Quodsi
1345 2762 1502 2825 Gaesarem

149 2850 257 2929 eligam
279 2850 422 2914 Germani
443 2867 519 2925 eum,
542 2852 593 2928 qui
617 2852 707 2911 totius
729 2852 842 2929 imporii
863 2849 1019 2928 plurimum
1043 2858 1156 2927 potest,
1179 2852 1246 2928 quis
1269 2850 1384 2911 dubitet
1404 2857 1502 2913 motus

150 2939 282 3001 coelestis
302 2940 444 3016 suffragia
471 2940 501 2996 in
524 2955 591 2998 enm
613 2939 759 3013 oonlerrc,
791 2938 842 3015 qul
870 2938 932 3014 jum
963 2946 1051 2999 antea
1077 2945 1189 2998 cetoros
1221 2955 1322 2999 omnes
1350 2946 1448 3000 moins
1470 2947 1500 3000 et

151 3028 335 3088 alterationes
356 3025 500 3087 beneficio
522 3025 606 3100 ineis,
630 3044 719 3103 quarn
735 3042 850 3085 omncm
865 3025 1005 3103 possidet,
1029 3024 1237 3086 administrati
1265 3025 1410 3103 Equidem
1426 3026 1501 3088 alias

152 3118 305 3191 cernimus,
328 3132 390 3175 rem
412 3121 443 3174 et
464 3116 601 3173 uirtutem
624 3113 802 3189 qrramlibet,
827 3130 885 3191 quo
908 3114 1003 3190 inagis
1027 3131 1086 3173 una
1109 3120 1169 3189 cst,
1193 3132 1229 3174 eo
1253 3115 1401 3175 fortiorem
1426 3132 1501 3188 esso,

152 3201 281 3263 impsum
304 3202 334 3260 in
356 3203 491 3279 part-ibus
520 3201 645 3278 singulis
672 3203 758 3260 citius
787 3218 973 3263 evanescere.
1019 3199 1162 3276 Quamuis
1192 3204 1282 3279 igitur
1303 3219 1361 3262 nou
1386 3205 1498 3279 ignoro,

151 3307 203 3350 rem
226 3290 313 3351 aliter
333 3307 366 3349 se
389 3290 498 3349 babere
521 3306 586 3350 cum
609 3291 772 3366 purissimis
796 3287 854 3348 illis
878 3291 1012 3349 essentiis
1028 3298 1117 3366 utque
1134 3305 1198 3348 cum
1215 3289 1416 3350 accidentibus
1433 3307 1500 3350 cor·

151 3396 261 3453 pomm,
292 3385 391 3437 tamen
414 3378 444 3434 in
466 3377 522 3437 hac
544 3394 574 3437 re
597 3375 779 3453 impossibile
802 3384 863 3447 esi,
894 3384 927 3434 nt
957 3393 1071 3435 omnem
1102 3377 1301 3437 similitudinis
1331 3381 1499 3452 opinionem

152 3476 245 3540 maai,
273 3467 326 3542 qui
353 3464 490 3525 meliores
520 3467 648 3524 rationes
675 3481 735 3523 non
765 3464 864 3524 habet.
911 3463 985 3521 Cum
1008 3467 1098 3540 igitur
1120 3467 1245 3541 primum
1275 3474 1417 3524 motorum
1440 3483 1500 3525 non

152 3552 245 3614 deceat
267 3552 472 3613 orbiculariter
500 3568 565 3612 esso
592 3550 745 3626 dillusum,
776 3551 828 3612 sed
854 3553 954 3627 potins
981 3552 1019 3612 ab
1051 3569 1110 3611 uno
1141 3552 1269 3629 quodam
1297 3554 1441 3629 principio
1469 3562 1499 3613 et

152 3644 228 3717 qnasi
250 3648 362 3719 puncto
386 3638 500 3715 egredi,
528 3646 610 3699 tanto
632 3658 703 3699 vero
726 3658 758 3700 se
781 3639 892 3699 honore
915 3638 998 3699 nulla
1020 3656 1089 3715 pars
1113 3642 1204 3713 orbis,
1237 3639 1289 3699 scd
1317 3657 1413 3717 nequo
1436 3640 1500 3699 ulla

151 3727 228 3789 uella
250 3728 404 3803 dignetur,
427 3727 494 3802 jure
516 3729 626 3803 optimo
650 3728 688 3786 ad
711 3726 811 3787 Solem
834 3730 906 3799 itur,
938 3728 989 3801 qui
1012 3727 1093 3785 solus
1115 3734 1144 3786 et
1167 3728 1312 3803 dignitate
1335 3735 1365 3787 et
1388 3730 1496 3787 virtute

150 3816 208 3877 lule
230 3824 330 3878 motus
354 3814 490 3874 cilicinae
513 3813 628 3874 videtur
652 3814 774 3874 idonens
797 3813 972 3890 dignusque,
996 3816 1046 3891 qui
1069 3814 1116 3872 uel
1141 3814 1236 3875 Deum
1259 3816 1365 3890 ipsum,
1389 3815 1497 3873 nerium

150 3908 265 3981 primum
297 3910 441 3964 moiorem
469 3903 576 3979 capiat.
628 3902 732 3961 Tantis
761 3902 848 3978 igitur
877 3911 1006 3961 mactum
1033 3901 1210 3975 honoribus,
1240 3903 1330 3960 tantis
1362 3909 1498 3961 onustum

148 3992 240 4053 Solem
269 3991 443 4051 muneribus
469 3997 555 4066 pniut
578 3988 756 4066 Copernicus
779 4006 811 4048 se
835 3988 965 4049 obtinere
993 4006 1096 4066 posse,
1128 4000 1161 4048 nu
1184 3992 1214 4046 iu
1243 3989 1371 4047 medium
1395 3989 1497 4048 mundi

149 4081 268 4141 collocet
295 4081 436 4156 primum,
468 4085 501 4136 ut
523 4083 618 4135 motor
639 4080 718 4152 ipse,
748 4079 825 4136 sicut
847 4093 899 4153 per
920 4094 953 4137 se
976 4084 1021 4136 cst
1053 4077 1209 4135 immobilis
1239 4078 1423 4151 necessario,
1454 4078 1497 4135 ite

147 4170 227 4228 mam
250 4171 281 4226 in
305 4164 449 4225 immobili
466 4163 612 4224 domicilio
628 4164 757 4238 haereat,
782 4164 858 4224 unde
880 4171 1021 4240 tauquam
1044 4182 1060 4224 e
1081 4172 1180 4224 contro
1205 4173 1234 4224 ct
1256 4163 1343 4224 corde
1368 4162 1496 4241 quodam

148 4254 241 4315 muudi
273 4270 328 4331 pcr
351 4250 492 4331 ἑνεργειας
514 4268 579 4311 seso
601 4253 730 4327 prolerat
752 4250 960 4328 aequalissinre
984 4250 1022 4310 ad
1046 4269 1147 4312 omnes
1178 4254 1368 4312 circumfusos
1400 4252 1495 4325 orbos,

147 4343 217 4404 unde
238 4339 430 4420 postmodnm
454 4339 611 4399 celeritatis
632 4343 709 4400 ratio
731 4342 760 4398 in
783 4339 909 4416 planctis
933 4339 998 4395 iniri
1021 4339 1107 4398 iacile
1130 4346 1238 4415 potest.
1275 4338 1375 4399 Motor
1394 4357 1498 4416 nempe

147 4447 226 4503 nnus,
248 4429 340 4500 solus,
363 4430 476 4505 primus
498 4435 528 4486 ct
549 4426 669 4487 ultimus
691 4430 720 4485 in
743 4430 809 4505 ipso
832 4433 930 4487 contro
953 4426 1068 4501 mundi,
1099 4429 1128 4484 in
1153 4444 1211 4502 qno
1234 4429 1385 4497 minimus,
1416 4427 1445 4487 h.
1470 4445 1495 4488 e.

148 4518 240 4577 nullus
262 4524 309 4577 cst
330 4516 468 4591 ambitus,
492 4512 552 4575 tale
575 4515 646 4591 quid
669 4515 766 4586 elficit,
790 4514 869 4591 quod
885 4513 1034 4573 celerrimo
1050 4516 1144 4572 motui
1161 4515 1256 4573 similo
1272 4517 1319 4587 sit,
1345 4514 1423 4590 quod
1438 4531 1496 4573 non

149 4615 240 4681 potest
260 4606 319 4665 uisi
340 4604 507 4683 priuatione
523 4611 620 4663 motus
636 4612 665 4663 et
686 4604 835 4681 positione
857 4603 992 4678 principii
1016 4604 1160 4660 moventis
1181 4602 1322 4678 intelligi:
1347 4604 1416 4678 quia
1433 4618 1498 4659 mo-

151 4702 191 4753 ins
210 4692 332 4753 induitis
354 4709 446 4770 prope
469 4693 602 4769 partibus
624 4693 723 4767 potius
748 4698 793 4750 cst
822 4690 878 4764 ibi,
908 4689 958 4749 nbi
981 4692 1091 4766 primus
1118 4697 1203 4750 acius
1233 4690 1297 4766 ojus
1320 4697 1377 4759 cst,
1409 4706 1496 4766 quarn

153 4782 198 4839 nbi
218 4780 372 4843 secundus.
418 4779 465 4839 Ab
489 4796 524 4839 co
547 4786 673 4855 puncto,
706 4786 804 4837 couno
827 4794 932 4854 uempc
955 4776 1033 4836 Solis
1055 4787 1085 4837 et
1107 4776 1207 4836 muudi
1236 4778 1395 4848 communi,
1426 4794 1497 4854 pro·

156 4866 238 4929 ierem
258 4886 324 4932 sese
350 4872 451 4929 motus
478 4864 739 4945 aequalissimam
765 4866 879 4926 ricinos
901 4880 1036 4943 quosque
1060 4864 1160 4940 orbes,
1189 4864 1309 4941 aequali
1336 4871 1444 4926 conatu
1465 4867 1496 4922 in
