3308 5534
149 386 214 455 146
509 378 684 443 collectam
701 400 734 442 etr
752 384 891 441 codicibus
908 382 1144 441 Prslitotiantibaa.

255 566 298 621 Ad
315 566 383 622 haec
402 565 573 635 lieplcrus
595 566 748 637 respondit:
775 564 819 623 De
842 562 1016 640 compendio
1039 563 1247 623 mathematico
1270 560 1350 639 quod
1377 563 1506 638 quaeris,

148 656 245 714 minus
275 652 346 711 mibi
376 669 463 727 quam
490 652 542 710 tibl
576 650 709 727 displicet
731 652 884 711 cotrsilium
909 651 1089 729 Dasypodii,
1121 654 1171 727 qui
1194 668 1231 709 cx
1254 650 1391 709 omnibus
1414 647 1506 707 disci·

147 742 238 820 plinis
253 738 470 800 mathematicis
483 740 651 816 antiquitati
669 742 793 813 cognitis
808 741 1024 816 propositiones
1039 739 1141 813 lingua
1162 739 1280 815 propria
1295 737 1376 810 artis,
1400 752 1509 811 graeca

148 830 292 899 nimirum,
317 828 430 887 censuit
445 825 661 902 proponendas.
690 826 764 885 Nam
781 826 1042 887 demonstrationes
1058 826 1163 885 addere
1179 844 1236 883 non
1260 834 1306 883 est
1328 821 1507 899 compendii,

148 916 303 977 translenc
326 930 396 973 vero
419 913 633 989 propositiones
647 912 685 971 ad
709 932 804 987 usum,
827 916 966 985 exercitii,
989 930 1047 972 nou
1071 914 1228 971 memoriae
1253 913 1409 972 verborum
1433 926 1507 969 con·

149 1012 309 1081 ceptorum.
342 1001 394 1060 Est
416 1018 492 1057 ntrnc
516 997 613 1059 Odera
637 1001 819 1060 Francolurti
844 1001 1030 1059 inmanibus
1055 997 1150 1059 Ursini
1176 999 1402 1077 diatyposis
1424 1014 1508 1055 mea

148 1090 379 1169 systematis
401 1087 693 1147 mathematicos
701 1134 711 1165 ,
742 1090 770 1146 in
794 1090 989 1147 minutissima
1012 1087 1142 1146 membra
1165 1096 1272 1159 sectae,
1296 1097 1330 1145 ut
1352 1086 1507 1145 materiam

150 1179 289 1237 exercitio
318 1174 427 1249 logices
457 1173 643 1249 srtppcditare
667 1178 768 1250 possit.
814 1175 936 1234 Tabulis
969 1184 1005 1233 lo
1030 1176 1234 1251 continuisque
1262 1174 1301 1233 ab
1330 1190 1389 1231 uno
1418 1172 1507 1232 titulo

149 1264 359 1325 blaectionilms
384 1260 430 1321 vcl
454 1262 670 1319 triscetionibus
692 1280 744 1339 per
760 1278 861 1321 omnes
883 1262 1101 1337 disciplinarum
1125 1261 1240 1320 illarum
1262 1263 1391 1319 omnium
1407 1270 1507 1337 partes

147 1352 326 1428 explicatur,
359 1358 390 1407 ut
419 1347 468 1408 tila
491 1366 543 1425 per
566 1348 749 1407 latitudinem
779 1349 841 1407 lolii
864 1351 976 1408 arborei
1009 1348 1180 1408 rumusculis
1209 1350 1271 1407 suis
1295 1347 1507 1407 dillunduntur.

147 1437 216 1499 llas
238 1436 356 1497 tabulae
379 1435 498 1495 additae
515 1434 726 1513 Dasypodiano
741 1439 894 1513 systemati
909 1436 1130 1495 mathematicos
1153 1440 1363 1495 connexionem
1387 1446 1417 1495 et
1432 1454 1508 1509 eog-

147 1530 297 1585 nationem
320 1524 505 1584 ostenderent
529 1540 638 1593 corutu,
661 1540 740 1598 quae
762 1532 830 1582 sunt
853 1526 882 1581 in
905 1523 957 1583 illo
980 1526 1064 1599 quasi
1088 1522 1232 1583 dissoluta
1254 1534 1306 1583 aut
1321 1524 1508 1599 cognationis

147 1612 292 1689 graduum
323 1628 380 1669 nou
405 1610 570 1671 manifesta.
615 1609 674 1671 Sed
697 1612 771 1685 repit
793 1611 867 1672 ltaec
894 1630 960 1671 mea
984 1620 1098 1669 textura
1127 1628 1179 1687 per
1201 1628 1302 1669 omnes
1324 1609 1508 1670 subtilitates

147 1699 341 1759 Harmonices
365 1708 393 1756 et
410 1698 562 1773 lipitomae
578 1716 670 1767 meae,
695 1714 790 1773 eoque
805 1716 893 1773 supra
909 1708 1026 1775 captum
1042 1714 1196 1775 puerorum
1211 1695 1380 1775 suppeditat
1403 1694 1507 1756 mults.

149 1786 247 1847 Velim
278 1797 374 1846 tannen
402 1784 439 1843 ad
470 1802 574 1843 rrtanus
601 1785 753 1857 ltalrerem,
786 1794 837 1843 tuo
869 1785 897 1843 id
920 1786 1040 1845 arbitrio
1069 1787 1265 1861 permitterem
1292 1782 1509 1855 excudendum,

149 1876 237 1935 ctiam
269 1873 306 1933 ad
329 1872 406 1931 ulios
429 1888 516 1948 quam
548 1880 661 1930 vestros
690 1872 830 1931 classicos
859 1890 946 1945 ustts;
977 1888 1046 1931 nam
1067 1868 1191 1931 Ursinus
1220 1874 1432 1949 tergiversatur
1456 1881 1508 1929 atrt

147 1970 280 2038 tempora
303 1962 399 2037 ipsum
421 1968 579 2017 morantur.
626 1958 731 2018 llabeo
755 1969 784 2018 et
807 1961 835 2015 iu
859 1960 993 2017 nrauibus
1017 1956 1113 2019 Ursini
1138 1962 1301 2019 tersionem
1325 1958 1507 2037 llypotypo·

148 2066 220 2110 scon
235 2047 330 2107 Procli
353 2048 627 2119 astronomicarum;
652 2044 680 2103 id
703 2052 733 2105 ct
755 2047 938 2122 antiquitatis
962 2045 1101 2105 bonorem
1124 2045 1222 2113 babet,
1246 2056 1275 2107 et
1298 2046 1506 2123 compendium

148 2144 195 2197 est
217 2138 246 2193 in
269 2134 473 2195 Ptolemaeum
496 2150 591 2208 eoque
614 2149 665 2211 pro
689 2132 782 2192 classe
804 2133 952 2193 solidioris
976 2132 1080 2208 judicii
1102 2134 1176 2193 torto
1199 2151 1257 2191 tion
1280 2131 1401 2193 malunt.
1447 2130 1508 2193 Sed

146 2222 266 2284 libellus
291 2223 354 2300 ipse
377 2220 583 2297 ltypotlresium
606 2218 778 2292 Ptolemaei,
801 2238 876 2295 quas
898 2230 964 2298 post
983 2220 1185 2295 rtlrnngestum
1208 2223 1334 2298 scripsit,
1357 2219 1456 2279 sditns
1478 2221 1509 2279 ln

148 2309 259 2385 Augila
281 2330 300 2371 a
322 2305 529 2379 Bainbridgio,
561 2305 681 2365 deberet
702 2306 837 2381 adjungi,
861 2309 886 2363 si
911 2325 976 2365 cum
999 2308 1118 2365 licentia
1140 2308 1316 2385 typograplsi
1340 2308 1423 2366 illius
1446 2306 1509 2367 deti

147 2405 256 2478 posset.
301 2394 380 2470 Quid
405 2412 473 2453 cero
496 2396 521 2451 si
544 2395 606 2465 tibi,
629 2407 662 2451 ut
682 2393 773 2468 joser,
798 2396 1014 2453 astronomiam
1038 2412 1133 2453 stream
1158 2394 1312 2463 Lunarem,
1335 2412 1390 2455 scu
1412 2411 1509 2473 appa·

147 2486 307 2545 sentiarum
330 2480 500 2542 coelestium
525 2483 553 2537 iu
578 2479 662 2539 Luna
684 2480 861 2557 subjiciam?
898 2480 976 2541 Sans
998 2485 1048 2557 qui
1072 2481 1207 2559 pellimur
1227 2482 1341 2553 Terris,
1365 2484 1508 2541 viaticum

149 2572 207 2632 boc
229 2569 373 2631 conducet
402 2568 653 2646 peregrinantibus
676 2578 727 2627 aut
751 2569 943 2645 migrantibus
972 2572 1001 2627 in
1025 2570 1147 2629 lamam.
1192 2568 1227 2627 Ei
1251 2568 1352 2629 libello
1375 2567 1509 2645 adiungo

149 2657 340 2719 Plutarchum
370 2655 407 2716 de
429 2656 504 2715 lacie
529 2655 646 2725 Lunae,
678 2673 791 2715 uersum
815 2674 833 2715 a
855 2674 902 2715 me
925 2656 961 2715 de
984 2673 1080 2729 noro,
1103 2674 1138 2715 es
1162 2658 1310 2733 plerisque
1332 2657 1449 2716 lacunis
1473 2674 1507 2715 sa

149 2762 238 2807 sensu
261 2746 452 2819 integratum,
475 2741 554 2819 quod
578 2742 750 2820 Xylundro,
774 2746 824 2819 qui
847 2742 1027 2821 professione
1050 2752 1234 2803 astronomus
1258 2761 1315 2803 uon
1339 2754 1418 2817 crat,
1451 2746 1509 2803 inr-

149 2832 291 2913 possibila
313 2832 377 2890 l'uit.
420 2830 476 2909 (Ex
499 2830 591 2889 literis
614 2829 641 2888 d.
666 2830 775 2905 Sagaui
799 2839 887 2908 postr.
912 2830 975 2889 Cal.
999 2830 1085 2891 alant.
1109 2830 1197 2907 Greg.
1222 2833 1291 2889 amri
1318 2830 1428 2905 toas.)

254 2920 341 2978 Paulo
359 2930 424 2989 post
442 2920 499 2987 (29.
518 2920 599 2989 lips.)
626 2920 719 2975 scribit
738 2920 885 2991 lieplerus:
913 2916 959 2975 rid
974 2916 1186 2995 Tatnpacltium
1203 2920 1268 2977 misi
1292 2918 1411 2979 tabulas
1437 2914 1510 2977 'iad

149 3014 281 3085 systema
303 3004 542 3063 mathematicum
567 3003 778 3077 conducentes,
802 3014 831 3063 et
853 3006 918 3061 misi
942 3022 978 3063 ea
1000 3005 1183 3076 conditione,
1206 3013 1239 3064 ut
1261 3008 1285 3063 si
1310 3005 1383 3065 uelit
1406 3006 1511 3083 impri-

150 3103 221 3165 mat,
244 3109 367 3151 monens
390 3100 498 3163 tamen,
523 3100 554 3149 ut
576 3089 701 3151 consilia
723 3102 818 3151 tecum
842 3094 1045 3163 communicet,
1069 3094 1140 3168 quia
1162 3103 1293 3169 systema
1317 3092 1510 3171 Dssypodia-

146 3198 217 3241 num
240 3198 352 3239 rursum
377 3177 600 3255 imprimendum
622 3180 674 3249 sit,
706 3188 738 3236 ut
760 3182 873 3255 possint
897 3178 1033 3253 conjungi
1057 3190 1086 3237 et
1108 3178 1336 3255 allegationibus
1365 3182 1509 3258 coaptari.

147 3271 200 3327 Die
218 3270 263 3325 22.
280 3270 347 3323 Julii
365 3267 450 3323 relert
468 3267 604 3337 lieplerus
624 3270 811 3337 tterueggeso,
830 3267 950 3323 'l'rrbulas
969 3284 1034 3323 suus
1052 3272 1207 3339 tytrttptieas
1232 3272 1388 3341 systematis
1405 3272 1511 3327 matht·

146 3350 239 3406 malici
257 3348 397 3417 accepisse
415 3345 625 3417 Tampachium.
650 3348 781 3405 scribere.
808 3364 838 3401 se
858 3348 1021 3417 lietueggeri
1044 3366 1122 3403 nsum
1141 3350 1270 3409 consilto,
1296 3350 1331 3405 nd
1354 3366 1437 3421 quent
1452 3350 1511 3419 J'attt

152 3426 268 3495 scribat,
292 3426 363 3479 selle
388 3441 434 3480 eas
452 3426 614 3495 imprimere.
651 3424 755 3479 Deinde
774 3426 799 3479 d.
822 3430 861 3479 lti.
881 3426 962 3479 Febr.
985 3426 1062 3483 tttto:
1092 3424 1264 3502 lliatyposis
1281 3424 1445 3505 utplucct?
1462 3426 1508 3485 aa

151 3528 266 3583 censes,
300 3511 366 3568 usui
396 3510 522 3567 luturmn
552 3506 649 3567 studio
672 3508 875 3586 plrilosopltieo
899 3510 1023 3567 restro?
1060 3511 1122 3587 ligo
1145 3529 1203 3569 non
1229 3512 1316 3571 relius
1345 3512 1430 3573 aliter
1455 3516 1511 3571 ian·

150 3600 245 3676 primi,
270 3598 325 3655 nisl
350 3614 415 3654 cunr
439 3594 660 3673 llasypodianis
683 3614 700 3655 e
721 3598 834 3669 graecis
858 3596 992 3671 atljeetis,
1016 3596 1106 3657 literis
1129 3600 1372 3677 respondentibus
1396 3600 1512 3661 utrobi·

150 3701 218 3762 quc.
265 3684 302 3741 tlt
324 3694 394 3743 tunc
416 3686 560 3743 mitterem
584 3682 798 3741 dedicationem
822 3682 999 3743 lloelcldero
1023 3684 1159 3757 lislingae
1182 3688 1355 3747 laciendum.

254 3774 365 3831 Octobri
385 3773 502 3843 denique
521 3774 584 3829 anui
606 3776 673 3827 totto
692 3773 785 3841 lipsio
804 3773 939 3845 lieplerus
958 3774 1045 3829 eidem
1070 3778 1195 3833 nunciat:
1218 3774 1367 3853 Synopsin
1377 3774 1414 3833 D.
1422 3774 1512 3835 Bart-

150 3858 250 3919 sebius
274 3876 357 3919 meus
380 3856 418 3917 ad
441 3876 487 3917 rue
511 3856 619 3927 tetulit,
643 3866 791 3929 causatus,
815 3860 919 3917 excudi
943 3876 1000 3917 non
1018 3877 1113 3936 posse,
1137 3863 1193 3919 nisi
1216 3864 1376 3922 etiamnum
1400 3860 1513 3921 descri-

151 3944 254 4017 batur,
288 3955 497 4023 ptaetereaqne
528 3942 660 4002 inutilem
687 3944 834 4019 juventuti
866 3948 923 4003 nisi
946 3945 1133 4023 explanetur,
1160 3950 1303 4017 tacturus,
1335 3951 1391 4007 nisi
1414 3948 1512 4019 fallor.

151 4029 229 4091 idem
253 4032 385 4103 liuclidi,
417 4030 536 4110 l'appo,
561 4030 734 4108 Apollonio,
759 4032 916 4101 atllrazeui,
944 4052 1011 4091 nam
1035 4036 1192 4109 impatiens
1214 4048 1258 4096 est
1282 4037 1373 4097 lector
1396 4036 1512 4095 taliunr.

151 4115 272 4191 Posset,
295 4124 321 4177 si
345 4118 448 4187 vellet,
471 4138 517 4179 rnc
541 4120 663 4178 absente
686 4118 828 4179 excudere
853 4122 881 4177 in
905 4122 1119 4199 typograpltcio
1142 4124 1321 4197 Saguneusl,
1353 4122 1406 4183 ssd
1428 4134 1512 4203 puto.

152 4224 249 4265 mcum
273 4216 423 4283 exspectat
446 4206 580 4267 reditum.

258 4296 392 4365 lieplerus
411 4298 547 4363 saganam
573 4314 626 4351 non
645 4295 739 4361 rediit,
761 4308 847 4351 morte
871 4298 1002 4367 abreptus
1021 4302 1175 4369 repentina,
1203 4318 1264 4357 eum
1283 4302 1327 4355 rix
1345 4302 1515 4369 advenisset,

152 4374 318 4431 Ratisbonne
336 4375 412 4429 initio
426 4378 525 4429 mensis
538 4374 699 4429 Novembris
717 4392 789 4429 sunta
811 4376 885 4431 tatu.
916 4376 1044 4441 Talarius,
1063 4394 1132 4447 quas
1150 4380 1176 4433 iu
1189 4380 1347 4449 praemissis
1359 4380 1427 4438 dicit
1439 4380 1513 4453 Rsp-

154 4454 228 4509 lerus
247 4454 411 4523 synttpticas,
431 4470 484 4509 non
503 4452 732 4522 deprehendimus
752 4452 821 4507 iuter
839 4456 1021 4523 manuscripta
1036 4456 1237 4512 l‘ullmriensia.
1258 4457 1306 4514 sed
1324 4458 1422 4529 malta,
1441 4474 1514 4529 quas

155 4532 318 4601 conscripsit
335 4534 413 4601 quasi
432 4550 599 4603 praepsrans
619 4533 789 4601 opuseulum.

258 4614 288 4665 ln
308 4614 340 4665 iis
358 4628 428 4679 quae
446 4624 598 4681 sequamur
621 4627 745 4678 quaeque
768 4611 926 4677 collegimus
945 4628 978 4665 ex
999 4614 1111 4667 ‹tteeats
1135 4615 1380 4683 msnrtscriptonrtn
1400 4614 1513 4671 solunt-

154 4688 233 4743 nilrus
246 4690 343 4757 partiar
363 4688 443 4757 pluas
461 4692 582 4759 perlecta
596 4698 623 4743 et
636 4690 714 4755 quasi
734 4688 768 4742 atl
787 4702 879 4757 typum
899 4700 1069 4759 praeparatu.
1088 4694 1187 4759 partim
1206 4692 1376 4761 imperfecta.
1395 4692 1514 4751 elucebit

154 4766 351 4835 quadamtenus
369 4784 477 4839 scopus.
497 4784 578 4837 quem
597 4766 649 4823 sihi
669 4780 847 4837 proposuerat
862 4768 997 4835 lit-pleros
1032 4770 1193 4823 Adtlitlimtts
1212 4772 1324 4841 insuper
1341 4770 1412 4827 alios
1430 4786 1513 4827 cona·
