3308 5534
308 422 316 435 ·
400 404 580 468 immanium
596 405 737 467 Ebioniae
753 406 945 467 annonariae
963 408 1055 467 tetulo
1071 404 1159 469 lei
1342 424 1355 487 ζ
1386 402 1451 476 637

120 588 255 664 iratorii,
285 589 380 650 minor
406 591 461 651 erit
489 588 654 650 librationis
685 589 874 667 apparentia,
906 588 993 649 Luna
1020 590 1065 664 (et
1084 588 1128 648 sic
1156 588 1245 648 etiam
1268 582 1397 664 circella)
1419 587 1450 645 ln

120 694 229 755 aegaee
252 684 397 752 versante,
420 678 515 753 major
537 679 567 736 in
589 678 736 754 perigaeo.
780 677 886 754 ltaque
908 676 1050 749 Brabens,
1074 675 1185 736 iaciens
1208 673 1331 736 eandem
1354 690 1450 750 appa·

120 767 217 827 utiam
239 765 385 843 utrinque,
409 763 582 842 inaequales
604 767 708 825 statuit
730 762 864 825 circellos
886 762 1064 838 libratorios,
1087 763 1229 840 majorem
1252 764 1282 820 in
1306 777 1450 839 apogaeo,

120 854 235 914 tuorem
265 854 296 911 in
318 855 472 930 perigaeo,
501 860 530 912 et
558 869 618 911 uno
648 852 739 913 verbo
768 853 798 912 in
822 850 956 928 quolibet
983 852 1122 911 circuitus
1149 857 1258 928 puncto
1291 851 1451 927 propriam.

120 939 173 1000 uid
195 939 309 1017 igitur?
346 939 424 1000 Num
439 939 574 1001 Braheus
589 939 688 1000 laesae
711 939 874 1017 majestatis
897 940 1111 999 astronomicas
1133 955 1200 999 reue
1215 945 1275 1012 est,
1299 936 1380 1014 quod
1394 938 1452 997 ista

120 1049 319 1105 νωμετρηιως
344 1026 531 1088 introduxit?
577 1025 752 1103 Quicunque
781 1028 926 1087 morosius
947 1028 1006 1086 ista
1027 1026 1098 1102 lert,
1128 1043 1160 1086 se
1190 1026 1316 1086 latentur
1338 1022 1450 1084 nnllam

120 1118 292 1176 atronemiae
328 1117 474 1192 genuinae
502 1115 565 1190 jam
594 1114 683 1174 modo
713 1116 860 1175 nascentis
889 1121 1008 1190 gustum
1040 1116 1216 1191 percepisse.
1268 1111 1344 1173 Nam
1375 1114 1450 1172 ratio

120 1206 221 1281 byaiea
243 1212 289 1262 eat
311 1201 399 1279 hujus
422 1201 587 1262 librationis
612 1219 707 1278 eaque
729 1201 858 1261 nondum
881 1203 954 1261 satis
978 1210 1135 1278 comperta,
1158 1200 1238 1278 qaod
1252 1199 1452 1260 immediatam

120 1308 216 1350 tusam
238 1291 353 1350 attinet.
392 1290 544 1350 Dimensio
567 1291 682 1349 interim
706 1296 755 1349 sat
776 1296 864 1349 certa.
901 1287 960 1348 Cur
983 1290 1071 1367 igitur
1093 1291 1279 1365 geometricis
1302 1289 1451 1348 inventio-

120 1380 184 1438 ibus
207 1377 341 1437 Brahena
372 1375 510 1437 lectorem
539 1375 705 1448 deluderet,
738 1382 884 1449 enatura
913 1374 996 1434 illum
1020 1375 1169 1437 abducens
1192 1376 1230 1436 ad
1252 1392 1323 1435 snas
1345 1378 1451 1436 iuren-

120 1483 206 1539 ones,
240 1481 307 1524 cum
335 1464 509 1524 circulorum
538 1465 666 1523 vinculis
690 1462 782 1541 (quod
805 1469 974 1539 geometrae
997 1466 1252 1540 praeconcipiuut)
1282 1469 1380 1538 motus
1402 1464 1451 1521 isti

120 1570 153 1611 on
174 1551 433 1613 administrentur?
477 1551 581 1610 Potius
605 1553 695 1627 igitur
718 1552 773 1609 luit
795 1549 909 1611 calculo
932 1568 993 1610 rem
1016 1553 1112 1627 ipsam
1139 1553 1285 1629 persequi,
1310 1557 1343 1609 ut
1365 1566 1451 1609 veros

120 1656 198 1700 anae
219 1647 318 1699 metus
340 1639 443 1699 baberi
465 1646 584 1716 posset,
615 1641 836 1715 inquisitionem
866 1654 974 1697 causae
998 1637 1112 1700 differre
1135 1642 1164 1698 iu
1187 1641 1349 1699 uberiorem
1374 1646 1452 1697 trac·

120 1738 198 1788 unm.
244 1726 277 1787 Si
306 1727 377 1804 qnid
404 1728 540 1804 peccavit
568 1724 687 1804 Tycha,
721 1727 751 1783 in
781 1724 839 1784 hoc
864 1728 1016 1802 peccarit,
1048 1726 1128 1803 quod
1158 1729 1279 1786 nimium
1308 1726 1451 1786 delicatos

120 1816 200 1875 abuit
221 1824 388 1892 geometras
411 1813 529 1889 illisque
552 1811 665 1872 studuit
680 1813 849 1873 satisiaeere
866 1815 992 1873 ostensis
1008 1813 1183 1874 circulorum
1205 1815 1320 1888 mediis,
1345 1814 1451 1889 quibas

120 1909 155 1963 tta
181 1900 379 1979 inaequalitas
409 1900 606 1961 administrari
636 1902 739 1978 possit.
784 1897 923 1977 Oportuit
950 1902 1067 1962 interim
1098 1901 1269 1978 longissime
1300 1917 1450 1962 removere

120 1996 272 2065 penetras,
297 1988 367 2048 dnm
388 1988 478 2066 plena
500 2005 606 2048 causae
630 1990 759 2065 cognitio
782 1995 954 2065 patesceret.

202 2072 259 2161 16)
280 2073 440 2154 Opponens
462 2082 585 2153 quaerat
607 2074 785 2152 diligentins,
808 2082 961 2152 separatas
983 2077 1112 2136 inveniet
1133 2074 1214 2155 leges
1237 2084 1266 2136 et
1281 2094 1334 2154 pro
1350 2073 1450 2154 paral·

120 2166 160 2226 sal
181 2172 212 2226 et
232 2182 286 2242 pra
309 2164 482 2224 retractione
505 2163 710 2240 computanda.

203 2254 259 2327 17)
281 2249 407 2328 Quando
437 2268 504 2310 cnm
532 2251 646 2310 calculo
674 2250 867 2328 longitudinis
898 2251 1063 2312 conteratur
1091 2251 1277 2331 observatio,
1306 2268 1342 2311 ea
1368 2251 1450 2328 prins

120 2338 274 2413 audeatur,
290 2339 393 2398 ablata
407 2338 550 2416 parallaxi
567 2343 596 2398 et
610 2339 803 2415 retractione3
818 2341 919 2416 itaque
935 2340 1051 2416 quoties
1066 2356 1160 2399 vera
1175 2338 1277 2399 Lunae
1291 2337 1448 2415 longitudo

120 2427 149 2489 ttl
161 2426 286 2489 latitudo
299 2426 459 2503 profitetur,
476 2427 564 2486 toties
580 2425 635 2487 bae
651 2425 847 2487 horizontales
861 2425 1087 2502 inaequalitates
1104 2424 1305 2503 intelligantur
1320 2425 1449 2486 ablatae.

203 2516 259 2591 18)
281 2513 399 2574 Novum
412 2513 470 2573 boc
484 2521 644 2572 monstrum
661 2523 713 2587 est,
737 2515 767 2571 in
790 2517 978 2585 asuouemia,
1002 2516 1171 2588 praesertim
1186 2512 1352 2586 Prutcnioa,
1376 2515 1452 2573 inter

120 2609 288 2681 ppatentem
316 2610 346 2663 et
376 2619 479 2662 rerum
506 2608 618 2660 motum
648 2601 827 2678 distinguere
853 2600 1032 2678 simpliciter.
1076 2600 1152 2660 Nam
1182 2618 1240 2661 vox
1263 2602 1451 2678 apparentia

120 2688 150 2751 el
169 2694 253 2750 aaut
274 2689 399 2748 sumitur
420 2705 479 2747 non
501 2695 615 2747 tautum
639 2688 674 2748 de
697 2689 891 2748 varietatibus
913 2687 1158 2763 horizontalibus,
1182 2687 1235 2749 sed
1256 2689 1349 2749 multo
1372 2687 1452 2748 enti·

120 2778 185 2855 plus
207 2776 244 2837 de
267 2779 372 2836 ceteris
395 2774 530 2835 omnibus
552 2776 788 2851 aequationibus,
813 2775 920 2853 quibus
941 2784 1039 2834 motus
1062 2776 1151 2836 medii
1174 2777 1341 2836 alterantur.

137 2902 145 2925 0
203 2864 259 2942 19)
281 2861 442 2941 Oppoucns
471 2879 530 2921 non
558 2865 689 2922 meminit
719 2880 793 2923 aee
822 2862 900 2922 lecta
928 2862 1202 2941 Progymnasmata.
1248 2863 1451 2924 Retractioues

120 2956 162 3013 'tm
183 2969 261 3013 anno
287 2956 380 3012 1582.
405 2949 635 3025 animadversae,
659 2950 788 3011 Lanario
810 2967 887 3010 enno
912 2956 1005 3010 1600.
1028 2952 1165 3027 perlecta.

204 3037 258 3119 20)
280 3038 344 3097 Imo
367 3037 469 3116 'Pycbo
492 3038 560 3097 lacit
584 3056 650 3098 eum
675 3035 710 3096 7υ
733 3035 794 3112 28¹,
819 3039 907 3098 ceteri
930 3035 965 3097 7⁰
987 3034 1050 3098 40¹.

202 3126 259 3204 21)
280 3125 338 3185 Hic
361 3142 512 3202 opponens
535 3129 651 3202 egregie
673 3124 791 3185 fallitur.
838 3124 947 3186 Verum
969 3131 1027 3199 est,
1056 3126 1088 3182 ia
1110 3122 1297 3201 quadraturis
1319 3134 1451 3186 centrum

120 3216 251 3275 meritrici
274 3231 339 3274 esse
361 3216 391 3271 in
408 3213 430 3285 1,
454 3215 497 3271 sic
520 3221 552 3270 ut
567 3213 663 3272 natu
685 3215 724 3271 sit
744 3213 824 3272 linea
845 3213 988 3290 apsidum.
1028 3212 1068 3270 At
1089 3214 1186 3289 posito
1203 3213 1328 3291 epicycli
1351 3220 1450 3273 centro

120 3301 183 3378 ili,
206 3303 288 3361 linea
310 3299 461 3377 apsidum,
491 3299 610 3375 planeta
632 3316 690 3359 non
714 3308 759 3360 est
780 3303 810 3359 in
832 3299 879 3373 M,
903 3300 956 3361 sed
979 3302 1008 3357 in
1032 3299 1156 3377 epicycli
1178 3317 1323 3379 apogaeo,
1347 3317 1448 3361 carens

120 3391 178 3449 mni
205 3390 383 3465 aequatione
413 3388 582 3464 epicyclica.
633 3387 731 3447 Ponat
760 3404 830 3463 ergo
860 3396 990 3448 centrum
1019 3388 1143 3464 epicycli
1171 3404 1230 3448 non
1260 3391 1291 3447 in
1323 3387 1346 3448 i*
1375 3405 1451 3466 apo·

120 3492 173 3537 teo
194 3475 249 3537 sed
270 3478 301 3533 in
323 3475 506 3551 longitndine
529 3475 634 3548 media,
658 3484 688 3534 et
710 3475 863 3552 apparebit
884 3475 1014 3550 fallacia3
1042 3492 1169 3550 namque
1190 3483 1332 3553 patescet,
1356 3478 1451 3535 maxi-

120 3580 179 3625 rum
205 3564 428 3640 inaequalitatis
459 3562 598 3638 angulum
628 3565 728 3638 augeri
751 3565 780 3619 in
802 3560 987 3639 quadraturis
1014 3579 1074 3622 uon
1105 3579 1158 3640 per
1188 3565 1452 3640 appmpiuquatlo·

120 3670 180 3726 em,
210 3650 264 3713 sed
292 3669 345 3728 per
368 3652 582 3728 appositionem
605 3648 812 3709 diametrorum
835 3648 1032 3728 epicyolornm
1056 3649 1093 3710 ad
1123 3659 1254 3711 centrum
1286 3657 1316 3711 et
1342 3653 1371 3708 in
1395 3652 1452 3710 cir·

120 3740 299 3801 amlerentia.

205 3825 260 3907 22)
284 3827 313 3885 Is
336 3832 382 3885 est
403 3825 573 3902 completos.
619 3825 696 3902 Ergo
719 3822 839 3902 politice
864 3829 914 3887 te.
938 3824 1015 3902 Aug.
1038 3842 1124 3885 mane
1147 3825 1221 3885 hora
1246 3831 1274 3885 7.
1300 3825 1403 3907 32)(

203 3913 260 3991 23)
284 3911 446 3971 Addendae
468 3913 582 3972 inerunt
605 3911 695 3971 borae
720 3919 770 3972 12.

203 4006 261 4075 24)
285 4001 479 4058 Astronomus
502 4000 608 4076 aliquis
631 3999 667 4060 de
689 4000 830 4078 Tycbone
851 4016 911 4059 non
934 3999 1047 4072 credet,
1080 3999 1159 4075 quod
1182 3998 1230 4060 vel
1253 4001 1282 4057 in
1312 4015 1365 4058 suo
1389 3998 1453 4058 cal·

120 4088 166 4149 nlo
188 4105 248 4149 nno
273 4087 330 4157 die,
355 4087 402 4146 vel
427 4090 454 4144 iu
479 4087 658 4164 allegatione
681 4088 835 4166 Gopernici
858 4090 944 4147 unius
967 4088 1026 4147 diei
1048 4098 1131 4146 motu
1154 4088 1276 4147 aberret.
1315 4086 1381 4145 Non
1397 4086 1453 4145 init

120 4194 186 4254 pus,
221 4174 374 4235 consulere
396 4174 541 4233 caleulum
564 4176 733 4252 Ceperaiei,
763 4193 829 4236 cum
852 4182 999 4235 exstarent
1022 4175 1228 4251 Epiremerides
1251 4174 1401 4234 Maestlini
1424 4181 1455 4233 et
1514 4201 1517 4206 Δ

120 4264 230 4341 lagini,
262 4263 414 4340 quaelibet
443 4265 565 4323 seorsim
594 4265 702 4339 scripte
731 4272 761 4323 et
788 4265 1004 4323 consentientes
1034 4265 1063 4320 in
1093 4262 1159 4324 loeo
1188 4262 1291 4323 Lunae
1321 4261 1359 4322 ad
1387 4260 1453 4321 dic·

120 4370 162 4412 rm
185 4351 275 4411 diem.

205 4420 262 4516 27))
284 4436 492 4497 Hallucioatus
515 4446 561 4497 est
583 4454 618 4497 er
641 4438 720 4498 mala
742 4437 941 4498 intellectione
964 4436 1115 4515 Tyehonis
1137 4439 1214 4497 eirca
1235 4436 1388 4514 epocham.

204 4526 261 4604 26)
285 4524 412 4601 Optime.

203 4616 262 4690 27)
285 4612 352 4673 Hoc
374 4629 461 4672 secus
483 4613 581 4672 babet.
626 4612 835 4689 premerides
865 4614 995 4672 omnium
1025 4620 1178 4671 auctarum
1208 4619 1238 4671 et
1259 4611 1313 4670 bos
1336 4619 1454 4671 secutus

120 4701 232 4765 itabens
254 4704 286 4762 in
308 4701 429 4761 meridia
451 4703 536 4776 primi
560 4700 618 4759 diei
640 4701 752 4776 politici
775 4702 917 4777 incipiunt
946 4703 1071 4777 primum
1094 4701 1335 4773 astronomicum,
1365 4705 1396 4758 et
1423 4701 1452 4757 in

120 4790 219 4852 reddis
241 4787 362 4849 monadi
385 4785 498 4862 politici
522 4787 670 4863 complent
691 4790 825 4866 primum,
848 4787 988 4848 inchoant
1009 4787 1180 4848 secundum.

203 4879 261 4956 28)
286 4875 440 4938 communi
454 4873 557 4950 Ephe
567 4893 617 4936 me
627 4876 745 4936 ridum
765 4892 856 4936 more.
891 4876 1012 4938 Interim
1027 4879 1141 4953 integro
1156 4875 1205 4938 dia
1220 4876 1316 4939 differt
1330 4893 1349 4937 a
1364 4876 1454 4943 aba·
