3308 5534
490 396 534 461 Do
550 397 645 461 amieis
663 406 692 459 et
709 398 863 461 fautoribus
880 394 1004 473 Kepleri.
1355 396 1419 473 947

62 589 94 645 et
114 580 274 645 iiiilierum
296 580 417 663 Lipsiae
439 584 635 661 professores,
659 580 848 660 Heydonium
872 582 1015 659 Aegium,
1040 581 1216 643 Wackerum
1239 582 1329 641 misit
1375 583 1422 644 De

61 674 233 748 pecunia
255 671 396 750 denique,
424 673 548 745 salario,
580 672 668 731 rebus
691 669 861 730 domesticis
884 673 1001 747 scripsit
1023 669 1060 729 ad
1083 668 1217 729 Marcum
1241 669 1420 747 Welserum,

62 761 169 819 seram
191 761 380 835 praelectum,
404 759 442 818 ad
464 759 659 831 Herwartum,
682 756 868 833 Misgonium
891 760 1076 835 imperatoris
1098 757 1253 830 medicum,
1278 757 1421 835 Argenti·

61 863 132 906 nam
154 844 193 906 ad
212 847 439 923 Berneggerum,
464 853 614 923 spectatae
629 843 698 905 iidei
713 848 848 919 amicum,
874 842 990 905 Ulmam
1012 844 1050 904 ad
1067 843 1332 918 Hebenstrcitium,
1357 844 1421 905 Tu-

62 934 184 1010 biagam
212 933 250 994 ad
279 934 506 1006 Schiclrardum‚
535 933 765 1009 Regiomonium
793 931 832 991 ad
862 932 986 1009 Papium
1016 932 1206 1007 (quibuscum
1235 932 1271 992 de
1300 932 1422 993 edendis

62 1037 183 1099 quoqne
214 1024 304 1081 variis
333 1021 415 1082 libris
438 1021 525 1097 egit),
557 1019 595 1079 ad
618 1019 765 1079 Batonem
787 1017 934 1081 Jotunem
957 1018 1136 1079 Fridericam
1159 1018 1370 1079 Hoilmaunum
1392 1028 1422 1081 et

62 1108 144 1184 quod
164 1108 226 1184 jam
250 1127 339 1185 supra
362 1116 553 1167 memoratam
577 1116 631 1179 est,
654 1107 693 1166 ad
715 1106 919 1181 Tubingenscs
942 1106 1101 1166 Besoidum
1125 1113 1154 1165 et
1176 1106 1375 1167 Maestlinum.

170 1196 213 1253 lix
228 1196 350 1272 Kepleri
366 1197 498 1272 epistolis
514 1196 658 1271 conjicere
680 1192 760 1268 licet,
785 1194 887 1269 quales
910 1195 1016 1253 iucriut
1040 1203 1069 1253 et
1091 1197 1146 1253 viri
1169 1211 1265 1254 osores
1288 1202 1317 1253 et
1340 1198 1424 1273 cogi·

63 1277 146 1341 tandi
176 1284 265 1354 ratio,
297 1282 385 1357 qualo
414 1284 620 1341 commercium
648 1299 713 1341 eum
744 1283 879 1351 summis,
916 1282 1036 1353 infimis,
1068 1281 1212 1356 quidquid
1246 1282 1364 1341 sciverit
1393 1291 1423 1343 et

63 1370 201 1441 senserit,
224 1370 295 1445 quid
320 1374 349 1427 in
372 1370 464 1428 literis
487 1370 655 1447 profecerit,
684 1384 742 1445 quo
766 1368 892 1443 denique
916 1368 1037 1427 consilio
1062 1386 1152 1444 opera
1174 1387 1230 1428 sua
1253 1369 1419 1429 coniecerit.

61 1452 187 1541 Semper
209 1466 329 1534 paratus
353 1467 423 1530 erat,
448 1457 484 1516 de
506 1458 636 1515 maxima
651 1473 746 1515 rerum
763 1458 914 1529 varietate,
940 1473 1015 1529 quae
1040 1456 1065 1514 ci
1090 1466 1142 1514 atrt
1164 1457 1299 1532 cognitae
1315 1465 1422 1531 essent,

34 1550 118 1625 taut
141 1545 242 1619 procul
266 1545 405 1604 abessent
427 1546 465 1603 ab
488 1544 553 1618 ejus
576 1543 690 1614 studiis,
713 1544 739 1603 ai
762 1541 833 1618 quid
848 1546 1059 1617 interrogatum
1076 1550 1128 1600 aut
1151 1543 1317 1603 dubitatum
1335 1552 1421 1617 esset,

61 1646 133 1689 cum
155 1630 348 1690 familiaribus
371 1634 432 1690 suis
456 1647 513 1690 uon
537 1634 641 1702 minus,
665 1647 754 1706 quam
777 1648 843 1689 curn
868 1633 1040 1706 incognitis,
1065 1648 1130 1689 cum
1153 1630 1336 1708 simplicibus
1359 1634 1423 1709 agri

59 1719 249 1777 mensoribus
272 1727 302 1777 et
324 1718 562 1779 adolescentibus
585 1718 733 1777 literarum
756 1718 896 1776 studiosis
911 1735 968 1775 non
986 1720 1091 1788 minus,
1116 1736 1205 1794 quam
1228 1735 1295 1778 cum
1311 1718 1423 1779 doctis·

59 1805 147 1866 simis
168 1805 338 1864 bominibus
362 1814 391 1865 et
419 1809 540 1865 surnmis
570 1807 641 1864 siris
669 1821 720 1881 per
741 1803 842 1864 literas
872 1805 1022 1865 disserere.
1068 1805 1198 1865 Comiter
1220 1814 1249 1866 et
1271 1805 1420 1867 liberalis·

58 1894 137 1952 sime
161 1895 293 1953 ueritatis
317 1900 346 1952 et
368 1894 530 1953 studiorum
547 1891 671 1969 cupidos
686 1890 811 1967 adjuvit,
835 1898 864 1951 ct
887 1894 913 1949 si
928 1894 979 1966 qui
1002 1903 1188 1952 occurrerunt
1209 1910 1330 1967 errores,
1353 1892 1421 1953 illos

58 1982 201 2040 correxit.
232 1981 300 2057 Ipse
324 1998 393 2039 vcro
417 1982 541 2039 libenter
563 1980 660 2037 iocum
682 1978 801 2053 reliquit
823 1978 1082 2052 admonitionibus,
1108 1982 1233 2056 ingenue
1257 1980 1353 2039 lassus
1373 1999 1422 2047 cr·

58 2082 147 2127 rores
171 2066 217 2128 vel
241 2070 266 2126 si
290 2068 361 2143 quid
383 2067 565 2143 negligentia
588 2067 823 2142 praetermiserit,
847 2082 997 2139 nunquam
1013 2076 1110 2126 sutem
1128 2069 1322 2143 ignorantiam
1338 2086 1422 2127 suam

58 2154 242 2231 ambagibus
265 2155 359 2213 celare
385 2155 478 2213 voluit
500 2162 530 2213 ct
553 2155 631 2212 inani
655 2154 810 2212 verborum
832 2154 965 2228 strepitu.
1011 2152 1097 2227 Quod
1121 2154 1239 2229 quidem
1261 2153 1422 2215 clarissimo

58 2238 164 2303 elucet
192 2258 228 2301 ex
250 2242 370 2317 Kepleri
402 2241 536 2318 epistolis
562 2240 600 2299 ad
628 2240 812 2301 Davidem
842 2240 1065 2299 Fabricium
1097 2244 1229 2319 seriptis,
1260 2259 1326 2301 cum
1357 2242 1423 2319 ejus

56 2329 315 2389 accuratissimam
338 2330 535 2388 astronomiae
558 2337 588 2388 et
610 2329 762 2387 seientiam
785 2332 815 2386 et
843 2329 1050 2403 experientiam
1083 2330 1194 2403 integre
1221 2331 1425 2405 comprobaret

59 2414 225 2490 eidemque
247 2416 346 2474 multis
370 2418 399 2474 in
423 2417 510 2476 rebus
533 2417 735 2487 assentiretur,
766 2432 889 2490 quarum
912 2417 1041 2490 cognitio
1065 2417 1121 2491 ipsi
1147 2417 1329 2475 Fabricianis
1352 2436 1423 2494 par-

57 2503 119 2573 tim
143 2503 277 2578 epistolis
299 2512 402 2579 aperta
424 2511 476 2572 cst,
501 2505 715 2579 patientissime
737 2502 863 2561 Fabricii
889 2505 916 2558 in
941 2502 1128 2578 explorandis
1148 2504 1331 2579 planetarum
1355 2521 1424 2564 eur-

57 2589 152 2651 aibus
175 2591 315 2665 ambages
339 2599 509 2665 sequeretur
532 2598 560 2649 et
584 2594 752 2658 veritatem,
783 2606 817 2647 ex
842 2589 967 2647 obseura
996 2592 1050 2647 viri
1082 2590 1278 2666 explicatione
1308 2593 1425 2667 saepis-

56 2678 140 2739 einre
163 2680 291 2736 maxima
313 2695 402 2753 opera
426 2676 622 2753 deprominus,
647 2677 703 2751 ipsi
727 2675 842 2735 oderret
864 2684 893 2734 et
916 2677 1137 2739 domonstraret.
1182 2676 1344 2737 Plurimum
1368 2696 1425 2738 au·

58 2771 126 2825 tem
150 2781 183 2824 se
206 2766 247 2823 rei
270 2766 477 2840 peritissimum
495 2774 523 2822 et
539 2767 629 2823 scutit
651 2770 681 2822 et
703 2763 833 2839 praebet,
856 2763 994 2822 Fabricio
1016 2766 1200 2840 gravissime,
1224 2764 1312 2825 modo
1335 2784 1424 2827 scre-

57 2854 138 2925 rius,
163 2852 250 2911 modo
271 2852 405 2929 jocosius
429 2861 457 2910 et
481 2853 612 2924 lucetius,
637 2850 708 2927 quid
730 2853 897 2928 peccaverit
921 2849 1132 2909 demonstrans.
1178 2852 1332 2913 Fabricius
1356 2856 1425 2929 qui·

58 2936 145 3010 dem,
170 2955 235 2997 cum
259 2947 288 2997 ct
310 2941 508 2998 astronomiae
531 2938 680 2997 studiosus
696 2950 726 2998 et
742 2935 919 3013 cacologiae
935 2940 1152 2997 amantissimus
1175 2950 1262 3011 esset,
1287 2940 1324 2999 ad
1340 2941 1425 3018 Kep-

56 3024 163 3087 lerum
187 3033 326 3101 tanquam
351 3026 500 3085 oraculum
525 3028 711 3085 aestimatum
734 3025 901 3083 innumeras
924 3024 1085 3083 dotalibus
1108 3026 1195 3085 rebus
1217 3030 1317 3103 posuit
1331 3044 1425 3103 quae-

56 3114 181 3173 stiones
209 3122 239 3173 et
265 3114 407 3190 pueriles,
436 3122 466 3172 et
490 3116 617 3189 ineptas,
648 3123 676 3171 et
706 3110 784 3169 haud
816 3127 880 3170 raro
908 3111 946 3169 ad
974 3114 1066 3187 ipsam
1095 3115 1228 3188 magices
1255 3123 1284 3174 et
1314 3132 1423 3175 meram

55 3201 304 3277 superstitionem
333 3203 522 3277 pertinentes.
568 3198 683 3274 Quibus
706 3200 900 3274 superstitiosi
924 3200 977 3256 viri
1000 3198 1133 3272 epistolis
1163 3218 1240 3276 quac
1268 3212 1337 3260 sunt
1360 3218 1425 3262 res·

56 3304 165 3366 ponsa
186 3307 205 3346 a
227 3287 372 3364 Keplero,
402 3290 606 3363 quaestionum
640 3286 731 3343 rrinria
757 3284 944 3344 multitudiue
967 3302 1025 3345 uon
1049 3286 1224 3362 defatigato,
1255 3286 1333 3349 iectu
1356 3296 1426 3348 sunt

52 3373 292 3455 jucundissima.
338 3376 489 3434 Fabricius
519 3376 595 3434 onim
627 3376 731 3433 iterum
762 3375 926 3448 iterumque
949 3390 1043 3432 noras
1067 3375 1150 3434 aiicrt
1174 3375 1372 3436 dubitationes
1396 3382 1425 3437 ot

57 3462 169 3523 decies
193 3461 228 3521 de
252 3465 514 3537 argumentationis
537 3462 679 3520 inanitate
703 3459 838 3531 edoctus,
869 3461 964 3520 denuo
987 3460 1109 3536 Kepleri
1132 3466 1159 3519 iu
1184 3466 1304 3522 somniis
1327 3473 1426 3524 astro·

55 3548 176 3625 iogicis
199 3550 340 3609 auxilium
365 3557 394 3611 et
418 3548 571 3609 consilium
595 3549 723 3623 quaerit,
752 3546 790 3605 ed
813 3548 911 3623 priora
933 3565 1012 3607 nova
1035 3549 1118 3607 addit
1141 3552 1228 3608 ctiam
1252 3553 1346 3624 magis
1369 3551 1424 3610 ab·

60 3635 172 3697 surda.
219 3636 429 3712 Quemcunque
454 3645 552 3696 eutem
575 3638 603 3693 in
628 3635 744 3694 modum
767 3652 800 3693 sc
824 3637 911 3694 vertit
934 3643 961 3695 et
986 3644 1119 3710 torquet,
1141 3634 1288 3711 Keplerus
1311 3655 1426 3714 sempor

59 3731 121 3785 rtui
141 3725 197 3781 viri
223 3725 353 3783 stultitiis
377 3732 535 3800 repugnat,
566 3729 618 3781 aut
641 3725 666 3781 si
693 3721 763 3797 quid
783 3721 845 3796 jam
869 3731 956 3781 antea
982 3732 1137 3782 tractatum
1164 3722 1260 3782 derruo
1286 3714 1425 3798 attulerit,

59 3812 93 3871 id
120 3813 218 3888 ipsum
241 3811 380 3871 brevibus
404 3812 617 3882 demonstrare,
649 3812 678 3869 in
701 3808 822 3867 dubium
846 3825 968 3881 vocare,
1000 3809 1038 3867 ad
1068 3810 1157 3867 risum
1181 3809 1228 3869 vel
1258 3809 1295 3869 ad
1320 3812 1425 3870 absnr-
1461 3814 1464 3827 '

10 3910 12 3917 '
58 3898 138 3959 dum
167 3896 310 3960 deducere
339 3908 369 3959 et
399 3898 456 3957 iroe
483 3898 571 3956 modo
601 3893 867 3972 interpellationes,
898 3912 973 3970 quac
1005 3898 1033 3951 in
1065 3893 1128 3954 dies
1160 3899 1254 3971 magis
1284 3898 1425 3958 intolera-

10 3994 12 4011 ²
59 3985 143 4045 biles
167 3984 278 4057 fierent,
302 3986 431 4061 rejicere.
479 3985 537 4044 Sed
560 3993 707 4061 postremo
732 4001 798 4059 cum
821 3992 989 4041 astronomo
1011 3982 1164 4059 permultis
1186 3987 1312 4061 negotiis
1336 4002 1427 4045 occu·

10 4058 22 4107 Ι
57 4078 138 4150 pato
162 4080 215 4131 aut
236 4080 352 4148 tempus
375 4073 491 4132 deesset
513 4072 616 4131 eadent
641 4071 737 4132 denuo
760 4069 886 4146 legendi,
911 4079 963 4129 aut
985 4069 1142 4145 hominem,
1165 4090 1230 4131 cunt
1247 4075 1426 4132 somniorum

10 4154 22 4197 ¹
61 4176 189 4220 auorum
212 4161 298 4217 nimis
322 4161 542 4219 amantissimus
566 4168 657 4233 essct,
690 4156 881 4217 nullomodo
905 4156 941 4215 ad
965 4160 1108 4217 rationem
1137 4158 1236 4219 reduci
1267 4177 1354 4236 posse
1377 4163 1426 4217 in·

17 4236 24 4279 ¹
65 4246 243 4317 tellerisset,
268 4246 401 4324 epistolis
425 4265 489 4306 cum
514 4250 640 4307 marimo
666 4246 790 4306 Fabricii
815 4243 915 4304 dolore
938 4245 1116 4321 respondere
1139 4246 1241 4320 desiit,
1267 4250 1316 4322 qui
1340 4265 1424 4306 suam

10 4332 24 4379 Εἴ
64 4334 96 4393 itt
119 4332 283 4409 Kepicrum
312 4333 543 4409 indignationem
575 4346 604 4393 ct
634 4336 705 4392 iram
734 4335 841 4408 scripto
872 4331 975 4391 effudit
1000 4333 1245 4413 „l’roguostico“,
1275 4334 1354 4409 quod
1379 4336 1426 4393 in·

10 4416 24 4461 Ι
63 4423 170 4481 venire
203 4420 320 4496 quidem
344 4439 401 4479 non
426 4425 589 4498 potuimus,
621 4421 704 4495 cujus
727 4427 824 4478 tamen
855 4417 947 4477 libelii
978 4437 1055 4495 quae
1084 4423 1171 4479 i'uerit
1193 4438 1308 4479 summa
1340 4420 1427 4481 facile

10 4496 23 4561 i
64 4506 170 4584 colligi
192 4509 300 4583 poterit
322 4526 357 4567 ex
381 4507 500 4584 Kepleri
524 4522 674 4582 responso,
698 4504 777 4580 qnod
792 4505 1018 4581 premcridum
1042 4508 1216 4582 praelationi
1239 4507 1372 4568 additum
1396 4518 1427 4569 et

10 4608 18 4645 ¹
66 4592 175 4657 aedem
199 4594 258 4653 iero
281 4596 369 4653 modo
393 4613 451 4670 quo
475 4593 618 4670 epistolae
640 4594 834 4668 compositum
858 4601 911 4652 est.
954 4596 1290 4667 (ufr.v0t.11.p.tue.)

10 4682 22 4742 t'
174 4680 264 4741 Haud
287 4681 371 4742 aliter
386 4682 531 4758 Kepicrus
554 4688 683 4739 veterem
706 4679 939 4739 lioesiiuum
963 4681 1143 4757 astrologum
1167 4691 1273 4741 tractat
1296 4684 1326 4741 in
1344 4682 1426 4761 ,Ra-

16 4778 21 4811 ¹
64 4771 199 4849 sponso“
224 4774 278 4828 suo
308 4768 437 4830 editione
467 4766 731 4845 promulgatolrol.
750 4770 772 4824 i.
791 4788 817 4840 p.
838 4773 885 4828 boi
904 4774 960 4839 sse,
981 4770 1032 4826 ubi
1057 4769 1148 4845 lepori
1172 4768 1345 4847 facetiisque
1368 4772 1426 4829 mi-

10 4868 21 4917 ι·
63 4858 145 4927 ttirm
175 4858 370 4937 temperavit;
403 4859 571 4934 pariterque
605 4852 768 4930 dspiierum
803 4853 1048 4931 Vickenium,
1086 4856 1124 4919 de
1156 4874 1215 4934 quo
1250 4860 1426 4936 gravissimo

10 4958 20 4991 Ι
1160 4957 1217 4992 lii·
