3308 5534
147 417 214 491 '294
307 371 308 374 Ἴ
664 413 728 472 Vita
745 411 861 471 comata
877 410 999 485 liepleri.

147 618 186 662 ne
216 595 352 658 uideatur
379 592 465 655 sedes
495 611 616 656 errasse.
661 595 702 655 At
721 596 793 656 mihi
823 613 925 657 omnes
953 599 1028 659 istas
1053 599 1231 674 praestigias
1258 594 1381 675 depellit
1406 596 1444 673 (at
1460 604 1490 656 at

148 696 220 768 putu
243 682 412 763 depelleret,
435 684 551 742 etiamsi
571 686 693 743 rabinos
717 681 824 762 essem)
845 687 933 744 unice
956 703 1013 745 vox
1035 685 1123 746 Parati
1147 687 1249 743 onius:
1273 684 1491 763 cujuaousopas

148 774 336 836 manifestum
366 773 437 845 erit;
468 771 531 832 dies
559 775 635 831 enim
667 771 777 832 domini
800 771 976 844 declarabit,
1006 776 1076 850 quia
1106 777 1137 832 in
1159 776 1227 849 igne
1251 771 1442 841 revelabitur,
1467 780 1493 831 et

149 861 381 937 uniuscujusque
404 874 479 935 opus
501 861 590 936 quale
612 861 659 928 sit,
683 862 759 936 iguis
781 861 927 938 probabit,
950 863 975 918 si
1000 862 1084 937 eujus
1106 878 1181 939 opus
1203 862 1327 931 arserit,
1350 858 1495 919 detrimen·

150 963 213 1011 tum
235 949 372 1027 patietur,
396 947 460 1022 ipse
482 954 581 1006 autem
604 946 706 1007 salvus
729 949 792 1021 erit,
814 950 858 1008 sic
881 956 978 1008 umen
1001 951 1087 1024 quasi
1103 951 1269 1025 perignem
1285 946 1496 1026 (judiciidirbi

152 1049 181 1098 et
204 1042 378 1113 conspectus
401 1033 458 1093 Dei
487 1039 675 1111 omniumque
698 1035 877 1110 sauctorum)
906 1036 1058 1111 effugiens.
1104 1037 1252 1095 Dominus
1279 1038 1362 1095 cuim
1388 1037 1496 1094 raaisas

152 1124 330 1186 illuminabit
360 1121 533 1181 abscondita
561 1124 744 1182 tenebrarum
767 1133 797 1184 et
819 1123 1018 1183 manifestabit
1049 1123 1173 1182 consilia
1201 1123 1356 1198 cordium3
1384 1134 1414 1182 et
1438 1131 1497 1181 tuse

151 1215 218 1274 iaus
240 1205 293 1294 (ad
316 1225 431 1269 omuem
454 1218 571 1270 coetum
599 1210 757 1271 electorum
781 1219 811 1271 et
831 1214 875 1271 sic
903 1213 994 1272 etiam
1022 1213 1214 1291 vituperium,
1244 1214 1270 1269 si
1299 1226 1377 1289 opus
1396 1208 1499 1289 aueffl)

151 1302 310 1375 uuicuique
334 1314 352 1355 a
375 1297 450 1357 Deo.

257 1385 331 1446 Cum
351 1385 413 1460 jam
436 1384 486 1444 diu
511 1401 608 1445 verser
636 1387 665 1443 in
693 1389 827 1447 examine
849 1386 975 1446 thesium
998 1387 1165 1464 Wegeliui,
1195 1398 1292 1461 quas,
1318 1402 1392 1464 paee
1413 1392 1498 1444 vesus

154 1477 264 1536 dictum
288 1482 361 1546 esto,
385 1471 494 1530 multas
516 1474 666 1535 continere
689 1474 865 1535 videbantur
887 1478 1076 1549 novatianae,
1101 1485 1130 1533 ct
1148 1474 1212 1550 jam
1236 1471 1275 1531 atl
1300 1475 1399 1550 ipsum
1420 1474 1499 1531 miss

154 1567 209 1623 rim
237 1568 350 1639 partem
384 1562 542 1630 examinis,
575 1560 757 1638 objectiones
779 1562 830 1621 titt
856 1578 937 1623 meas
963 1563 1029 1638 jure
1059 1563 1237 1639 opponentis
1265 1561 1411 1633 olierens,
1438 1563 1498 1635 quia

153 1651 252 1712 lecum
283 1650 340 1707 sibi
368 1646 537 1723 disputandi
561 1651 665 1707 sumsit
694 1652 723 1707 in
746 1650 803 1710 hac
830 1649 949 1727 publica
979 1652 1057 1710 orbis
1079 1649 1234 1709 academia
1257 1647 1347 1707 editis
1368 1647 1498 1719 mosibus,

155 1755 232 1815 quae
255 1735 401 1797 rediitad
425 1752 484 1802 me,
516 1739 614 1795 nescio
639 1755 676 1796 an
699 1739 737 1796 ab
759 1737 812 1797 illo
834 1740 913 1797 risa:
945 1755 1012 1798 ecce
1042 1737 1139 1797 incido
1169 1739 1199 1794 in
1224 1734 1358 1796 Cretaeri
1383 1736 1499 1812 jesuitae

155 1827 263 1886 librum
284 1825 424 1899 scriptum
448 1831 549 1882 contra
563 1823 761 1900 Wegeliuum,
785 1826 835 1902 qui
856 1833 949 1885 totam
972 1824 1014 1884 iili
1037 1828 1243 1900 antiquitatem
1266 1825 1355 1900 eripit
1376 1830 1406 1883 et
1424 1838 1501 1899 prae

156 1916 256 1974 sertim
280 1910 416 1984 ostendit,
440 1928 528 1986 quam
552 1914 656 1972 misere
680 1916 775 1989 ipsum
798 1914 894 1972 servor
917 1911 1132 1989 dogmatisandi
1154 1912 1307 1971 seduxerit
1328 1912 1501 1970 mahath·

156 2004 264 2078 agium.
310 1998 396 2058 Sensi
419 2000 479 2056 vim
501 2001 686 2075 antiquitatis
715 2003 795 2062 intua
826 2003 855 2059 in
877 2009 1004 2077 pectore.
1044 2001 1149 2076 Itaque
1172 1999 1344 2058 admonitus
1365 1996 1499 2057 indediro

153 2091 255 2160 vobis,
285 2087 393 2145 frustra
420 2104 474 2144 vos
505 2105 551 2146 me
584 2090 661 2146 cirea
689 2105 843 2165 personam
867 2088 976 2148 Christi
1004 2088 1043 2147 de
1072 2087 1171 2147 studio
1195 2087 1316 2147 Caluini
1345 2094 1499 2162 suspectu

152 2177 262 2239 habere
285 2173 329 2250 (ut
350 2172 440 2233 audio
464 2173 557 2250 lieri);
580 2175 653 2234 nihil
675 2177 704 2233 in
730 2174 863 2248 Caluini,
895 2178 945 2253 qui
969 2192 1064 2235 noros
1087 2184 1148 2247 est,
1179 2177 1308 2252 gratiam
1331 2173 1428 2245 fleret,
1452 2174 1499 2231 aiat

153 2265 314 2340 antiquitas
336 2261 533 2338 persuaderet.
578 2263 662 2323 Trinc
684 2271 784 2323 autem
805 2263 965 2340 persuadet
986 2265 1164 2339 antiquitas,
1195 2279 1263 2322 cum
1286 2278 1344 2321 ros
1366 2262 1498 2331 mussa&

155 2352 296 2412 erraverit
318 2349 415 2409 hicet
438 2348 488 2407 ille
509 2357 593 2425 pater
615 2367 716 2423 necne,
739 2369 805 2411 cum
828 2351 902 2411 haec
925 2359 954 2411 et
976 2350 1028 2411 illa
1041 2352 1190 2423 scriberet,
1214 2358 1329 2409 etcum
1346 2348 1500 2423 rerbarjas

45 2510 53 2525 x
153 2439 343 2501 acommuui
371 2453 427 2496 usu
456 2437 604 2497 abducitis
627 2445 657 2499 et
679 2456 744 2497 cum
773 2440 888 2511 sensui,
919 2440 970 2515 qui
992 2438 1118 2499 Jesuitis
1147 2446 1177 2498 et
1199 2437 1387 2496 Celsinianls
1413 2438 1499 2501 serris

155 2526 229 2587 nihil
253 2527 401 2602 opponitis
424 2526 481 2583 nisi
510 2524 591 2584 illaur
615 2545 633 2585 a
656 2525 785 2586 Luthero
808 2543 886 2586 auno
909 2529 1106 2604 aspamam
1130 2527 1281 2584 inventam
1305 2532 1337 2584 et
1358 2543 1377 2584 a
1398 2522 1499 2585 Jacobs

155 2614 292 2675 Andreae
315 2620 344 2672 ct
366 2614 470 2672 ceteris
492 2612 702 2688 amplificatam
731 2616 984 2674 ratiocinationem
1013 2616 1051 2674 ab
1079 2614 1247 2690 ubiquitate
1271 2613 1330 2672 Dei
1353 2620 1383 2674 et
1404 2613 1498 2669 unicas

155 2720 220 2764 cum
236 2719 323 2762 earne
339 2698 377 2758 ad
401 2702 675 2776 omnipraesentium
698 2703 824 2763 carnia·
847 2701 923 2761 Nam
945 2705 970 2761 si
994 2719 1132 2779 expressa
1160 2701 1252 2760 verba
1274 2701 1434 2777 scripturae
1453 2714 1498 2774 op·

153 2791 310 2869 poneretis,
333 2803 401 2847 caro
423 2787 529 2848 Christi
544 2786 598 2847 'est
622 2791 739 2865 ubique,
764 2790 837 2849 citra
860 2789 990 2865 figuram,
1015 2787 1132 2849 caderet
1154 2788 1235 2865 apud
1258 2806 1305 2846 me
1329 2788 1487 2864 antiquitt.

260 2877 384 2952 Ignosce
408 2875 493 2946 mihi,
525 2877 574 2953 qui
607 2880 694 2937 toties
720 2877 784 2953 jam
806 2885 954 2937 contestor
975 2876 1063 2954 plane
1087 2877 1249 2936 radicatam
1273 2874 1356 2952 apud
1378 2893 1423 2935 ms
1442 2888 1499 2932 aas·

154 2968 276 3027 tentiam
306 2964 391 3023 hanc.
439 2964 584 3024 Fortassis
613 2967 690 3024 enim
721 2968 746 3023 si
773 2968 875 3042 utique
906 2964 1122 3041 respondisses,
1151 2964 1215 3039 jam
1246 2964 1362 3040 pridem
1384 2962 1498 3023 enom

155 3055 256 3132 aliqua
279 3055 390 3128 (neque
415 3054 492 3110 enim
514 3070 631 3129 sperare
655 3052 758 3126 debeo,
783 3055 883 3114 omnia
905 3070 970 3112 esse
993 3050 1079 3130 sana)
1101 3054 1308 3127 exstirpasses.

259 3140 326 3200 Scio
350 3157 408 3200 non
433 3157 497 3199 esse
522 3139 706 3199 commodum
729 3138 890 3200 tabellariis
915 3149 1084 3216 exspectare
1108 3147 1234 3216 tempus,
1259 3139 1331 3198 dum
1354 3134 1496 3215 respondt-

155 3235 208 3290 unt
230 3230 380 3304 occupati,
408 3243 502 3303 eoque
527 3246 598 3299 repo
622 3239 653 3287 ut
676 3228 714 3286 ad
738 3231 887 3287 minimum
910 3227 1080 3288 schedulam
1103 3228 1160 3303 ipsi
1184 3226 1237 3286 des
1262 3234 1368 3286 testem
1390 3224 1496 3284 tradita·

157 3335 221 3378 rum
243 3316 393 3375 literarum
417 3323 445 3374 et
470 3314 539 3391 quid
565 3319 693 3374 vicissim
715 3319 741 3375 ei
764 3319 922 3393 petitorum
946 3315 1098 3375 tradideris
1121 3322 1174 3374 aut
1196 3315 1249 3373 ubi
1272 3315 1422 3374 haereant.

263 3404 307 3462 De
331 3410 427 3462 cctcro
451 3421 496 3462 me
522 3403 556 3462 it.
581 3403 616 3462 T.
642 3403 813 3464 commendo
837 3412 866 3463 et
889 3404 987 3462 saluto
1011 3420 1111 3464 omnes
1135 3403 1172 3460 D.
1198 3403 1236 3464 t).
1254 3401 1496 3480 Praeceptetrstt

156 3486 342 3553 Professores
366 3490 587 3552 officiosissime.
631 3490 716 3551 Vale.
761 3491 876 3568 Pragae
902 3497 951 3551 18.
975 3492 1101 3567 Augusti
1127 3496 1222 3551 1610.

899 3579 935 3638 tt.
959 3578 994 3640 Τ.

228 3663 269 3716 ile
287 3661 420 3716 Zacharia
438 3661 585 3717 Schaefero
610 3661 733 3729 quaesivi
756 3661 888 3729 proximis
1150 3664 1396 3725 officiosissimus

162 3749 198 3788 arr
222 3733 343 3787 vireret?
374 3734 451 3800 Rogo
476 3730 649 3787 tabellarium
676 3731 830 3788 adhorteris
857 3740 888 3786 ut
1157 3754 1222 3814 Μ,
1257 3753 1399 3831 KW

158 3804 247 3873 ipsum
267 3801 357 3858 adeat.
1223 3800 1230 3813 '

228 3873 289 3927 Etsi
312 3873 373 3926 misi
416 3872 527 3925 resimis
554 3871 781 3926 Dissertatinnem
809 3889 896 3928 meam

158 3960 219 3996 cnm
238 3944 345 3999 Nuncio
359 3890 481 4004 Sidperee,
497 3943 555 4007 ‚iarn
574 3951 665 3997 tamen
684 3941 799 3996 alterum
817 3943 895 3997 mitto

160 4014 322 4081 exemplum,
343 4014 366 4066 si
384 4011 454 4066 forte
474 4012 542 4066 iilud
556 4028 612 4068 nou
624 4012 785 4081 pervenerit.
811 4013 895 4082 Spem

157 4083 224 4139 tacit
236 4084 377 4138 Galilaeus
391 4083 481 4138 adhuc
493 4084 579 4137 multo
599 4083 807 4152 mirabiliorem
825 4099 897 4153 quae

159 4155 268 4224 cyphris
288 4154 409 4223 scripsit,
430 4160 460 4208 ut
479 4170 530 4208 suo
549 4161 673 4224 tempore
690 4153 823 4221 legantur.

263 4276 411 4346 Kepierum
429 4275 482 4330 hoc
496 4276 554 4343 jam
573 4283 696 4345 tempore
714 4276 857 4332 transitum
877 4276 964 4341 l‘rapu
983 4274 1106 4329 lineium
1123 4273 1287 4329 meditatum
1305 4290 1377 4343 esse,
1394 4290 1425 4330 er
1441 4266 1500 4327 leh

159 4364 360 4423 Helmhurdi
377 4364 395 4417 J
403 4365 542 4432 ocrgeri
560 4365 647 4420 literis
666 4371 790 4434 apparet,
810 4364 857 4434 qui
869 4363 964 4418 Lineio
977 4362 1003 4416 d.
1018 4363 1061 4417 ⁴20.
1074 4362 1141 4415 Dec.
1156 4363 1227 4416 tutu
1245 4361 1316 4418 irre
1333 4362 1382 4416 dat
1393 4358 1501 4429 Rapiat:

160 4452 254 4519 Edler,
274 4452 495 4520 hochgcporuer,
522 4452 587 4506 sehr
603 4453 690 4506 lichcr
707 4454 777 4507 Herr
795 4450 952 4521 liheppler,
977 4450 1027 4502 mit
1045 4449 1243 4518 thutsrhuug
1260 4448 1333 4504 aller
1350 4446 1448 4501 tutas
1461 4438 1503 4495 d

159 4539 330 4607 ebrbietuup,
350 4555 404 4593 uas
422 4540 479 4593 ihm
497 4554 550 4593 rou
569 4539 640 4594 mihr
659 4540 750 4594 dieust
767 4539 820 4594 rud
839 4537 895 4593 lieb
912 4539 958 4606 ist,
978 4538 1031 4594 bah
1051 4538 1095 4593 ich
1113 4537 1163 4591 ihu
1181 4539 1235 4608 bey
1247 4538 1326 4593 diam
1336 4530 1504 4606 cotegna&

161 4625 222 4679 smb
241 4627 365 4681 Arttwort
383 4627 443 4680 auti*
458 4627 529 4681 mein
548 4627 654 4694 rorigcs
673 4627 817 4683 schreiben
837 4627 991 4681 anmahnen
1012 4625 1116 4680 wellen.
1154 4625 1215 4679 Eur
1233 4625 1360 4679 Persobu
1383 4617 1504 4677 mh

159 4720 215 4768 ultr
233 4715 305 4769 mein
323 4714 399 4781 rath,
425 4715 469 4769 ihr
487 4714 588 4782 begabt
606 4716 677 4770 euch
696 4714 811 4770 herauss
833 4714 886 4770 rud
905 4714 968 4770 lieet
987 4713 1056 4769 euch
1082 4713 1129 4767 ihu
1154 4711 1203 4765 der
1223 4712 1305 4767 Stant
1327 4711 1399 4767 disus
1414 4704 1503 4764 tants

160 4799 251 4857 disott
270 4802 323 4871 eiu,
342 4803 433 4856 hattet
449 4803 535 4859 demit
553 4804 597 4858 eiu
616 4803 738 4858 ebrlicite
752 4801 894 4859 condition
906 4802 961 4857 und
975 4800 1090 4857 durd'tet
1101 4800 1164 4855 rmb
1177 4815 1250 4855 esre
1263 4792 1503 4867 Besulluussm'

161 4886 315 4945 atticum.
352 4887 420 4943 will
437 4887 550 4946 msa
575 4891 646 4948 euch
671 4906 740 4961 geru
760 4889 877 4954 ustam
903 4888 959 4949 sud
977 4890 1014 4949 da
1035 4888 1081 4947 ici
1098 4887 1183 4948 allelu
1207 4902 1302 4945 esraa
1319 4886 1418 4943 was
1431 4882 1502 4937 ἡ
