3308 5534
648 378 678 437 in
695 380 767 438 orbe
783 380 891 439 Lause.
1401 368 1444 449 81

77 562 235 617 enatura
264 558 322 619 sibi
351 558 492 617 tributum
520 556 632 633 iocum,
663 568 767 637 utpote
788 561 886 637 ipsum
908 556 1046 619 medium.
1091 557 1150 618 Hic
1171 559 1250 618 enim
1280 563 1339 633 est,
1369 558 1448 619 eirca

78 662 173 721 quem
196 646 298 705 omnia
319 643 451 722 pondera
474 652 574 705 contra
596 664 628 707 ss
650 656 754 708 mutuo
775 651 908 707 nituntur
921 648 1076 723 gravitatis
1090 647 1245 705 momentis
1261 651 1291 706 et
1305 643 1344 705 ad
1359 662 1448 722 quem

78 732 220 791 teruntur
239 740 271 793 st
292 732 445 792 coniluuut
468 732 517 792 illa
539 734 744 811 undequaque.
792 736 833 794 tlt
852 752 980 813 superne
1000 736 1083 811 regio
1106 736 1215 808 omnis,
1240 735 1297 793 etsi
1319 741 1447 795 terreum

76 818 197 895 aliquid
212 820 336 897 recipiat
350 836 467 880 sursum
480 838 645 897 excussum,
668 824 769 882 statim
782 822 875 897 elidit,
887 822 945 883 lruc
960 822 1110 897 reJectnm,
1133 837 1186 881 seu
1202 823 1301 898 potius
1315 818 1447 897 dimittit,

80 913 114 967 ut
139 906 170 965 id
194 907 321 985 propriis
341 908 497 985 gravitatis
519 912 675 969 momentis
698 926 734 970 eo
756 908 910 984 deleratur,
934 925 1074 987 quorsum
1096 914 1202 969 natura
1223 910 1327 984 vergit.

80 993 129 1053 Ad
159 994 238 1055 irasc
260 994 340 1071 ligo,
372 1012 439 1055 cum
466 995 557 1057 Lucio
588 1013 700 1058 moram
728 997 911 1075 suppeditari
941 996 1046 1057 vellem
1078 996 1117 1057 ad
1143 1012 1175 1057 se
1207 994 1447 1073 recolligendum,

78 1080 238 1142 'l'beorrem
260 1081 417 1155 allocutus,
440 1085 506 1159 quis
528 1086 648 1161 inquam
671 1086 857 1161 tragicorum,
882 1084 1027 1159 o'l'hson,
1051 1083 1087 1145 ds
1110 1083 1230 1145 medicis
1253 1082 1342 1159 dixit,
1366 1082 1447 1162 quod

80 1168 232 1229 Remedio
253 1186 365 1229 umaro
388 1170 477 1231 bilem
499 1188 644 1231 amoram
666 1172 811 1232 filerunt?

188 1257 230 1316 tir
250 1256 408 1317 uueons
429 1257 640 1334 respondente,
673 1259 850 1337 Sophoclem
873 1276 955 1333 esse,
984 1256 1113 1319 dandum
1139 1257 1197 1318 hoc
1220 1256 1294 1331 illis,
1326 1259 1448 1333 inquam

81 1343 165 1419 Ego,
189 1362 229 1405 cx
242 1345 428 1404 necessitate,
465 1347 506 1405 ttt
519 1362 578 1405 uon
600 1355 670 1406 suut
691 1349 735 1407 sic
757 1355 787 1407 et
808 1346 977 1425 philosophi
1000 1343 1154 1417 audiendi,
1178 1343 1297 1423 quando
1319 1342 1449 1405 absurda

83 1429 226 1491 absurdis
246 1430 316 1492 aliis
337 1432 414 1492 tucri
438 1436 578 1506 nituntur,
601 1442 631 1493 et
654 1433 771 1511 quando
787 1436 830 1494 sic
843 1437 1017 1512 impugnent
1032 1432 1178 1493 mirabilia
1192 1432 1316 1492 aliorum
1329 1431 1448 1508 placita,

81 1528 115 1577 ut
137 1520 198 1595 ipsi
224 1518 405 1579 mirabiliora
427 1526 457 1579 et
478 1522 621 1597 ineptiora
645 1522 822 1598 confingant.
859 1519 899 1581 Ut
920 1522 970 1579 isti
993 1521 1112 1599 quidem
1125 1536 1211 1580 suum
1234 1518 1317 1579 illum
1337 1528 1448 1579 motum

84 1604 123 1665 ad
146 1606 280 1666 medium
302 1605 462 1681 inducunt,
493 1612 522 1667 in
546 1623 606 1685 quo
632 1607 704 1684 quid
725 1626 784 1668 non
805 1615 849 1669 est
879 1607 1091 1669 absurditatis?
1125 1607 1230 1667 Nonne
1252 1609 1330 1666 euim
1353 1624 1388 1667 err
1412 1622 1449 1667 eo

82 1695 229 1769 sequitur,
251 1694 374 1753 'l'erram
397 1711 462 1754 esec
485 1695 594 1773 ligurac
616 1695 775 1773 globosae,
807 1715 873 1756 curn
895 1695 948 1754 illa
970 1704 1066 1755 tantas
1092 1695 1202 1755 babeat
1223 1693 1447 1771 profunditates,

83 1788 200 1841 tautam
225 1780 489 1857 inaequalitatem?
525 1783 629 1843 Nonne
652 1784 808 1861 antipodas
831 1786 861 1841 in
884 1782 1085 1857 cohabitare,
1113 1784 1163 1859 qui
1186 1784 1217 1839 in
1238 1798 1348 1842 morem
1372 1792 1449 1842 tere-

84 1867 186 1927 dinum
210 1876 264 1928 aut
286 1870 422 1929 cimicum
452 1870 559 1929 inieras
581 1878 679 1947 partes
702 1888 816 1931 sursum
840 1878 970 1945 vertant,
998 1870 1107 1930 Terrae
1129 1864 1449 1945 adbeermcentes¹²il

83 1954 148 2015 ilos
173 1972 248 2015 vero
272 1954 406 2016 bomines
429 1973 487 2014 non
509 1960 596 2017 rectis
619 1958 736 2036 anguiis
759 1975 847 2036 super
869 1975 905 2017 ea
927 1957 1071 2031 incedere,
1093 1954 1145 2017 sed
1168 1958 1324 2016 inclinatos
1343 1957 1451 2017 obver-

82 2046 153 2117 sari,
177 2043 360 2103 abnutantes
383 2044 578 2119 abinvicem,
601 2046 695 2105 veluti
717 2048 768 2122 qui
791 2048 881 2105 simus
896 2044 992 2105 ebrii?
1018 2044 1124 2104 Nonne
1138 2060 1252 2104 massas
1266 2044 1451 2104 milleuornm

81 2130 276 2203 talentorum,
299 2132 325 2191 si
348 2132 527 2207 perterrent
550 2132 631 2209 globi
654 2132 829 2210 profundum
851 2132 989 2207 terantur,
1012 2140 1044 2193 ut
1066 2132 1189 2209 primum
1212 2134 1364 2208 attigerint
1386 2148 1450 2191 me·

82 2216 181 2291 dium,
215 2221 379 2278 consistere
400 2216 483 2278 nulla
507 2236 538 2279 re
560 2228 744 2294 occurrente,
776 2220 859 2280 nulla
881 2236 977 2295 neque
999 2218 1204 2280 sustentante?
1242 2218 1355 2295 Quodsi
1377 2218 1450 2294 quid

79 2307 195 2382 impetu
220 2304 374 2382 delapsum
396 2309 577 2381 superaverit
598 2307 744 2382 medium,
768 2326 880 2367 rursum
904 2324 990 2367 verso
1012 2316 1095 2367 motu
1121 2322 1267 2367 recurrero
1288 2305 1448 2367 identidem

81 2391 119 2451 sd
144 2394 246 2469 ipsum
269 2410 347 2468 rago
363 2392 469 2452 motu?
497 2394 600 2455 Nonne
623 2402 776 2471 segmenta
798 2394 835 2455 de
858 2395 990 2454 trabibus
1012 2401 1126 2455 resecta
1148 2410 1185 2453 ex
1200 2404 1324 2470 utroque
1339 2392 1448 2453 Terrae

79 2479 175 2539 latero
199 2480 322 2539 omniuo
344 2496 405 2539 non
428 2479 564 2540 deorsum
586 2481 698 2557 cadere,
722 2482 773 2542 sed
797 2482 836 2542 ab
850 2484 1020 2542 extrinsecis
1042 2482 1184 2541 lateribus
1199 2480 1237 2542 ad
1253 2480 1373 2540 Tenem
1396 2496 1449 2541 sc·

79 2567 180 2627 cidere
214 2568 254 2627 ab
283 2584 378 2643 eaque
408 2565 539 2627 distineri
569 2576 600 2629 ct
628 2568 731 2649 repelli
761 2572 839 2630 circa
865 2568 994 2628 medium
1023 2568 1104 2645 globi
1135 2567 1308 2644 cingulum?
1343 2568 1448 2629 Nonne

81 2668 193 2729 aquam
219 2672 236 2714 e
258 2654 349 2714 situla
371 2656 503 2729 effusam,
524 2658 550 2715 si
572 2657 653 2716 fluxu
669 2656 805 2717 deorsum
828 2658 937 2717 teratur
952 2665 1150 2733 punctumque
1165 2654 1293 2716 medium
1310 2657 1447 2733 attingat,

81 2742 165 2818 quod
190 2744 242 2801 isti
264 2742 376 2802 iaciant
400 2744 615 2819 incorporeum,
647 2746 689 2804 ibi
715 2747 780 2805 aisti
802 2747 890 2821 inque
914 2746 1014 2805 orbem
1037 2742 1182 2805 confluere
1205 2752 1235 2803 et
1257 2744 1448 2817 commisceri,

80 2833 159 2889 circa
183 2829 289 2906 polum
312 2829 395 2888 illum
417 2828 613 2892 indesinenter
627 2829 761 2891 attollere
780 2850 878 2903 aquam
898 2835 1061 2890 contrariam
1081 2829 1335 2906 indesinenterque
1351 2830 1449 2891 attolli

80 2916 291 2993 pendentem?
328 2917 394 2979 Nou
417 2920 493 2977 euim
515 2936 552 2978 ne
574 2918 651 2979 laisa
673 2918 792 2994 quidem
817 2920 995 2995 cogitatione
1018 2920 1084 2992 cogi
1106 2929 1209 2995 posset
1235 2918 1360 2994 aliquis,
1387 2921 1451 2996 ipse

81 3004 186 3064 borum
220 3004 323 3081 eliqua
345 3013 377 3064 ut
399 3006 552 3081 possibilia
583 3007 639 3066 sibi
672 3006 834 3082 imaginari.
879 3005 1022 3064 Nimirum
1045 3005 1102 3064 hoc
1125 3015 1170 3066 est
1196 3024 1310 3067 summa
1333 3008 1398 3067 imis
1421 3013 1451 3067 et

83 3094 142 3151 ima
171 3094 300 3151 summis
330 3094 430 3152 omnia
458 3094 585 3152 vicissim
614 3112 702 3155 versa
728 3110 806 3166 osse,
839 3095 910 3169 quia
937 3110 1013 3167 quae
1036 3110 1131 3169 usquo
1160 3092 1199 3154 ad
1221 3093 1349 3153 medium
1373 3100 1449 3168 sunt,

81 3189 257 3238 statuuntur
280 3178 378 3253 inlera,
404 3196 481 3255 quae
504 3198 576 3241 rero
600 3181 676 3241 ultra
697 3179 825 3240 medium
848 3181 976 3252 anobis,
999 3197 1113 3240 rursum
1136 3198 1251 3258 supera.
1295 3180 1402 3258 Itaque
1424 3184 1450 3241 si

82 3270 158 3343 quis,
183 3268 319 3343 patiente
334 3266 436 3341 Terra,
460 3267 586 3327 medium
609 3270 703 3345 ipsius
726 3267 896 3327 umbilicum
913 3268 1049 3327 obtinens
1073 3271 1253 3339 consisteret,
1277 3270 1302 3327 is
1318 3268 1405 3328 simul
1422 3278 1451 3329 et

81 3362 172 3431 caput
195 3370 315 3412 sursum
339 3363 369 3413 et
392 3353 482 3429 pedes
504 3357 574 3417 itam
597 3373 711 3415 sursum
734 3356 874 3430 haberet3
898 3362 928 3414 et
949 3354 1093 3429 siqnidem
1109 3354 1228 3415 effodiat
1250 3355 1347 3416 locum
1370 3355 1449 3416 ulte·

83 3444 201 3515 riorem,
229 3443 385 3501 incurvans
407 3458 457 3514 sc,
480 3442 600 3514 (burnus
622 3460 712 3520 supra
735 3443 844 3520 ipsum)
868 3450 945 3502 esset
967 3452 997 3500 et
1020 3441 1155 3502 deorsum
1178 3462 1196 3503 a
1218 3442 1284 3503 loco
1306 3444 1448 3520 superiori

83 3528 239 3588 tolleretur
270 3536 381 3603 egesta.
427 3528 539 3603 Quodsi
567 3531 636 3590 huic
668 3531 743 3589 alius
770 3531 917 3606 quispiam
948 3532 1123 3589 contrarium
1154 3532 1311 3605 vestigium
1341 3548 1449 3609 ponere

85 3618 245 3694 cogitetur,
269 3619 420 3692 utriusque
444 3617 534 3691 pedes
556 3636 671 3676 sursum
694 3627 779 3677 erunt
800 3629 830 3677 et
852 3617 983 3676 dicentur
1005 3634 1078 3677 esse.

189 3702 252 3763 'l'ot
281 3712 486 3779 tantorumque
514 3703 705 3765 absurdorum
736 3704 906 3781 dogmatum
928 3703 972 3762 illi
1002 3720 1062 3763 non
1092 3722 1139 3763 ma
1164 3703 1282 3781 Jupiter
1310 3705 1448 3782 explora·

83 3793 215 3863 tionem,
248 3790 301 3850 sed
329 3792 561 3867 praestigiatoris
594 3792 720 3868 alicujus
748 3802 922 3869 apparatum
953 3798 981 3850 et
1011 3794 1194 3868 proscenium
1223 3810 1241 3851 s
1270 3800 1352 3869 tergo
1383 3810 1449 3853 cunr

82 3877 217 3938 babeant
239 3878 466 3954 attrahantque,
494 3882 628 3939 incusant
651 3880 743 3953 elios,
774 3880 854 3956 quod
879 3879 991 3938 Lunam
1020 3888 1142 3939 terream
1170 3878 1311 3939 iacientes
1333 3898 1448 3940 sursum

82 3975 293 4025 summoveant
316 3966 416 4042 ibique
439 3966 592 4038 collocent,
618 3968 667 4025 ubi
691 3966 819 4026 medium
842 3983 899 4026 nou
924 3976 977 4027 est.
1024 3967 1063 4025 rit
1085 3969 1162 4026 enim
1184 3968 1209 4025 si
1235 3984 1320 4026 omne
1343 3984 1449 4044 corpus

82 4054 287 4129 ponderosum
309 4054 338 4111 in
368 4070 400 4112 se
424 4054 519 4128 ipsum
550 4054 700 4131 colligitur
722 4062 751 4114 et
774 4072 877 4114 versus
903 4056 949 4112 eui
974 4055 1065 4128 ipsius
1091 4053 1219 4113 medium
1242 4056 1377 4115 omnibus
1401 4056 1448 4114 sui

85 4143 224 4216 partibus
247 4158 280 4200 sc
303 4142 398 4216 ipsum
415 4141 615 4201 contraiulcit:
640 4141 696 4201 lroc
718 4140 853 4217 equidem
876 4148 964 4217 pacto
980 4140 1079 4211 Terra,
1103 4158 1161 4199 non
1186 4143 1214 4198 in
1239 4149 1381 4218 quantum
1404 4151 1449 4201 est

83 4232 173 4287 totius
198 4229 332 4287 universi
354 4227 467 4300 media,
490 4227 541 4288 sed
564 4231 593 4286 in
618 4239 758 4303 quantum
782 4236 826 4289 est
848 4232 914 4307 ipsa
936 4236 1029 4288 totum
1052 4228 1177 4304 aliquid,
1202 4228 1370 4289 conciliabit
1392 4230 1448 4289 sibi

83 4324 112 4375 et
134 4315 250 4376 alliciet
273 4313 411 4392 pondera,
436 4324 469 4373 ut
489 4324 587 4392 partes
610 4318 655 4374 sui
680 4318 781 4392 ipsius.
811 4316 849 4375 Et
871 4324 1074 4391 argumentum
1097 4334 1201 4392 capere
1223 4316 1310 4376 lacilc
1333 4318 1388 4376 erit
1410 4318 1449 4376 ab

83 4405 149 4479 ipsa
179 4404 372 4479 proportione
402 4406 585 4479 vergentium
613 4420 727 4462 sursum
758 4404 807 4463 vel
830 4404 980 4475 deorsum,
1011 4420 1068 4462 non
1092 4420 1128 4463 ea
1156 4402 1221 4463 dico
1249 4406 1447 4481 proportione,

86 4508 162 4566 quae
186 4498 235 4550 cst
257 4491 296 4549 ad
319 4489 505 4550 medietatem
528 4488 638 4560 mundi,
662 4489 713 4550 sed
737 4500 873 4567 quaeest
891 4488 1176 4549 adcommunioncm
1200 4500 1229 4551 et
1244 4494 1449 4568 cognationum

87 4594 150 4637 cunr
175 4578 270 4639 'l'erra
301 4594 418 4650 eorum,
450 4594 525 4654 quae
556 4576 735 4637 revelluntur
762 4580 800 4637 ab
823 4579 875 4638 illa
898 4588 1059 4654 posteaque
1088 4595 1201 4637 rursum
1231 4580 1267 4639 ad
1290 4579 1372 4638 illam
1396 4578 1449 4640 de-

87 4667 253 4726 trahuntur.
300 4663 553 4741 Quemadmodum
583 4667 660 4724 enim
683 4665 733 4724 Sol
757 4668 786 4723 in
818 4684 883 4726 sese
913 4668 1057 4725 convertit
1078 4666 1253 4742 particulae,
1282 4668 1449 4743 exquibus

90 4755 149 4830 ipse
173 4762 308 4825 constat,
339 4754 383 4812 sic
407 4756 495 4812 etiam
518 4752 607 4812 'l'erra
630 4751 761 4828 lapidem
789 4760 928 4829 tanquam
951 4752 1039 4831 (sinui
1062 4752 1129 4832 suo)
1151 4755 1373 4813 convenicntem
1397 4772 1450 4814 ex-

90 4850 187 4919 ceptat
211 4849 242 4901 et
264 4842 320 4901 lert
341 4841 379 4899 ed
403 4840 496 4901 ilium.
539 4838 613 4901 lude
636 4838 712 4901 adeo
734 4858 872 4901 successu
895 4842 1034 4918 temporis
1057 4843 1155 4900 unitur
1175 4841 1218 4900 iili
1241 4840 1346 4901 borum
1360 4859 1451 4902 unum

138 4944 236 4997 Kspierl
250 4940 403 4993 operarut
1225 4940 1242 4997 6
