3308 5534
786 390 866 486 rste
1431 433 1499 506 say
1574 410 1577 415 ’

137 599 221 668 ιιεεο
244 600 441 658 lnesmadonis
465 616 536 670 opus
561 599 713 669 periottum
736 600 787 668 rit3
810 601 850 657 its
873 615 984 672 quoqne
1007 602 1087 660 linita
1103 606 1168 661 e'aro
1185 622 1241 663 non
1261 605 1336 664 stau
1349 614 1398 666 est
1414 610 1501 668 omnl-

136 700 278 756 mens,
296 686 479 742 liostiufinito
490 688 643 756 ¹assumenti
661 690 729 758 λογῳ
747 688 775 742 in
793 692 878 743 una'm
895 695 924 744 et
941 689 1076 746 intinitam
1093 691 1215 760 ejusdm
1228 694 1369 752 earam
1385 697 1422 753 sit
1438 712 1501 768 per·

138 773 274 830 matius
290 776 376 831 nnita
411 774 515 844 iurem,
534 775 558 830 si
576 775 674 829 iaciens
691 782 766 830 tuam
784 775 814 830 in
830 775 918 845 polito
937 777 1052 847 speculo
1065 779 1254 849 contemplans
1272 797 1326 837 non
1344 781 1501 843 arabem

137 859 209 931 lpse
221 861 313 919 iassns
330 878 369 932 es,
387 863 460 920 inter
477 869 584 917 uterum
602 862 762 932 virgineum,
780 861 811 928 in
825 879 884 933 qno
899 864 1058 933 mysterium
1076 865 1272 924 incarnationis
1282 868 1437 940 perfeetum
1449 877 1502 943 est,

137 957 169 1005 et
185 950 365 1021 interipsum
382 952 550 1022 mysterium,
569 965 624 1018 quo
641 949 720 1005 inita
737 963 802 1005 earo
826 951 932 1008 infinito
954 958 1024 1024 λογῳ
1042 954 1224 1024 personaliter
1246 957 1325 1013 muita
1342 963 1394 1029 est,
1411 957 1502 1015 indui·

136 1044 197 1093 tam
214 1038 397 1095 differentiam
420 1053 495 1094 esse:
521 1053 592 1107 quae
615 1038 700 1107 igitur
723 1040 843 1096 mentia
859 1045 904 1107 (ne
923 1040 1013 1097 diram
1029 1041 1116 1109 inror)
1141 1049 1198 1115 est,
1224 1059 1261 1100 ex
1281 1044 1364 1102 rebus
1386 1044 1502 1103 infinitis

135 1125 228 1183 modis
246 1126 435 1183 Marsuam
453 1126 657 1182 similitudinem
675 1126 937 1196 tonelnderei·Quis
954 1128 1065 1184 undem
1090 1129 1163 1186 ditat
1182 1131 1410 1189 reserationem:
1429 1130 1503 1188 sitm

137 1214 279 1283 virginem
297 1222 393 1271 uterus
411 1231 467 1271 non
485 1214 575 1268 iactus
593 1220 637 1269 est
654 1215 869 1284 omnipraesens,
887 1214 953 1271 licet
969 1215 1173 1286 omnipraesens
1192 1224 1270 1286 λογος
1287 1219 1316 1273 in
1333 1218 1380 1274 illo
1393 1233 1503 1275 earnem

139 1303 311 1370 mnmserit,
330 1309 359 1357 et
377 1303 447 1358 sicut
465 1317 532 1357 crux
547 1300 797 1369 Hierosolymitana
808 1316 864 1358 non
881 1302 1086 1372 omnipraeseus
1104 1303 1178 1360 faeta
1196 1312 1247 1375 est,
1265 1305 1331 1362 beet
1348 1307 1503 1376 omniprae-

138 1404 206 1445 ssns
224 1392 302 1460 λογος
320 1406 370 1459 pro
388 1391 474 1445 totius
492 1388 605 1443 humaui
628 1389 736 1457 generis
755 1390 845 1446 salute
861 1389 891 1446 in
914 1404 947 1445 ea
963 1406 1117 1461 suspensus
1134 1394 1308 1464 pependerit,
1331 1394 1370 1450 ita
1391 1407 1503 1464 quoqne

136 1475 221 1533 linita
233 1492 302 1534 raro
319 1494 374 1533 non
394 1478 468 1533 iacta
491 1485 534 1549 εει
557 1478 776 1549 omnipraesens,
800 1480 866 1536 lieet
890 1478 924 1538 ab
947 1478 1053 1536 infinito
1071 1483 1139 1550 ιογφ
1156 1479 1185 1534 iu
1202 1479 1363 1545 tumeam
1380 1480 1503 1537 intimus

138 1564 277 1621 mitatem
302 1563 485 1633 personaliter
513 1564 549 1618 sit
574 1568 722 1634 suscepta?
759 1566 836 1635 Quas
857 1565 989 1623 illationis
1012 1566 1083 1622 ratio
1112 1564 1217 1621 nullam
1240 1566 1503 1623 verisimilitudinem

140 1648 222 1721 prins
239 1650 368 1706 babitare
387 1659 438 1721 ost,
457 1666 537 1720 quam
556 1668 646 1707 rerum
660 1652 774 1709 inlinitis
787 1652 875 1710 modis
896 1653 1078 1710 differemium
1091 1655 1205 1710 eandem
1223 1655 1357 1710 rationem
1375 1669 1437 1710 esse
1453 1653 1505 1711 tibi

138 1737 229 1795 tuns
245 1739 420 1807 imaginatus.
458 1741 537 1810 Quod
557 1753 637 1807 spero
656 1755 797 1809 nunquam
816 1740 965 1808 conabere,
987 1742 1053 1797 licet
1070 1742 1098 1796 in
1116 1739 1323 1810 quaestionibus
1341 1739 1503 1811 theologicis

138 1825 244 1882 multas
263 1827 390 1894 sitires,
411 1842 523 1895 quarum
542 1824 620 1880 nulla
638 1834 730 1882 tamen
749 1843 869 1897 unquam
887 1828 931 1883 sel
948 1827 1014 1898 init,
1038 1828 1083 1884 sel
1101 1830 1196 1885 intura
1214 1833 1257 1884 est
1274 1828 1390 1899 remus,
1409 1827 1504 1886 fortis·

138 1915 211 1972 sisse
235 1912 288 1972 tibi
311 1916 453 1984 imaginari
477 1916 581 1985 possiet
620 1914 676 1970 Sed
699 1930 781 1984 quam
805 1915 924 1984 gratita
945 1915 1131 1972 hallucinatus
1153 1915 1252 1984 iueris,
1276 1915 1411 1974 hramnus
1435 1917 1505 1973 sads

137 2000 255 2073 planum
273 2008 357 2073 atque
375 2003 549 2073 perspicuum
568 2004 618 2058 tibi
635 2004 737 2062 iactum
757 2020 819 2061 esse
837 2005 963 2061 arbitror.

246 2089 309 2145 dam
327 2091 440 2159 propius
465 2107 523 2146 rem
545 2092 744 2162 aggrediemur.
780 2094 810 2149 Si
829 2094 1008 2164 cogitationes
1031 2099 1094 2148 tuas
1113 2091 1149 2147 ad
1171 2086 1429 2160 contemplationem
1447 2106 1505 2162 my·

137 2177 227 2242 sterit,
247 2176 321 2246 quod
333 2178 474 2233 iohannes
494 2179 580 2234 trihus
599 2179 689 2236 verbis
708 2182 868 2252 complexus
886 2187 937 2251 est,
956 2181 1072 2249 dirigere
1089 2179 1170 2234 selis:
1189 2179 1205 2233 d
1223 2182 1302 2250 loyor
1318 2181 1383 2249 nupt
1394 2177 1506 2250 hmo,

136 2267 256 2322 mum
273 2280 337 2322 euro
355 2267 457 2322 iactum
476 2272 532 2331 est,
557 2266 625 2322 nihil
645 2284 715 2338 opus
733 2275 792 2337 est,
816 2275 848 2324 ut
868 2275 977 2324 uterum
995 2269 1160 2337 virginemn,
1186 2266 1214 2322 in
1233 2281 1288 2336 qno
1306 2266 1506 2323 iucarnationis

136 2353 300 2425 mysterium
318 2355 458 2423 inceptum
476 2362 505 2410 et
521 2355 677 2424 perfeetum
693 2361 749 2424 est,
773 2359 822 2410 ant
846 2368 954 2410 omrem
973 2353 1188 2424 (loigutbanam,
1211 2356 1241 2410 in
1263 2370 1319 2425 qna
1335 2361 1427 2425 royac,
1449 2353 1507 2410 sits

138 2448 264 2512 menna,
276 2441 414 2497 exaltatus
427 2442 565 2511 pependit,
579 2442 734 2510 dimetiare;
747 2456 858 2497 massae
870 2441 942 2498 istae
955 2447 983 2496 et
996 2456 1125 2497 erroneae
1137 2443 1319 2511 geometricae
1331 2448 1395 2497 sunt
1412 2440 1507 2510 imagi·

136 2529 284 2596 ntiones,
303 2530 338 2584 ad
357 2545 426 2597 quaa
443 2532 503 2600 ipse
521 2539 552 2585 tu
572 2529 667 2585 oeulos
687 2527 855 2585 claudendus
875 2543 938 2585 esse
957 2536 1055 2600 sponte
1072 2526 1183 2592 iateris,
1202 2525 1298 2605 sedin
1314 2526 1405 2583 medio
1423 2525 1508 2582 medi·

140 2616 282 2673 tatiounm
301 2632 382 2671 eumn
400 2616 540 2672 itentidem
559 2619 600 2671 tui
617 2616 705 2686 ipsius
724 2616 906 2688 oblivisceris3
932 2617 998 2687 quin
1023 2616 1115 2685 potius
1140 2613 1262 2670 trissrbii
1282 2613 1363 2670 istius
1384 2612 1508 2684 mysterii

139 2703 271 2772 (verbum
288 2717 353 2758 earo
370 2701 487 2771 iactum)
504 2705 538 2758 D.
556 2704 718 2774 Apostolum
737 2702 853 2758 Panium
875 2703 1053 2772 interpretem
1077 2703 1171 2770 andis,
1196 2704 1236 2757 ita
1253 2703 1288 2759 de
1306 2701 1354 2758 illo
1372 2717 1508 2759 tommen-

136 2796 259 2847 mm:
278 2789 473 2861 ὁμολογιμενες
491 2812 556 2861 μεγα
568 2793 621 2870 ἐετιι
635 2813 665 2847 ao
677 2815 720 2864 της
732 2791 862 2862 eisetuna
874 2810 1021 2864 μνσιηριον.
1039 2793 1107 2852 Osee
1118 2789 1274 2859 ἐφανερωθη
1286 2790 1315 2844 lv
1325 2808 1412 2860 σαρκι,
1429 2789 1507 2845 Delu

136 2875 335 2935 mileststus
359 2879 452 2932 estin
479 2894 569 2936 carne.
607 2878 713 2948 Quibus
737 2881 827 2935 serbis
851 2880 1013 2950 mysterium
1035 2877 1119 2946 illud,
1146 2878 1283 2945 quomodo
1308 2877 1422 2932 uerbum
1442 2890 1507 2932 asro

141 2963 248 3021 laetum
267 2964 312 3033 sit,
330 2965 454 3019 nonnihil
472 2965 635 3036 depingitur.
671 2968 697 3021 N
699 2984 734 3021 on
752 2966 791 3020 ita
809 2965 949 3032 videlieet,
968 2973 999 3020 nt
1017 2965 1090 3020 ialso
1107 2964 1157 3020 tibi
1175 2964 1319 3033 imaginari
1335 2979 1446 3035 posses,
1468 2963 1509 3020 ita
1603 2972 1608 2982 ‘

139 3057 224 3122 λομεν
242 3054 406 3107 assumsisse
423 3069 539 3119 earnem,
558 3060 589 3108 ut
608 3052 681 3106 iilam
695 3052 804 3120 quidem
822 3053 852 3108 in
868 3050 990 3107 infinitae
1005 3052 1169 3113 tuomum
1193 3053 1327 3108 unitatem
1345 3050 1509 3123 susceperit,

140 3136 194 3193 illa
211 3153 277 3194 nero
297 3139 419 3194 infirdtae
441 3156 576 3209 personae
601 3139 779 3209 ejusdemque
801 3139 1000 3209 proprietatnm
1021 3140 1181 3195 nullatenus
1205 3140 1278 3196 iacta
1301 3141 1338 3196 sit
1354 3139 1508 3209 purtleeps3

138 3224 206 3281 inde
225 3225 276 3280 tibi
294 3227 460 3295 imaginaris,
478 3228 526 3282 sed
545 3229 701 3296 salsissime,
720 3230 801 3294 loyes
819 3225 929 3297 quidem
947 3233 979 3282 ut
995 3229 1029 3282 eb
1048 3234 1161 3283 aeterno
1179 3225 1323 3296 infinitum,
1342 3226 1370 3280 iu
1383 3226 1509 3281 omnibus

138 3311 255 3382 quidem
273 3312 343 3367 louis
362 3313 463 3382 ubique
482 3323 653 3382 praesentem
672 3328 747 3384 esse,
774 3329 885 3369 earnem
903 3329 981 3382 sero,
1000 3313 1066 3369 lieet
1083 3331 1145 3369 oum
1164 3313 1272 3370 infinito
1290 3320 1359 3384 tore
1377 3328 1510 3384 persona·

139 3398 207 3457 liter
225 3399 305 3454 unita
323 3399 372 3463 sit,
390 3402 498 3456 nonnisi
516 3402 544 3455 in
562 3404 643 3458 unico
662 3418 770 3472 semper
787 3401 849 3457 loeo
866 3408 1042 3471 praesentem
1058 3402 1159 3472 luisse,
1178 3419 1253 3471 esse,
1272 3405 1403 3459 intutam.
1438 3400 1510 3473 Phy-

140 3486 201 3543 dea
218 3486 271 3543 tibi
288 3487 444 3555 imaginaris
463 3497 490 3543 et
508 3490 681 3558 geometrica.
707 3491 839 3561 Magnum
857 3489 926 3545 illud
944 3489 1012 3544 titre
1030 3493 1242 3546 controversiam
1260 3490 1428 3561 mysterium,
1451 3505 1509 3546 aar·

141 3590 208 3633 nn
218 3582 372 3631 assumtam
382 3593 435 3630 nou
450 3576 488 3631 ita
499 3578 640 3645 adsumsit,
660 3585 690 3633 ut
702 3585 730 3633 et
746 3585 854 3634 antra
871 3576 946 3631 illam
960 3577 1106 3645 esseselit,
1126 3578 1201 3646 quod
1219 3585 1283 3632 tuae
1299 3576 1509 3648 imaginationes

142 3663 303 3719 somniant:
322 3664 352 3718 in
369 3680 423 3719 unu
444 3665 552 3732 quidem
573 3664 634 3720 loco
653 3681 714 3720 esse
732 3667 760 3720 in
779 3681 869 3735 carne,
886 3672 918 3720 ut
936 3665 965 3719 in
984 3673 1062 3721 utero
1081 3665 1217 3733 uirgineo,
1245 3663 1273 3718 in
1292 3677 1387 3732 cruce,
1409 3664 1439 3719 iu
1456 3663 1509 3719 ua·

141 3749 238 3829 Elaea,
256 3749 374 3819 iudaea,
392 3752 422 3806 in
434 3754 532 3808 ceteris
544 3754 657 3809 infinitis
670 3753 736 3809 locis
751 3754 827 3824 (quia
840 3759 918 3824 toynr
930 3751 1067 3819 infinitus)
1082 3768 1143 3808 esse
1156 3759 1235 3806 extre
1247 3767 1365 3806 earnem.
1395 3751 1509 3820 Ergone

140 3854 202 3895 non
217 3847 298 3894 totus
316 3843 394 3909 λογος
419 3841 471 3894 erit
493 3841 672 3896 incarnatus?
708 3843 784 3911 Ergo
803 3844 880 3909 loyor
904 3849 1011 3910 partem
1035 3839 1148 3903 habebit
1171 3846 1250 3892 extra
1272 3837 1398 3907 partem?
1433 3837 1508 3905 Ergo

139 3926 250 3985 dieubi
268 3932 351 3999 loyor
366 3937 519 3983 monstrare
538 3929 631 3984 licebit
648 3931 832 4000 incarnatum,
857 3929 957 3986 alieubi
975 3944 1032 3983 non
1054 3925 1245 3982 incarnatum?
1270 3923 1361 3979 omnia
1379 3921 1509 3992 absurda,

140 4012 241 4079 ὥστε,
260 4011 413 4086 ἇθοολογαι
451 4016 521 4083 Quin
541 4031 605 4085 ergo
624 4017 782 4086 mysterium
800 4016 916 4086 adoras,
936 4031 1045 4071 munem
1064 4029 1115 4069 sua
1134 4019 1249 4068 naturae
1266 4010 1435 4080 proprietate
1448 4025 1510 4066 essa

140 4102 173 4161 h
188 4096 337 4173 moioco,
357 4104 406 4158 sed
424 4111 551 4173 respectu
568 4104 676 4158 unionis
694 4103 862 4175 personalis,
881 4120 936 4172 qua
953 4110 1030 4170 loyor
1049 4109 1128 4158 extra
1146 4115 1223 4154 susm
1242 4114 1352 4154 tarnem
1369 4114 1509 4166 nunquam

140 4198 173 4251 α
188 4190 291 4247 nullibi
316 4195 370 4254 est,
390 4205 451 4245 esse
475 4192 729 4259 omnipraesentem.
765 4189 905 4246 humerus
928 4190 980 4246 ait:
1006 4206 1047 4245 wo
1073 4191 1110 4245 du
1132 4187 1183 4242 mir
1201 4186 1339 4242 christum
1357 4183 1424 4240 (lott
1440 4184 1501 4240 bin·

141 4285 260 4347 mest
277 4275 314 4332 da
330 4287 424 4332 mustu
442 4278 494 4332 mir
511 4279 581 4334 auch
601 4280 740 4334 Christum
759 4280 812 4335 den
829 4278 981 4335 blenseben
1006 4277 1158 4333 hinsstzeu.
1196 4274 1272 4329 Haeo
1291 4290 1316 4327 n.
1336 4288 1401 4329 earo
1418 4272 1507 4343 ipsius

142 4386 172 4422 aa
187 4370 255 4436 toys
273 4379 337 4419 earo
356 4373 406 4431 εει,
426 4371 453 4418 ει
472 4365 517 4421 ubi
536 4371 626 4438 λογος,
650 4365 749 4421 ibidem
768 4365 891 4434 ejusdem
915 4372 957 4421 est
975 4380 1048 4421 earo.
1084 4365 1143 4420 Nee
1162 4361 1254 4419 soluta
1272 4368 1316 4417 est
1332 4363 1396 4418 nnio
1413 4376 1509 4431 perso·

144 4452 218 4509 malis
242 4459 271 4508 et
297 4452 400 4507 diuisus
419 4452 551 4507 Christus.
595 4452 649 4507 Sed
673 4468 725 4522 age
752 4454 804 4508 sisi
838 4454 882 4508 lix
906 4456 1033 4510 universa
1057 4454 1194 4522 scripture
1220 4452 1248 4509 S.
1272 4452 1382 4507 unicum
1404 4449 1510 4521 produc

145 4538 248 4610 heum
267 4556 322 4609 qno
341 4541 458 4608 probare
476 4542 575 4610 possis,
594 4545 674 4606 λογον
693 4546 756 4608 post
773 4540 969 4596 incarnationis
983 4541 1141 4612 mysterium
1153 4540 1197 4595 rel
1210 4540 1295 4596 semel
1309 4546 1388 4596 extra
1399 4552 1509 4595 earnem

146 4642 227 4684 suam
244 4626 346 4682 inisset
382 4627 413 4681 Id
432 4628 505 4696 quod
524 4628 605 4682 citius
623 4631 764 4696 praestare
783 4642 838 4681 non
856 4629 968 4698 poteris,
988 4644 1069 4697 quam
1087 4627 1214 4684 unionem
1233 4628 1405 4699 personalem
1424 4625 1510 4684 semel

144 4712 233 4770 luisse
258 4714 378 4770 solutam
402 4716 575 4784 probaveris:
602 4731 682 4785 quam
707 4715 897 4784 probationem
921 4717 997 4772 nulla
1019 4735 1139 4788 unquam
1164 4719 1257 4774 visura
1279 4724 1322 4773 est
1346 4715 1509 4772 aeternitas!

128 4802 284 4875 ¹'qua'mm
300 4802 385 4871 igitur
402 4804 454 4859 hac
471 4803 646 4872 imaginatisa
663 4810 711 4859 tua
729 4803 857 4873 opinione
869 4805 957 4875 (quod
968 4812 1046 4873 λογος
1065 4823 1172 4863 carnem
1187 4807 1334 4861 humanam
1346 4805 1375 4858 in
1387 4802 1510 4859 infinitas

142 4904 219 4953 ιιι
234 4891 398 4955 tamum
415 4893 589 4964 personalem
614 4892 742 4952 amonem
759 4906 916 4965 umens,
927 4893 1117 4953 'nibdominus
1133 4893 1193 4967 ills,
1216 4906 1269 4964 pro
1286 4891 1424 4950 menuae
1440 4900 1510 4950 snae

1240 4981 1296 5042 ωε
