3308 5534
148 366 215 441 692
590 326 598 341 “
661 370 726 428 rte
742 334 858 429 romu·
875 368 997 441 nepus.

254 542 337 601 Haud
354 546 432 616 parri
449 545 580 601 momenti
597 552 664 601 sunt
685 544 784 605 liteme
800 544 913 615 Repleri
936 558 1031 601 mense
1047 542 1138 614 Aprili
1160 540 1197 599 ad
1212 541 1395 599 llaestlinum
1417 540 1500 609 datae,

148 626 284 701 equibus
300 628 373 687 haec
389 631 547 702 repetimus.
580 625 667 704 Quod
697 628 816 690 tandem
846 624 1009 704 aliquando
1035 625 1158 704 elephas
1179 641 1265 686 meus
1294 628 1426 705 peperit,
1451 642 1500 685 me

147 715 263 776 interea
284 718 425 793 temporis
446 714 510 777 ulli
530 712 633 778 libello
655 732 721 777 meo
744 712 903 777 difficultas
917 733 937 774 a
950 712 1120 790 Scriptum
1142 711 1174 773 S.
1191 712 1406 786 delensorilrua,
1427 712 1500 790 qood

147 800 327 878 metuebam,
351 802 471 880 objecta
490 802 553 879 luit,
578 803 716 880 equidem
738 803 804 864 Deo
827 801 973 864 conditori
995 800 1103 863 devote
1124 803 1236 880 gratias
1258 819 1330 880 ago.
1374 802 1500 861 tamti

148 894 191 965 ut,
215 888 295 967 quod
318 906 374 967 ego
397 890 516 967 publice
539 909 664 968 quaero,
687 892 799 968 passim
812 888 893 968 apud
908 906 997 950 sanos
1012 898 1042 950 et
1056 892 1178 967 copioso
1192 897 1337 967 sequatur
1351 907 1389 950 ex
1398 889 1500 965 jucn-

149 975 273 1038 dlsslma
294 977 507 1056 speculatione,
530 979 644 1040 scilicet
665 987 698 1039 ut
720 977 794 1041 tides
817 977 853 1038 dc
875 994 971 1039 rerum
994 979 1142 1040 creatione
1164 975 1222 1037 lroc
1237 986 1360 1039 externo
1381 976 1498 1037 admisi-

149 1063 217 1125 culo
239 1064 433 1140 confirmetur,
458 1066 625 1127 conditricis
648 1070 754 1127 meotis
776 1073 883 1128 natura
905 1074 1100 1143 cognoscatur
1122 1065 1277 1141 majorque
1299 1064 1388 1124 uobis
1409 1065 1498 1141 quoti·

131 1151 197 1219 =die
226 1151 279 1212 fiat
305 1154 482 1214 inexhauste
512 1153 591 1214 illius
613 1158 772 1231 sapientia,
804 1163 893 1229 atquc
921 1153 996 1212 adeo
1025 1161 1058 1212 ut
1086 1154 1133 1213 vel
1165 1152 1284 1213 tandem
1318 1152 1408 1212 homo
1436 1168 1496 1210 suae

149 1241 256 1299 mantis
279 1241 356 1300 vires
375 1241 457 1318 justo
480 1241 601 1302 modulo
625 1245 763 1302 metiatur
785 1250 816 1302 et
837 1235 991 1314 io'telligst,
1016 1258 1081 1301 cum
1104 1236 1188 1301 Deus
1212 1243 1314 1301 omnia
1330 1238 1368 1301 ad
1390 1241 1497 1316 quanti·

149 1328 221 1387 tetis
242 1342 361 1388 normas
384 1327 548 1390 condiderit
575 1332 604 1387 io
628 1337 691 1390 toto
720 1327 844 1401 mundo,
877 1338 1002 1388 mentem
1032 1330 1120 1388 etiam
1144 1328 1255 1387 homini
1279 1326 1399 1405 datm,
1431 1342 1495 1403 qnae

149 1414 223 1474 talia
245 1415 484 1492 comprehendat.
529 1414 606 1477 Nam
636 1425 668 1477 ut
692 1416 794 1477 oculus
824 1414 862 1475 ad
886 1414 1013 1488 colores,
1044 1417 1123 1475 auris
1151 1416 1190 1474 ad
1213 1432 1323 1489 sonos,
1354 1417 1397 1475 ita
1426 1430 1495 1473 mear

149 1501 276 1561 hominis
304 1519 364 1561 non
392 1502 431 1562 ad
461 1506 601 1581 quaevis,
633 1504 686 1565 sed
715 1504 753 1564 ed
782 1512 925 1581 quante
951 1503 1143 1578 intelligenda
1171 1502 1292 1562 condita
1320 1514 1366 1562 est
1388 1518 1493 1577 remqrc

149 1587 313 1666 quamlibet
342 1598 425 1651 tanto
448 1595 556 1652 neonus
577 1595 713 1670 percipit,
745 1598 856 1668 quanto
883 1590 935 1649 ille
962 1593 1081 1666 propior
1103 1600 1149 1651 est
1175 1590 1264 1649 nudis
1293 1588 1492 1667 quantitatibus

149 1694 204 1739 ceu
226 1693 299 1737 suae
321 1681 444 1756 origiui;
464 1681 503 1740 ab
525 1678 572 1739 his
595 1698 654 1757 quo
675 1678 794 1756 lougius
817 1676 962 1754 quidlibet
983 1677 1101 1748 recedit,
1125 1685 1208 1737 tanto
1231 1678 1300 1754 plus
1322 1678 1491 1737 tenebrar-

150 1773 180 1825 et
202 1780 330 1825 errorum
353 1769 462 1827 existit
507 1765 602 1829 Alisrt
623 1770 700 1829 euim
722 1784 804 1827 mens
827 1773 928 1825 nostre
950 1775 1054 1841 suapte
1076 1772 1182 1825 nature
1203 1781 1306 1825 seeum
1329 1763 1368 1824 ad
1390 1764 1493 1823 dirius-

148 1867 212 1911 rum
235 1868 330 1912 mrum
352 1853 452 1915 studia
473 1857 610 1917 oofiones
632 1874 711 1930 suas,
734 1857 764 1913 in
787 1852 1024 1931 praedicamento
1040 1855 1215 1928 quantitatis
1238 1862 1417 1927 exstructam
1436 1852 1491 1928 qai-

148 1940 205 1999 bus
227 1940 254 1999 si
274 1938 426 2019 spolietur,
448 1943 521 2002 nihil
544 1944 600 2004 uisi
623 1947 711 2003 meris
733 1941 942 2018 negationibus
957 1939 1077 2000 definire
1097 1947 1204 2017 potest.
1237 1939 1317 2000 Hine
1338 1939 1391 1999 illa
1404 1936 1490 1999 Cairi-

149 2028 292 2087 summm
315 2024 447 2100 irrorante
476 2028 514 2089 ad
542 2048 648 2092 nomen
668 2032 862 2106 praescntiae
883 2029 1020 2087 illocalis.
1065 2026 1142 2086 Nam
1171 2037 1201 2087 ct
1231 2045 1290 2087 vox
1312 2028 1489 2105 (praesentiat

150 2122 180 2175 st
200 2131 247 2175 res
269 2114 419 2177 intellecta
440 2117 497 2178 sub
521 2136 593 2179 roeo
617 2118 752 2179 desumto
773 2124 819 2176 est
834 2133 870 2176 ex
885 2113 1053 2176 conditione
1069 2115 1158 2190 hujus
1177 2114 1280 2186 seculi,
1304 2113 1372 2176 loco
1386 2124 1416 2174 et
1428 2124 1489 2174 tea·

149 2217 221 2279 pore
243 2207 423 2280 constentis,
451 2204 634 2282 digitumque
658 2205 705 2265 vel
729 2206 905 2265 cautissimis
929 2202 967 2261 ad
991 2204 1171 2279 quantitates
1193 2203 1328 2262 intendit.
1374 2200 1488 2261 llaecet
1534 2222 1536 2243 ι

149 2288 257 2350 similia
279 2290 305 2348 si
328 2291 454 2369 quilibet
476 2311 513 2352 ex
544 2296 699 2354 occasione
729 2309 765 2352 ea
788 2307 853 2351 meo
876 2288 977 2351 libello
1009 2289 1144 2351 desumto
1175 2307 1276 2350 secum
1308 2288 1488 2366 perpenderet

150 2377 255 2455 opinor
284 2394 344 2438 ooo
374 2379 467 2457 gradu
490 2384 610 2458 propius
633 2388 829 2441 conventuros
857 2386 956 2455 partas
988 2381 1018 2436 in
1047 2376 1189 2455 religione
1217 2377 1403 2437 dissidentes.
1443 2372 1487 2433 sel

151 2465 228 2526 enim
250 2482 288 2525 ex
309 2484 412 2527 mosea
443 2466 494 2529 det
516 2469 572 2529 loco
594 2477 682 2545 pecto
713 2467 840 2543 denique
862 2465 993 2542 elephas.
1040 2466 1103 2542 Ego
1126 2482 1215 2542 quem
1238 2467 1294 2523 sim
1324 2464 1381 2525 hoe
1401 2464 1488 2523 nun&

150 2559 315 2629 recreatus,
348 2555 445 2616 dicere
467 2559 575 2617 rectius
598 2573 656 2615 noo
678 2572 815 2633 possum,
844 2570 933 2630 quam
956 2555 981 2612 si
1005 2555 1057 2613 tibi
1082 2551 1312 2612 sollicitudinem
1334 2555 1428 2612 mariti
1447 2564 1487 2629 pre

150 2642 283 2716 pariente
306 2656 397 2702 uxore
418 2643 619 2720 gaudiumque
642 2660 678 2703 ex
702 2643 827 2718 denique
841 2651 911 2702 nato
927 2657 1018 2717 puero
1034 2656 1143 2718 ponam
1158 2642 1197 2701 ob
1212 2639 1328 2700 oeulos.
1364 2638 1487 2717 Quamvis

151 2726 231 2788 haud
253 2744 358 2805 parum
382 2748 479 2790 meam
503 2731 691 2792 testivitatem
714 2730 890 2791 interturbat
912 2745 1033 2802 remora,
1057 2745 1146 2804 quaro
1169 2745 1254 2787 mens
1268 2730 1487 2805 istepartnstar

150 2817 260 2891 scripto
282 2818 392 2894 obJecit
421 2819 567 2896 simulque
595 2822 685 2879 totius
709 2820 843 2894 Europae
875 2817 1124 2892 exspectationem
1156 2814 1193 2876 de
1215 2814 1267 2875 illo
1298 2815 1408 2876 diutins
1435 2828 1488 2874 ιι·

149 2901 304 2982 pandit.*)

254 2991 293 3053 Et
323 2992 440 3071 quando
472 2993 590 3070 quidem
620 2996 648 3052 in
678 2995 754 3055 hanc
782 2994 959 3052 mentionem
993 2990 1097 3062 incidi,
1131 3007 1243 3067 quaeso
1271 3000 1300 3050 te
1333 2990 1489 3066 Ριιιεαριιι

150 3081 351 3141 amanumtms
381 3099 521 3157 permen
544 3091 574 3142 et
596 3091 648 3143 toa
675 3069 805 3158 quinque
833 3094 973 3155 corpore,
1001 3094 1038 3137 nc
1067 3095 1153 3153 aegre
1182 3078 1258 3137 ieras
1289 3081 1418 3155 cogitata
1436 3092 1488 3135 ner

151 3166 187 3225 de
211 3165 386 3228 calendario
411 3170 463 3229 tibi
480 3169 683 3246 explicantem.
721 3169 798 3228 Novi
813 3166 959 3243 equidem,
984 3182 1061 3241 quae
1084 3174 1114 3223 tu
1138 3166 1296 3241 suscepisti
1315 3162 1488 3226 ostendente

150 3252 295 3329 ejusmodi
318 3254 434 3316 firmate
457 3273 522 3317 esse
545 3259 741 3333 argumentis,
765 3271 842 3331 quae
862 3270 921 3312 non
948 3252 1037 3312 Cluvi
1059 3269 1154 3329 neque
1176 3255 1279 3323 cunei,
1305 3256 1364 3312 imo
1384 3270 1420 3312 ne
1441 3258 1489 3309 tota

150 3339 270 3416 quidam
293 3343 367 3403 coeli
390 3344 529 3404 machine
551 3346 656 3404 solvet.
701 3344 797 3402 Etiam
821 3340 893 3400 illud
917 3340 1041 3400 alterum
1072 3350 1157 3400 teneo
1181 3340 1321 3400 tirmiterz
1352 3346 1490 3417 peremit

151 3429 304 3488 minimum
327 3430 399 3506 quid
422 3449 486 3491 esse
509 3431 726 3492 commoditatis
749 3447 783 3489 ex
807 3430 986 3489 correctione
1018 3428 1054 3506 (si
1079 3431 1206 3487 menime
1229 3430 1390 3504 perlectam
1411 3428 1491 3503 osp-

148 3516 228 3590 mus)
251 3516 410 3593 paschatis,
433 3519 505 3577 nihil
528 3523 647 3578 omnino
670 3537 705 3578 ex
729 3519 893 3577 exemtione
919 3522 958 3577 10
982 3514 1094 3574 dicrum
1116 3524 1269 3593 sequutae,
1294 3533 1355 3594 quo
1376 3534 1410 3575 ec
1430 3528 1492 3575 rea·

149 3600 243 3663 ditare
268 3606 336 3680 jure
363 3609 458 3682 possit
481 3605 642 3684 Gregorius
673 3603 827 3665 contrad.
851 3603 1017 3664 Caesarem.
1062 3603 1166 3679 Neque
1195 3620 1261 3661 snm
1286 3605 1316 3660 in
1345 3602 1399 3663 illo
1425 3600 1491 3661 luti

148 3696 243 3764 matu,
272 3709 309 3753 ne
341 3693 467 3753 mundus
497 3711 532 3754 co
557 3713 650 3771 usque
673 3693 770 3766 duret,
800 3691 868 3751 dum
897 3690 1009 3768 pascite
1032 3691 1061 3747 in
1089 3701 1262 3749 autumnum
1287 3700 1318 3750 et
1340 3689 1491 3751 coelurah

147 3779 383 3864 tetram-cadet.
429 3781 506 3857 Quin
537 3784 595 3842 imo
626 3782 684 3840 hoc
710 3797 775 3841 esse
804 3789 875 3857 puto
907 3779 1115 3839 correctionem
1148 3777 1226 3839 hauc
1254 3776 1353 3838 ordini
1374 3778 1493 3857 politior,

148 3863 229 3940 qood
251 3868 354 3942 quinta
376 3875 441 3929 rote
464 3871 570 3930 cunni.
617 3869 694 3928 illud
718 3870 807 3929 etiam
830 3884 896 3926 cum
911 3864 1059 3941 theologis
1074 3868 1186 3926 sentio:
1211 3864 1492 3944 circumspiciend-

147 3951 239 4012 lnisss
260 3970 319 4013 non
342 3954 458 4030 ituree,
483 3973 520 4016 ne
543 3974 602 4034 qun
624 3956 717 4017 latest
738 3956 844 4032 anguis
867 3956 896 4012 in
919 3952 1019 4013 herba.
1061 3952 1163 4028 Neque
1184 3971 1231 4012 me
1254 3954 1331 4031 lugit
1353 3954 1492 4032 pstttts·

148 4041 337 4115 magistratus
360 4043 526 4120 consilium,
549 4048 601 4121 qui
624 4045 859 4104 adversariorum
876 4041 1024 4117 ingenium
1041 4044 1191 4117 cognitum
1207 4040 1309 4114 habet,
1333 4051 1364 4102 et
1378 4050 1492 4119 quaet·

147 4128 193 4184 sui
216 4129 323 4188 tacitus
346 4128 426 4206 apud
449 4130 517 4192 illos
540 4140 704 4193 contemtus
728 4148 763 4191 ex
786 4132 953 4206 receptione
976 4127 1143 4188 Calendarii
1166 4137 1325 4188 secuturus
1346 4132 1386 4189 sit
1407 4128 1492 4190 eoni-

148 4208 240 4274 derat.
285 4214 403 4276 Mordet
426 4222 502 4280 enim
525 4220 573 4280 rel
595 4219 661 4281 sola
683 4220 823 4295 cogitatio
847 4219 918 4276 victi
940 4218 1093 4292 propositi.

251 4299 335 4364 Haec
356 4322 424 4367 cum
447 4309 489 4368 ita
511 4316 636 4377 tensam,
660 4307 689 4365 in
713 4306 818 4367 ceteris
834 4307 862 4363 in
878 4321 986 4382 magna
1001 4321 1065 4363 sum
1080 4303 1207 4365 haeresi.
1246 4301 1328 4379 Quid
1343 4306 1492 4379 snitu!

149 4428 356 4445 ᾖ

250 4489 274 4557 'i
293 4493 440 4544 diasatllnus
458 4498 485 4546 ln
503 4499 597 4557 literis,
622 4498 653 4545 sd
674 4511 736 4558 quas
754 4494 887 4560 respondit
906 4495 1044 4559 lieplerus‚
1063 4495 1249 4545 absolutionem
1268 4498 1327 4561 typi
1344 4496 1491 4545 unciaru!

148 4564 174 4608 et
191 4561 251 4610 hale
270 4566 385 4613 relationi
404 4567 463 4616 haec
481 4571 656 4631 praemiserat:
684 4568 771 4627 Longa
790 4580 860 4615 mora
879 4565 939 4621 itrlt',
960 4568 1061 4628 speravi
1080 4565 1108 4614 ld
1126 4567 1196 4615 brsrl
1214 4565 1362 4616 absolutam
1378 4568 1421 4629 inl,
1443 4562 1490 4612 its·

148 4643 237 4691 paeane
255 4647 318 4695 sum,
337 4640 366 4683 ut
378 4636 472 4684 interea
490 4652 571 4685 meum
584 4640 706 4703 scriptum
725 4635 867 4686 differretur
884 4637 962 4701 idque
980 4649 1035 4683 meo
1054 4638 1150 4695 lugenti
1169 4649 1227 4685 com
1245 4638 1406 4687 locon-oda
1437 4632 1491 4685 K·

148 4698 207 4749 lnde
222 4703 328 4766 aceldlt,
347 4711 375 4752 ut
393 4718 476 4753 meum
495 4714 581 4755 contra
600 4705 777 4756 Calendarlum
795 4720 889 4755 norum
908 4706 1030 4768 aerlptum
1048 4712 1106 4753 ante
1125 4706 1253 4755 nondinae
1272 4706 1370 4755 abaolrl
1388 4720 1434 4757 aaa
1450 4718 1490 4767 p·-

147 4771 232 4836 ment,
251 4774 322 4833 cotue
339 4775 423 4833 natta
441 4775 468 4823 ln
487 4790 599 4836 magnam
618 4777 687 4842 apud
706 4782 822 4827 senatum
840 4776 1022 4839 amplissimum
1049 4776 1269 4841 reprehensionem
1290 4778 1378 4831 incidi.
1415 4778 1491 4839 lteqar

149 4850 205 4887 rara
222 4841 285 4891 mlltl
302 4843 395 4893 accidit
411 4845 550 4895 aoeundum
567 4846 637 4897 llllrm
655 4846 808 4910 symbolam:
829 4846 905 4911 „dum
923 4845 982 4896 allls
1000 4847 1120 4912 inservio,
1139 4860 1186 4909 ago
1204 4852 1366 4901 consumor!
