3308 5534
609 402 1047 477 mmuuuurmuopa
1441 400 1507 497 pon

144 582 349 663 anparlorllrur
370 584 402 645 iu
422 602 457 647 u.
501 584 580 663 Ergo
609 590 641 646 et
666 584 715 646 hic
743 583 891 663 significat
910 580 1022 658 Mund,
1051 586 1081 644 ct
1102 580 1217 644 laminir
1243 580 1362 658 linguae
1389 598 1508 657 germa-

144 674 230 734 nicae
252 670 400 733 familiare
422 689 441 732 a
461 670 564 747 Mund,
588 689 649 747 ore,
665 671 861 735 denominari:
884 669 1068 733 Rorimuuda
1081 680 1137 733 etc.
1167 670 1234 747 Quo
1256 672 1355 751 ponite
1371 669 1507 731 conaidc·

144 758 282 836 nudum,
301 758 559 837 quincuncem:
581 778 621 823 au
634 760 748 823 Horta?
770 760 850 823 Catii
864 758 999 837 Hearen3
1020 758 1143 820 Mat-
1156 758 1253 835 Mein
1272 759 1391 821 omuino
1404 756 1507 821 Horta.

145 846 254 922 cutia,
279 853 396 927 aupdru.

254 932 334 997 XII.
356 940 410 997 40.
441 934 601 1001 Vmuiiue.
637 934 764 1015 chutp
786 936 886 999 nereio
901 950 1071 1016 comparare
1084 932 1201 1009 cimilia,
1224 934 1283 995 niel
1303 932 1378 997 loric
1393 930 1508 1009 Harnd,

145 1030 174 1083 et
194 1040 221 1083 u
243 1022 278 1081 in
299 1022 369 1088 tine.
1305 1078 1308 1083 .

254 1108 335 1171 xii.
359 1116 412 1175 44.
437 1108 594 1187 Cognitum
622 1112 730 1172 noculo
753 1110 951 1190 temporibus,
981 1107 1110 1171 Hiberna
1140 1111 1182 1169 uti
1205 1109 1307 1187 lingua
1328 1109 1507 1187 garumnica.

145 1196 181 1257 Bt
201 1213 317 1258 nomen
334 1198 534 1259 Plurmmun
554 1215 601 1260 mc
624 1209 722 1273 antea,
745 1200 834 1261 eiiam
850 1197 978 1259 Parthos
1001 1200 1188 1274 cogitantem,
1211 1200 1242 1258 in
1264 1200 1431 1277 opinionem
1453 1194 1509 1257 ad·
1579 1238 1581 1243 -

146 1284 229 1344 duxit
251 1287 441 1362 germanicae
464 1288 595 1363 originis.
641 1284 836 1361 Wchreman,
859 1285 1051 1359 Walrreman,
1074 1290 1172 1364 potius
1194 1284 1356 1360 Krnaman,
1378 1283 1509 1344 Mandu·

146 1372 272 1433 inune
303 1372 390 1434 Tunc
405 1372 529 1435 Hiberia
543 1382 574 1435 et
589 1373 733 1436 Hibernia
754 1373 859 1436 codem
881 1376 999 1435 nomine
1020 1373 1077 1433 duo
1093 1373 1166 1434 tinec
1182 1372 1367 1434 Germaniae.
1398 1372 1509 1446 Vbern,

149 1462 232 1537 quari
256 1458 413 1525 limitanei.
458 1460 535 1522 Ecce
556 1461 738 1539 filium-ejur

254 1546 332 1611 XII.
355 1553 406 1611 44.
428 1546 676 1609 thudcmicium.
704 1548 870 1624 eratmlcl3
893 1546 1046 1627 quidhoc,
1063 1544 1153 1609 minti
1177 1550 1261 1624 quael
1277 1555 1362 1621 mant,
1378 1550 1508 1621 mitatem

148 1632 326 1710 lllratrelclr,
350 1635 470 1697 ctarclrlr
492 1653 552 1698 von
574 1636 663 1697 linat.
700 1638 748 1697 Au
771 1645 801 1697 et
824 1637 954 1697 Armenii
977 1639 1007 1695 in
1026 1636 1103 1697 hunc
1124 1639 1296 1699 societatem
1318 1633 1452 1697 trahendi
1468 1631 1507 1693 ad

148 1720 374 1783 aimilitudiuem
388 1723 536 1784 Arminii?
558 1724 737 1787 Elrrmilncu.
771 1724 809 1785 lit
833 1723 902 1784 Albi
924 1730 1026 1785 noaino
1048 1740 1155 1785 nomeu
1176 1725 1215 1785 ab
1238 1724 1363 1785 Albania
1386 1723 1508 1797 vicinla3

148 1824 216 1870 aare
240 1809 376 1871 Albania
397 1819 534 1873 montoaa
555 1820 585 1873 et
606 1820 758 1875 montana.
792 1808 965 1873 Germania:
987 1811 1091 1874 Elbcn.

258 1896 407 1973 Zmodio,
429 1897 616 1961 Rhadamieti
637 1916 720 1973 uxor,
742 1898 813 1977 qnid
836 1897 918 1960 aliud
940 1916 1029 1978 quam
1044 1898 1168 1974 Zenarr,
1191 1915 1241 1959 cco
1263 1904 1309 1959 eat
1323 1894 1508 1975 pulchritudo

150 1983 343 2063 migtnaliter,
366 1984 435 2048 iude
459 1985 498 2047 ad
522 1988 616 2049 vallea
637 1988 818 2047 transfertur.
862 1986 934 2060 Zeu,
957 1986 1070 2047 denica.

152 2156 178 2219 v
258 2070 352 2135 XIIL
375 2078 428 2139 39.
457 2072 644 2150 Volandum,
668 2076 698 2134 in
721 2075 871 2137 Armenia.
907 2074 1067 2135 Manifesta
1089 2091 1148 2137 vox
1169 2074 1355 2153 germanicae
1376 2071 1508 2147 origiulr,

178 2157 293 2221 ollaud.

256 2244 350 2307 xiii.
374 2250 426 2311 oc.
448 2245 587 2311 timim
629 2246 809 2312 Hodledum.

256 2333 299 2394 ib.
322 2336 435 2395 Ararie
455 2334 527 2414 quid
549 2337 602 2414 ait,
629 2335 711 2397 haud
733 2336 820 2397 laclia
843 2334 965 2412 direrla,
995 2338 1052 2396 uici
1081 2335 1174 2397 libeat
1200 2351 1370 2414 comparare
1393 2331 1509 2411 Arariu,

151 2418 325 2495 Arminium,
349 2422 531 2487 Armoriccn.
583 2492 586 2499 Ι

251 2508 345 2569 xui.
368 2514 420 2569 54.
450 2510 598 2573 Verrituc.
639 2510 698 2569 Vir
719 2512 927 2588 germanicum.
968 2510 1093 2586 Werrit,
1116 2510 1196 2572 rrelrr
1218 2518 1292 2571 reut.
1314 2508 1442 2569 Reutten
1464 2506 1510 2569 c'ct

155 2592 308 2657 Germania
330 2604 459 2657 motare:
491 2597 560 2657 duaa
581 2597 649 2659 diclr
672 2597 723 2659 der
745 2598 797 2659 Bit
817 2598 940 2673 achittc3
968 2598 1121 2663 Schiiteln.
1165 2597 1238 2659 Inde
1260 2597 1398 2671 Reiiticn,
1422 2598 1509 2673 equi·

155 2692 219 2759 ure,
244 2686 320 2761 quia
342 2692 576 2762 motaturequea
591 2688 708 2745 inceaau
723 2687 802 2763 eqni.
832 2686 871 2745 lli
884 2685 1053 2761 Rediteren,
1076 2687 1211 2761 cribrare,
1235 2684 1371 2747 Bellieln.
1402 2683 1509 2761 Itaque

155 2768 283 2833 Verritua
306 2779 353 2832 eu
374 2777 503 2831 motator
525 2772 573 2832 rel
596 2774 728 2833 vibratur
750 2790 907 2835 armorum.

256 2859 299 2917 ib.
324 2856 486 2936 Moloripe.
531 2858 703 2933 Mahlreiclr,
727 2878 817 2939 supra
831 2858 1040 2922 Malevendue.
1084 2859 1117 2922 Si
1139 2868 1185 2923 ect
1200 2859 1348 2936 Hammel,
1372 2859 1511 2923 convenit

157 2945 328 3023 clguiilcatio
351 2947 469 3023 cuique
491 2944 720 3010 Hammelreiclr.

255 3032 350 3093 XIII.
377 3038 428 3095 55.
452 3035 620 3108 Amidae-ii,
643 3038 833 3112 Ampriuarii.
878 3035 962 3107 Anci,
986 3042 1049 3097 ecto
1073 3035 1182 3097 fluvius
1204 3035 1274 3111 Ena,
1299 3034 1350 3096 der
1371 3035 1451 3097 Baur
1465 3066 1510 3081 -
1590 3088 1599 3107 ,

157 3118 284 3184 Embaur
306 3129 360 3180 aut
384 3122 533 3185 Enawehr.
576 3124 706 3197 Ancona,
729 3122 845 3182 fluvius.

254 3209 298 3269 ib.
322 3207 497 3281 Bojocclue.
534 3208 663 3284 Waibel,
686 3226 724 3271 an
746 3210 844 3288 placet
859 3212 941 3271 voeia
957 3210 1033 3288 Bojo
1049 3211 1226 3274 meminisse.
1250 3208 1327 3287 Quid
1347 3227 1414 3272 rere
1431 3208 1509 3273 cut

155 3292 222 3357 llam
245 3296 468 3356 substantivum
491 3313 557 3357 cecc
580 3314 700 3358 nececae
724 3306 769 3358 eat
791 3306 842 3358 aut
865 3301 1110 3361 terminationem.

258 3384 302 3443 ib.
330 3382 490 3443 Chamavi.
535 3383 662 3445 Hamaw
686 3417 726 3430 —
749 3384 913 3463 Hamburg.

258 3469 348 3530 XIV.
373 3477 425 3533 29.
449 3470 555 3532 Meua.
601 3474 648 3531 An
671 3470 743 3530 Mon
767 3491 785 3532 a
807 3473 948 3533 Luna-
967 3473 1068 3532 Lunae
1091 3474 1196 3546 inatile,
1221 3476 1291 3551 qula
1308 3475 1336 3532 in
1353 3492 1389 3534 ea
1403 3490 1508 3551 euper-

152 3559 283 3619 rtitionea
306 3566 339 3617 et
360 3557 507 3619 humanae
530 3561 678 3633 victimae,
702 3570 733 3619 et
751 3560 881 3623 Druidae
904 3578 1003 3639 prope.
1050 3560 1097 3620 An
1120 3561 1191 3621 Mon
1215 3580 1233 3621 a
1254 3584 1349 3635 penum
1372 3567 1402 3619 et
1417 3563 1510 3637 cigni-

152 3644 250 3707 fieator
274 3646 359 3705 Deua
381 3645 545 3706 Mercurius
567 3657 628 3723 eet3
652 3649 789 3724 quamvis
812 3648 883 3709 alibi
907 3649 998 3708 Deiitt
1012 3648 1175 3708 Mercurius
1197 3651 1250 3722 eit,
1275 3650 1353 3709 Dent
1371 3648 1416 3709 rel
1434 3649 1510 3712 Diet.

256 3731 348 3794 XIV.
372 3739 425 3795 30.
447 3733 599 3794 Druidae.
645 3736 811 3795 Aventinus
841 3734 936 3795 reddit
958 3735 1096 3809 Trutteu,
1127 3736 1276 3796 character
1299 3734 1434 3811 quidum,
1459 3735 1510 3796 der

150 3818 366 3883 Truttenlueae.
411 3821 450 3879 Et
480 3820 575 3881 adhuc
604 3821 692 3883 hodic
719 3823 859 3883 lucullum
887 3823 959 3882 alibi
981 3823 1128 3897 Schriitzl,
1158 3825 1229 3883 alibi
1253 3823 1375 3882 'l‘rurien
1399 3822 1509 3895 dicunt,

148 3926 234 3985 quem
268 3906 372 3967 divino
400 3906 492 3968 alicui
521 3910 694 3973 attribuunt.
739 3909 814 3970 Ati
836 3911 943 3970 obelet.
980 3910 1106 3986 Quidam
1130 3928 1149 3970 a
1170 3920 1240 3971 irew
1264 3910 1415 3985 derivant,
1440 3910 1509 3968 mihi

147 3996 264 4057 ridetur
294 3997 380 4071 origo
402 4012 421 4055 a
444 3995 588 4070 Drawen,
620 3999 691 4074 quia
723 3998 821 4057 minax
850 3997 991 4057 divinitus
1021 4006 1074 4059 eat.
1120 3999 1168 4059 An
1192 3999 1231 4059 Id
1253 3998 1384 4058 dicemur
1406 4014 1510 4059 vocem

146 4084 369 4147 nbatautivam
392 4082 481 4143 ecee?
517 4083 613 4162 Supra
634 4084 804 4146 Idistaviso.

255 4169 349 4231 XIV.
374 4176 427 4232 31.
452 4168 656 4250 Prorutopru.
702 4172 891 4233 Caractanua.
929 4171 1106 4233 Divitiacum
1151 4171 1211 4233 Sed
1240 4171 1311 4251 quid
1345 4175 1398 4251 ait,
1430 4172 1511 4249 haud

145 4256 231 4323 lacllc
256 4257 378 4319 dixeria.

254 4346 297 4406 ib.
322 4344 482 4420 Beodieiu,
507 4344 641 4406 Voadica
656 4340 845 4431 (Boudicca),
869 4345 1055 4411 Boundnice.
1092 4345 1192 4407 Prima
1213 4349 1333 4426 scriptio
1356 4354 1402 4407 eat
1423 4346 1511 4424 hujue

144 4432 210 4509 luci,
235 4432 371 4495 aecuuda
392 4436 422 4492 iu
446 4431 522 4494 Julli
538 4432 695 4511 Agricolae
719 4437 791 4509 vite,
814 4436 901 4493 tertia
916 4435 1031 4495 Dionia.
1070 4434 1280 4511 comparemus
1303 4436 1397 4513 primo
1412 4434 1509 4507 Bood,

150 4522 250 4597 Voud,
272 4520 381 4581 Rund.
419 4520 564 4579 Vidcmna
587 4524 753 4599 promiscua
775 4539 840 4582 eece
855 4522 895 4594 B,
918 4522 954 4595 V,
977 4524 1020 4582 eic
1041 4540 1087 4595 oo,
1111 4541 1159 4596 cu,
1182 4541 1238 4598 un,
1263 4522 1349 4583 idem.
1382 4522 1510 4595 Certum,

145 4610 321 4687 productam
348 4624 415 4670 erac
447 4608 581 4668 vocalem
604 4616 633 4669 et
660 4626 767 4687 graeca
795 4611 915 4686 acripiio
937 4628 961 4668 n
983 4609 1111 4683 addena,
1144 4627 1264 4670 caueam
1288 4610 1510 4688 prolongantem

146 4698 272 4772 indicat,
301 4714 344 4755 ac.
367 4716 391 4756 n
412 4713 467 4772 per
488 4712 574 4755 nares
596 4714 791 4771 evanescens,
813 4700 914 4773 itaque
938 4704 1016 4757 certo
1040 4696 1149 4768 Wund,
1173 4697 1287 4772 Wund,
1311 4695 1510 4758 Wunibnldua

147 4783 348 4861 (chdielre).
395 4782 514 4844 Deinde
537 4786 606 4860 icio,
629 4788 774 4857 lemicae
798 4784 937 4858 indicant,
959 4785 1150 4846 redundaret·
1171 4787 1200 4843 in
1223 4787 1335 4862 primo,
1359 4792 1389 4844 ei
1412 4792 1511 4842 tamen

147 4888 204 4934 non
225 4874 437 4934 irmtrancum.
483 4871 561 4950 lingo
581 4891 604 4951 9
624 4872 779 4951 gallicum,
801 4872 850 4933 cui
871 4874 1077 4951 pronunciatio
1098 4871 1215 4937 videtur
1237 4876 1249 4933 i
1267 4872 1365 4952 iungi.
1409 4870 1510 4935 Tertio
