3308 5534
823 217 829 259 t

807 370 889 436 1598.
1252 382 1254 386 ”
1405 370 1470 442 701

128 551 240 615 acolitis
269 549 526 627 inundationibus,
562 566 640 627 quae
670 552 758 610 etiam
793 566 895 611 menae
921 549 1059 627 augum
1096 550 1194 626 inere,
1226 546 1376 626 impediti,
1411 564 1471 617 non

128 639 190 701 lira
216 645 260 701 30
283 643 506 715 convenerunt).
551 638 682 698 Tandem
714 645 763 698 17.
796 645 848 698 27.
871 639 953 716 Sept.
983 646 1050 698 ante
1079 638 1158 699 Solis
1186 653 1323 698 occasum
1350 637 1472 696 univer-

128 744 160 789 os
181 744 239 788 nos
260 730 397 805 princeps
419 728 489 787 urbe
513 729 637 803 migrare
664 735 783 802 etpost
808 727 908 786 linitos
935 728 1086 802 primosi
1111 726 1174 786 dies
1204 729 1284 787 exire
1312 726 1472 801 provinciis

128 817 252 877 nemori
274 814 528 876 commendatione
547 816 646 891 jussit.
690 813 797 889 Itaque
824 812 862 874 de
885 815 1008 874 consilio
1038 821 1067 873 ct
1093 814 1178 890 jussu
1200 830 1352 892 procemm
1375 814 1473 872 exivi·

128 920 191 979 rua,
220 902 332 965 relictis
362 903 552 979 conjugibus,
583 902 652 961 hinc
680 901 748 961 inde
775 900 899 979 dispersi
931 903 961 959 in
984 899 1133 978 Ungariae
1163 910 1193 962 et
1222 902 1360 961 Oroatiae
1389 900 1472 974 fines,

128 990 163 1051 bt
199 989 313 1051 Caesar
341 992 475 1068 imperat.
528 989 643 1050 Salaria
675 991 854 1050 obtinuimus
887 988 1094 1064 nihilominus,
1132 992 1241 1050 viatica
1270 992 1389 1065 insuper
1420 1004 1473 1047 ac·

128 1078 263 1157 spinum,
281 1078 359 1154 jussi
381 1080 458 1137 hanc
479 1081 522 1137 sic
544 1076 669 1136 tolerare
690 1078 852 1152 somenam,
882 1076 951 1139 dnm
974 1085 1137 1137 conventus
1164 1077 1318 1139 habeatur.
1365 1076 1395 1135 Is
1417 1075 1474 1135 ad-

128 1182 171 1227 tue
191 1175 338 1243 speratur.
383 1166 447 1242 Ego
471 1158 539 1242 pest
561 1183 689 1224 mensem
713 1165 801 1240 redii,
827 1167 928 1242 jussus
952 1185 970 1224 a
992 1168 1131 1242 principis
1160 1168 1315 1239 ministris,
1347 1167 1398 1241 qui
1426 1182 1473 1221 mc
1519 1224 1526 1231 ,

128 1262 266 1315 uentum
289 1253 437 1315 dicebant.
473 1252 646 1330 Supplicavi
662 1262 769 1325 tamen,
794 1256 847 1327 uti,
870 1255 940 1329 quia
953 1254 1091 1330 generale
1109 1261 1188 1313 esset
1211 1252 1368 1334 decretum,
1391 1257 1473 1328 prin-

128 1358 185 1419 ceps
207 1340 339 1402 cilicium
361 1358 458 1401 meum
481 1342 615 1401 neutrale
639 1358 703 1401 essa
726 1351 875 1401 exemtum
897 1340 1069 1415 declararet,
1092 1358 1130 1401 ne
1152 1341 1203 1401 illc
1219 1341 1336 1401 decreto
1357 1341 1473 1399 veniam

128 1427 343 1515 inpsrlculum,
366 1432 392 1489 si
415 1446 509 1490 morer
532 1431 561 1486 in
585 1429 746 1506 provincia.
783 1428 969 1506 Responsum
992 1436 1038 1488 ast
1059 1429 1105 1487 bis
1128 1429 1240 1488 verbis:
1267 1428 1336 1504 ,Ihr
1350 1426 1473 1487 Durchl.

128 1516 224 1578 mbae
246 1535 318 1587 auss
340 1517 466 1577 sondern
489 1516 606 1594 giraden
630 1515 788 1592 verwiDigt
814 1516 927 1592 haben,
956 1516 1025 1576 dass
1049 1515 1223 1593 Supplicem
1246 1514 1402 1593 Ungeacht
1424 1513 1474 1573 der

129 1604 236 1681 general
259 1605 468 1682 ausschaffung
491 1615 546 1664 etc.
577 1605 655 1663 noch
685 1605 785 1680 lengcr
807 1605 897 1664 allbie
920 1603 1090 1664 verbleibcu
1113 1608 1209 1680 mbge.
1254 1604 1341 1663 Doch
1363 1601 1421 1662 soll
1444 1617 1475 1661 er

130 1692 182 1753 tlrh
202 1691 403 1753 allenthalben
428 1693 611 1769 gebiirlicher
628 1691 876 1752 Beschaidenheit
896 1692 1084 1769 gebrauchen
1108 1692 1168 1751 ulid
1190 1691 1254 1751 sich
1276 1693 1341 1751 also
1356 1691 1474 1751 aner-

131 1778 247 1841 naaliel
269 1780 431 1855 verbalten,
455 1780 548 1840 demit
569 1780 608 1840 Ir.
631 1779 753 1838 Durchl.
776 1778 898 1840 solliche
920 1779 1000 1856 guad
1021 1779 1111 1839 wider
1133 1780 1316 1859 aulnuheben
1340 1781 1385 1839 nit
1406 1795 1475 1839 var-

133 1866 236 1929 maht
257 1864 383 1929 vverde.“
430 1869 546 1928 Dicitur
574 1870 710 1944 princeps
740 1866 878 1927 delectari
901 1870 973 1927 meis
998 1868 1234 1943 inventionibus,
1264 1876 1294 1928 et
1316 1867 1474 1927 Manechio

136 1954 239 2031 valdatn
261 1956 447 2016 consiliarius
469 1957 545 2016 solet
567 1955 605 2014 ad
628 1973 675 2014 me
697 1955 832 2028 scribere,
856 1954 933 2015 unde
956 1956 1105 2016 laventem
1127 1956 1224 2015 habco
1247 1956 1356 2015 aulam.
1397 1953 1476 2029 Quid

137 2042 241 2105 ulam?
275 2042 468 2104 Manebone'l
505 2046 547 2102 At
569 2061 605 2103 ex
627 2044 763 2102 omnibus
791 2044 884 2103 tribus
906 2046 1065 2120 provinciis
1089 2047 1185 2104 exacti
1207 2045 1331 2102 ministri
1353 2042 1475 2120 publici,

137 2128 216 2191 ittam
237 2130 306 2191 hinc
329 2130 397 2191 iude
419 2133 527 2209 privati
551 2133 580 2188 in
604 2131 730 2190 arcibus.
778 2130 818 2189 tte
839 2133 864 2190 si
888 2133 954 2206 quis
976 2134 1035 2190 civi
1057 2134 1197 2208 principis
1219 2135 1348 2191 venienti
1365 2132 1478 2207 petenti

137 2219 243 2296 porrigit
269 2226 502 2293 sacramentum,
535 2220 649 2295 etipse
672 2218 798 2294 pellitur.
844 2219 968 2278 Civibus
996 2221 1139 2296 imperata
1162 2226 1213 2279 26.
1236 2219 1313 2278 Nov.
1336 2216 1478 2295 parochia

137 2305 211 2379 urbis,
233 2324 253 2365 a
274 2324 335 2384 qua
356 2314 458 2383 petant
481 2307 675 2383 baptismum,
706 2306 924 2366 benedictiones
947 2307 1150 2382 conjugiorum
1176 2308 1255 2384 ,und
1278 2305 1386 2366 audere
1409 2305 1478 2364 der·

136 2391 255 2467 pumen
285 2394 429 2456 hailsame
458 2393 648 2455 Sacramenta
678 2393 738 2454 und
769 2392 1231 2472 Gottesdienstbesuechungeu“.
1276 2395 1330 2454 lbo
1363 2392 1477 2470 igitur?

136 2478 169 2539 tt
186 2497 259 2541 uxor
280 2482 422 2542 adhaeret
444 2482 528 2542 bonis
551 2485 612 2541 suis
636 2491 666 2541 et
681 2483 744 2558 spei
760 2481 904 2540 bonorum
919 2484 1087 2560 patriorum.
1118 2482 1264 2542 Videntur
1278 2484 1377 2543 omnia
1392 2481 1477 2541 dese·

135 2566 223 2642 mdc,
245 2576 336 2647 atque
359 2573 424 2646 ipsa
447 2569 523 2630 adeo
547 2572 683 2646 privigna
705 2575 805 2629 mea8
824 2587 974 2644 annorum,
997 2570 1086 2645 paulo
1100 2577 1170 2647 post
1184 2573 1307 2647 papatui
1323 2569 1476 2640 initianda,

134 2654 292 2717 inanem
314 2659 440 2717 amittat.
486 2657 562 2716 Tum
586 2659 651 2734 quis
675 2659 744 2731 scit,
778 2659 828 2734 qui
852 2665 946 2718 status
968 2675 1023 2716 uos
1046 2661 1084 2717 sit
1106 2667 1174 2734 pest
1196 2658 1270 2718 haec
1293 2665 1477 2733 excepturus.

133 2738 266 2813 Muruit
287 2745 436 2805 vindemia
464 2747 523 2805 irae
547 2745 604 2804 Dei
628 2747 717 2804 etiam
740 2744 819 2821 apud
842 2763 905 2805 nos.
951 2744 1181 2822 Tumultuantur
1209 2749 1315 2806 omnia.
1361 2746 1477 2820 ltaque,

134 2828 202 2905 qlod
220 2831 284 2908 J'am
306 2832 419 2909 pridem
442 2848 509 2909 ago,
532 2850 620 2908 agere
635 2849 767 2909 pergam.
798 2832 902 2909 Neque
915 2833 1159 2909 wirtembergico
1174 2834 1357 2910 supplicabo,
1380 2837 1479 2909 prina-

133 2932 211 2995 μω
232 2923 349 2997 penitus
373 2919 526 2995 extrudar,
556 2923 700 2996 aequasi
725 2937 784 2995 qua
805 2919 977 2980 Stuccardia
1006 2920 1078 2979 mihi
1102 2924 1233 2980 imminet
1260 2925 1397 2996 vocatio,
1422 2923 1479 2978 im·

134 3004 241 3081 pediam
264 3017 317 3068 aut
339 3007 509 3084 impeditam
533 3010 653 3084 optabo.
691 3007 767 3066 Nam
790 3009 815 3065 si
838 3008 907 3067 talia
931 3026 1023 3068 causa
1045 3009 1190 3086 horologii
1215 3012 1332 3068 vocatio
1355 3011 1479 3081 venerit,

132 3106 236 3172 uper
257 3095 329 3155 mihi
344 3098 399 3155 erit
415 3097 568 3172 integrum,
593 3095 754 3156 deliberare
771 3093 807 3154 de
823 3096 1027 3172 amplectenda
1049 3104 1101 3156 aut
1124 3096 1298 3157 declinanda
1315 3096 1375 3156 illa.
1414 3096 1480 3156 Nisi

132 3178 203 3241 hui
224 3190 258 3241 tu
280 3191 310 3243 et
334 3182 473 3258 Collegae
496 3192 526 3242 et
547 3185 585 3241 D.
608 3182 825 3242 Halenrcffems
848 3183 1023 3257 consulatis,
1041 3201 1171 3261 ,quorum
1200 3188 1329 3244 omnium
1356 3184 1480 3244 consilia

132 3268 365 3331 cottonianae
387 3288 477 3330 manu
500 3280 529 3329 et
551 3273 665 3348 pictura
687 3270 789 3331 literae
818 3289 854 3330 ex
877 3274 975 3330 anime
1004 3280 1102 3331 tamen
1125 3282 1155 3331 et
1177 3290 1244 3332 cum
1267 3272 1367 3331 debita
1389 3289 1477 3331 reve-

131 3358 215 3418 racia
237 3365 359 3435 expeto:
383 3366 549 3434 praestetne
572 3376 618 3418 me
642 3358 690 3417 hic
713 3376 799 3436 agere
822 3359 1069 3430 mathematicum,
1092 3359 1210 3435 qualem
1225 3360 1328 3437 'l'ycbo
1351 3358 1476 3440 (ratione
1532 3404 1535 3409 -

132 3440 180 3505 bd
199 3461 260 3505 nun
283 3443 469 3525 cruditionis)
492 3447 520 3502 in
536 3446 642 3520 Dauia,
667 3448 830 3506 solitarium
852 3464 893 3506 sc.
917 3464 971 3506 uec
993 3449 1049 3506 uisi
1064 3451 1181 3523 scriptis
1205 3449 1274 3506 olim
1297 3447 1476 3522 loquentem,

130 3546 163 3589 sn
182 3550 253 3593 vero
277 3535 379 3593 venari
412 3535 581 3592 occasiones
608 3533 749 3609 loquendi
780 3535 816 3593 de
848 3534 988 3594 cathedra
1015 3538 1044 3592 in
1067 3535 1169 3610 aliqua
1195 3536 1269 3595 sorte
1298 3534 1479 3596 academia?

131 3614 218 3693 Qum
241 3624 446 3699 quaestionem
460 3620 526 3680 loco
542 3621 746 3681 valedictionis
770 3631 799 3682 ct
815 3623 964 3683 officiosae
980 3622 1166 3682 salutationis
1183 3624 1318 3683 omnibus
1334 3640 1477 3700 propono.

131 3702 239 3785 vnete,
261 3726 316 3787 pro
339 3709 425 3770 nobis
448 3716 538 3769 orate.
577 3715 607 3769 9.
632 3709 753 3769 Decem.
777 3719 814 3771 st.
837 3728 867 3774 n.
891 3716 942 3772 98.

418 3797 464 3856 Ex
486 3797 521 3858 Τ.
557 3797 652 3857 Notus
1108 3797 1150 3858 M.
1175 3798 1298 3874 chlcr,

918 3885 1077 3945 Procerum
1099 3885 1215 3964 Styriee
1238 3886 1476 3947 Mathematicus.

223 4063 407 4121 Bernartc
427 4063 575 4120 decadem
594 4064 748 4120 calamitate
767 4063 877 4133 scripsit
889 4062 916 4118 d.
932 4064 972 4120 16.
986 4063 1161 4121 Decembris:
1186 4062 1311 4137 Quaeris
1341 4060 1377 4122 de
1406 4063 1479 4122 meis

128 4144 225 4209 nahts
248 4158 279 4209 et
302 4167 420 4228 operam
443 4149 591 4227 polliceris
613 4147 783 4223 adJutandis
806 4150 879 4208 meis
902 4149 1169 4209 observationibus.
1208 4151 1246 4209 lit
1268 4151 1480 4210 humanitatem

128 4233 198 4297 hnc
213 4237 280 4314 jam
303 4238 416 4316 pridem
439 4238 610 4316 degustavi,
641 4244 743 4310 gratus
772 4253 916 4311 agnosco,
948 4254 1003 4297 nec
1025 4253 1071 4294 me
1099 4236 1216 4297 hercule
1244 4248 1399 4298 contemno
1428 4246 1480 4296 aut

128 4322 234 4401 adicio.
279 4325 414 4386 Ceterum
437 4329 469 4384 in
490 4325 563 4383 baec
586 4331 719 4399 tempora
742 4323 906 4397 incidimus,
930 4324 959 4380 in
983 4326 1091 4400 quibus
1113 4325 1272 4386 hebescere
1295 4327 1479 4405 solertissimi

128 4410 267 4489 uiasque
283 4416 384 4487 aciem,
408 4413 608 4473 defervescere
624 4412 766 4485 ardorem,
791 4421 914 4470 conatus
933 4415 1057 4488 opprimi
1073 4431 1192 4474 necesse
1208 4414 1255 4473 alt.
1288 4412 1365 4488 Quid
1380 4413 1480 4473 euim?

128 4496 282 4579 instyrn
309 4500 466 4561 maneam?
495 4517 531 4561 an
562 4499 732 4559 discedam?
769 4499 873 4574 Neque
901 4516 948 4557 me
979 4502 1121 4576 reprimo,
1153 4504 1203 4578 qui
1230 4501 1394 4561 studiorum
1425 4501 1479 4560 tihi

128 4602 258 4651 mrem
278 4605 367 4664 quam
390 4590 603 4665 penitissimum
627 4589 760 4647 notitiam
776 4589 888 4663 aperui,
913 4588 983 4663 quin
1001 4597 1030 4648 ct
1046 4590 1166 4648 allectus
1190 4592 1278 4649 animi
1294 4591 1479 4666 patefaciam.

128 4670 209 4749 Quat
232 4683 267 4735 tu
288 4676 411 4736 fortasse
433 4675 547 4752 gaudes
571 4678 618 4751 (ut
632 4684 708 4742 ‚sunt
731 4674 881 4748 humana),
904 4676 934 4733 id
958 4694 1004 4736 me
1028 4677 1127 4737 dolere
1149 4680 1336 4737 acerbissime
1360 4695 1487 4737 necesse

128 4770 176 4821 nt.
221 4760 405 4823 Christianus
428 4781 503 4836 aum,
527 4761 732 4839 Augustnnnm
756 4763 969 4824 confessionem
993 4784 1029 4824 ex
1053 4768 1237 4827 institutione
1259 4773 1422 4842 parentum,
1445 4782 1482 4825 ex

128 4850 286 4913 monitu
308 4853 427 4929 saepius
450 4850 488 4912 ad
511 4853 650 4913 trutinam
674 4853 835 4927 revocatis,
858 4868 894 4913 ex
918 4855 1113 4913 tentationum
1136 4855 1373 4931 quotidianarum
1395 4869 1480 4915 caer·
