3308 5534
438 406 619 469 summulam
634 406 773 469 asanaa
789 408 984 469 desonantes
1000 410 1094 471 uculo
1111 414 1185 473 XVI.
1433 404 1498 487 '583
1623 445 1651 476 ··.

175 592 266 647 utiam
282 590 424 659 emendat,
448 602 565 657 cumque
582 590 612 643 in
628 590 743 655 gradun
767 604 848 643 suum
866 588 1076 658 pulcherrimam
1093 593 1165 649 hanc
1183 594 1374 665 philosophiae
1390 604 1497 669 purtem
1596 616 1601 634 ¹
1618 601 1621 609 '

176 684 269 743 monet
301 678 368 733 ldeo
385 684 478 731 summ
501 681 544 730 est
561 674 650 730 dictus
668 674 743 731 orbis
760 690 888 745 magnus,
916 678 980 745 quia
1003 686 1059 733 tam
1076 677 1112 734 ad
1135 684 1305 751 superiorum
1327 684 1498 757 plonetsmm

174 760 233 819 stlta
246 779 321 833 qnam
338 762 374 818 sd
392 762 549 818 inferiorum
563 761 776 829 magnitudinem
795 762 941 818 notabilem
965 765 1064 835 hebet,
1088 784 1159 837 quas
1183 772 1392 841 praecipuarum
1414 792 1499 847 apps-

173 850 288 907 mucan
311 852 343 905 iit
362 852 479 907 occasio.
515 850 601 905 Porro
619 850 648 903 in
672 849 862 906 latitudinibus
887 851 1059 921 planetarum
1081 856 1197 925 primum
1222 868 1265 913 eat
1287 860 1393 931 ridere,
1418 880 1499 933 quarn

171 948 226 995 ncta
238 940 367 997 deferenti
385 948 507 995 matrum
525 940 626 993 Terrae
644 942 738 1011 mapni
755 956 852 994 nomeu
872 942 1014 1010 tribuatur,
1032 942 1106 1011 quod
1124 960 1157 999 eo
1174 944 1286 1015 iusuper
1303 950 1434 1017 majorem
1451 950 1499 1005 ad-

171 1026 309 1083 alrationens
328 1035 456 1095 merebar,
475 1044 531 1096 quo
549 1034 670 1081 veterum
688 1027 740 1081 hae
758 1027 793 1081 de
811 1042 841 1081 rs
859 1038 1006 1097 praccepta
1024 1028 1196 1098 perplexiore
1214 1032 1426 1103 obscurioraque
1438 1052 1499 1093 esse

169 1122 257 1173 aaut
287 1114 319 1169 In
336 1114 526 1170 ludtndiuibus
545 1115 715 1183 planetarum
728 1114 788 1181 ejas
800 1114 943 1183 utilitates,
961 1130 1011 1169 ceu
1023 1116 1051 1169 in
1064 1114 1164 1171 illustri
1177 1120 1295 1186 quasdam
1308 1120 1370 1176 loco
1382 1122 1497 1194 positas,

167 1204 231 1271 sap's
247 1212 311 1259 snut
327 1205 501 1273 conspicuae,
520 1204 660 1272 cumipse,
679 1216 813 1271 nusquam
826 1200 967 1271 eclipticas
979 1201 1061 1271 plano
1076 1202 1227 1266 discedens,
1246 1208 1395 1277 praecipua
1407 1216 1498 1265 tumen

164 1304 229 1347 stura
244 1294 331 1347 omnis
354 1291 518 1346 diversitatis
540 1290 761 1359 apparentiaram
779 1290 806 1344 ia
831 1288 1000 1346 latitudinem
1027 1290 1136 1346 existat.
1172 1290 1215 1347 Τιι
1238 1310 1315 1359 aero,
1342 1293 1499 1353 doctissime

162 1376 188 1433 b.
202 1380 347 1447 Schonere,
375 1380 437 1434 ideo
455 1396 559 1435 summo
578 1394 669 1433 amoro
686 1381 779 1435 orbern
803 1380 877 1435 hasne
893 1380 1112 1449 prosequendum
1131 1386 1159 1433 et
1175 1380 1395 1448 amplectentium
1413 1383 1498 1455 rides,

159 1468 217 1535 qnod
233 1476 319 1523 totam
337 1476 428 1523 motus
446 1468 473 1521 in
491 1466 661 1522 latitudinem
680 1468 830 1521 doctrinam
849 1466 966 1522 breviter
983 1476 1092 1537 tamquo
1110 1467 1236 1535 dilucida,
1255 1468 1380 1526 omuibus
1397 1488 1498 1543 propo·

156 1553 204 1611 aitis
220 1556 319 1621 causis,
338 1556 374 1611 oh
392 1556 487 1611 oculos
505 1560 614 1623 ponat.b

245 1644 421 1699 Plouetarum
439 1642 559 1700 theorias
578 1644 778 1711 Copcrnicanas
797 1644 930 1699 Rusticus
948 1659 1028 1713 quam
1048 1643 1204 1700 brevissime
1217 1646 1355 1715 explicare
1374 1655 1497 1721 conatur,

150 1732 345 1799 scabrositate
362 1732 473 1801 saepius
491 1748 546 1785 reru
566 1732 651 1800 magis
670 1732 789 1800 introlvit,
808 1748 889 1800 qaram
908 1730 1049 1786 clausionem
1067 1729 1160 1795 elficit,
1180 1746 1288 1800 semper
1298 1734 1448 1803 respiciens
1463 1738 1498 1791 od

150 1814 272 1881 ,damn
289 1819 498 1887 rurationem,
518 1834 573 1887 qrro
585 1820 727 1889 Copcrnici
746 1818 912 1889 hypotheses
933 1834 1029 1886 ,qnam
1047 1818 1162 1887 primum
1178 1818 1254 1886 justo
1272 1820 1395 1876 adhibito
1407 1822 1499 1878 studio

146 1910 228 1959 lotum
244 1906 281 1961 Ι).
301 1906 493 1975 Praeceptoris
511 1922 582 1975 opus
600 1906 756 1974 evolverit··,
775 1908 803 1960 iu
821 1905 922 1961 claram
941 1905 1029 1960 luceru
1047 1906 1241 1974 producentur.
1262 1939 1295 1949 -

243 1994 277 2049 ln
294 1994 455 2063 appendice,
473 2010 553 2063 parem
572 1994 710 2063 inscripsit
727 1996 880 2051 Borrasr'oe
898 1994 1069 2056 Erscomtam,
1088 1992 1219 2049 Rheticus
1237 1997 1394 2063 praemissis
1412 1996 1499 2055 laudi·

141 2080 191 2137 bns
202 2082 352 2137 Borussiae
370 2082 483 2152 ejusque
502 2083 599 2137 ducum
618 2087 646 2137 et
662 2083 768 2151 civium,
786 2098 851 2151 prae
863 2080 924 2135 aliis
942 2081 1008 2135 dicit
1025 2080 1221 2135 Tidemanuum
1240 2084 1365 2153 Gysium,
1384 2086 1499 2156 Episco.

140 2186 203 2237 puna
224 2169 408 2238 (balmensem,
434 2172 481 2239 qui
501 2178 580 2231 ,rante
602 2186 656 2223 non
679 2169 784 2224 destitit
807 2167 947 2223 adhortari
972 2166 1150 2237 Gopernicum
1177 2169 1211 2223 od
1237 2169 1308 2225 harno
1331 2174 1498 2240 provinciam

138 2257 355 2327 suscipiendam,
381 2272 462 2326 quom
488 2255 604 2325 impulit.
644 2256 677 2311 ll.
695 2256 861 2325 Pramcptor
885 2255 966 2310 iacile
988 2255 1067 2309 amici
1091 2258 1218 2325 precibus
1241 2260 1324 2314 cessit
1348 2268 1377 2315 et
1394 2264 1499 2335 recepit

137 2344 246 2399 tabulas
265 2346 461 2400 astronomicas
479 2360 509 2399 se
526 2345 747 2413 compositurum.
784 2344 821 2397 At
837 2344 966 2412 quoniam
986 2343 1045 2411 jaro
1063 2345 1127 2399 olim
1147 2346 1199 2403 sibi
1223 2356 1297 2403 esset
1314 2358 1497 2423 perspectum,

137 2433 343 2489 observationes
362 2449 412 2487 suo
430 2431 629 2501 quodammodo
645 2432 708 2499 June
725 2431 795 2484 arios
807 2429 974 2499 hypotheses
986 2431 1103 2499 exigere,
1122 2448 1193 2501 quiae
1212 2452 1266 2491 noa
1284 2444 1339 2489 tum
1353 2452 1497 2495 eversuras

137 2530 232 2577 masat
248 2520 385 2575 hactenus
403 2520 437 2573 de
454 2532 577 2575 motuum
594 2525 622 2572 et
639 2519 744 2573 orbium
764 2518 858 2573 ordine
876 2518 1016 2586 disputata
1039 2526 1066 2573 ct
1083 2536 1212 2591 excussa,
1236 2540 1318 2592 quarn
1335 2526 1417 2581 etiarn
1435 2543 1498 2583 curn

138 2608 267 2663 sensibus
285 2608 388 2663 nostris
405 2616 582 2676 pugnaturae,
599 2606 754 2677 judicabat,
773 2607 959 2676 Alphonsinoe
977 2608 1069 2676 potius
1089 2625 1170 2677 quam
1188 2610 1374 2667 Ptolemaeum
1391 2612 1497 2669 imitan-

137 2696 204 2750 dum
222 2703 251 2750 et
268 2694 379 2750 tabulas
403 2696 461 2749 sine
487 2694 761 2750 demonstrationibus
786 2695 988 2763 proponendas.
1025 2695 1070 2750 Sic
1088 2696 1222 2763 futuram,
1245 2706 1276 2753 ut
1300 2697 1402 2755 nullam
1427 2700 1498 2757 inter

136 2784 320 2854 philosophos
343 2791 463 2838 moneret
485 2782 606 2836 turbam:
633 2781 759 2851 vulgares
776 2783 960 2839 mrashematici
978 2792 1128 2840 correctum
1151 2784 1284 2842 haberent
1301 2793 1424 2843 motuum
1442 2788 1496 2843 cal·

137 2870 245 2938 culam,
270 2886 349 2925 seros
368 2878 459 2925 sutem
477 2869 597 2925 artifices
614 2885 647 2923 or
666 2868 784 2923 numeris
802 2871 951 2937 propositis
969 2872 1050 2927 iacilc
1067 2880 1247 2941 peruenturus
1265 2873 1300 2929 ad
1317 2876 1452 2945 principis
1468 2882 1497 2933 et

137 2956 242 3027 iontcs,
267 2958 341 3013 unde
365 2958 483 3013 deducta
509 2967 602 3012 essent
623 2958 721 3011 omnia.
756 2956 897 3025 sicione,
925 2966 955 3014 ut
973 2960 1061 3015 doctis
1087 2960 1188 3029 liquido
1212 2968 1370 3018 constarent
1395 2964 1495 3031 omnis,

137 3060 228 3115 nequo
246 3052 339 3100 tamon
357 3052 574 3099 astronomorum
600 3045 696 3113 vulgus
713 3044 885 3100 fraudaretur
903 3064 968 3115 usn,
994 3064 1074 3115 quern
1098 3049 1156 3103 aine
1182 3049 1296 3104 scientia
1313 3049 1401 3104 solnm
1419 3058 1497 3107 curat

139 3144 168 3187 et
186 3134 318 3203 expetita
354 3134 430 3186 llaec
449 3133 562 3201 (ipsium
580 3148 634 3185 non
654 3131 780 3186 suriticere
797 3134 949 3203 censuisse,
974 3137 1107 3192 neminem
1130 3144 1323 3205 peruenturum
1347 3136 1381 3190 ad
1404 3152 1495 3192 reram

137 3220 313 3291 hypothesin,
332 3235 382 3275 nce
401 3220 446 3275 hic
463 3220 553 3275 locum
573 3220 678 3287 ianitore,
698 3219 771 3287 quod
790 3221 900 3288 saaepius
918 3223 946 3275 in
965 3222 1081 3290 publicis
1100 3224 1215 3291 negotiis
1234 3224 1295 3289 liat,
1314 3231 1346 3278 ut
1363 3223 1495 3294 aliquam·

140 3308 185 3365 diu
204 3308 320 3365 consilia
337 3308 516 3363 occultentur.
537 3307 622 3361 donec
634 3305 735 3360 subditi
747 3308 838 3362 fructu
850 3314 979 3377 percepto
992 3324 1068 3378 spem
1081 3324 1252 3378 nequaquam
1265 3310 1374 3386 dubiam
1386 3309 1496 3377 iaciant,

138 3394 197 3451 iors
216 3404 247 3452 at
265 3396 319 3465 ipsi
336 3395 451 3452 consiliu
469 3395 524 3449 sirit
540 3394 728 3463 approbaturi,
748 3396 936 3465 imperfectum
956 3397 1076 3451 iuturuan
1096 3396 1124 3451 id
1141 3412 1240 3451 marnas
1252 3397 1425 3467 reipublicae,
1443 3398 1497 3455 nisi

139 3480 315 3541 fundamenta
341 3483 495 3538 tabularum
517 3489 714 3550 proponentur,
740 3483 925 3538 Ptolemaeum
951 3483 1108 3538 imitandum
1134 3500 1194 3540 esse
1218 3485 1383 3555 Copernioo,
1408 3503 1512 3561 neque·

139 3572 312 3641 alphonsum
330 3578 383 3626 etc.
420 3570 485 3633 ,His
503 3578 531 3621 et
554 3567 613 3622 aliis
632 3570 738 3638 maritis,
758 3578 789 3623 ut
806 3586 839 3624 ex
858 3570 952 3626 amicis
978 3588 1066 3628 rerum
1091 3573 1209 3627 omnium
1232 3574 1349 3629 consciis
1370 3576 1496 3645 comperi,

139 3658 339 3715 cmdirnstnus
358 3656 468 3711 Praesul
487 3654 596 3710 tandem
615 3656 688 3723 apud
705 3656 739 3709 D.
759 3657 968 3726 Praeceptorem
985 3660 1078 3728 evicit,
1105 3668 1135 3713 ut
1153 3659 1341 3730 polliceretur,
1360 3676 1390 3716 se
1408 3660 1497 3717 doctis

138 3756 166 3799 et
183 3744 343 3815 posteritati
359 3742 393 3797 de
412 3741 552 3797 laboribus
570 3742 626 3796 suis
642 3741 773 3810 judicium
792 3744 994 3812 permissurum.
1033 3746 1122 3813 Quare
1140 3748 1237 3802 merito
1256 3748 1373 3803 studiosi
1391 3750 1495 3805 mathe-

139 3846 241 3891 msrum
267 3848 322 3889 rev.
348 3829 538 3885 medinensi
560 3846 672 3899 magnas
697 3831 837 3887 habebunt
859 3834 976 3901 gratias,
999 3836 1071 3902 quood
1100 3834 1169 3889 hano
1196 3850 1305 3903 operam
1328 3835 1497 3905 reipublicae

138 3922 332 3991 praestiterit.u

242 4007 295 4065 llis
312 4007 395 4062 linem
413 4006 478 4060 iacit
496 4005 641 4061 liberisue:
668 4005 759 4067 ,llaec
777 4005 869 4073 habui,
890 4006 1038 4063 clarissime
1055 4008 1111 4075 Vir,
1131 4024 1201 4076 quae
1219 4008 1253 4063 ad
1272 4015 1300 4064 te
1318 4010 1345 4065 in
1364 4024 1495 4080 praesens

138 4098 172 4155 da
194 4094 376 4153 D.1loctoris
400 4094 452 4148 mei
478 4093 691 4163 hypothesibus,
716 4094 828 4150 Prussis
851 4102 879 4149 et
900 4096 1105 4151 Maecenatibus
1130 4097 1196 4151 meis
1221 4097 1367 4152 scribenda
1392 4099 1495 4167 putari.

137 4183 211 4242 Bene
230 4184 303 4249 sale,
329 4183 378 4238 Vir
396 4183 564 4251 doctissime,
588 4188 617 4235 et
639 4182 729 4237 studia
747 4198 808 4237 mea
831 4184 886 4239 tuis
905 4184 1026 4239 consiliis
1049 4184 1200 4253 gubernare
1223 4202 1259 4239 ue
1276 4184 1422 4256 dedignere
1441 4192 1495 4242 etc.

137 4270 180 4329 Ea
198 4274 315 4329 Musaeo
333 4279 427 4326 nostro
446 4270 582 4325 Warmine
600 4272 646 4323 tx.
666 4270 721 4324 Cal.
742 4270 801 4325 Oct.
822 4273 898 4328 1539.

239 4360 285 4416 Ad
303 4360 381 4425 haec,
401 4374 471 4426 quae
489 4374 522 4413 ex
543 4358 693 4427 Coperaico
718 4366 746 4413 et
764 4359 877 4415 Rhetioo
897 4361 1097 4430 excerpsimus,
1123 4375 1276 4427 monemus,
1301 4361 1449 4431 chlerum
1466 4363 1495 4417 in

137 4446 212 4508 libris
229 4450 297 4515 suis,
318 4463 388 4517 quos
405 4448 555 4517 praemissa
573 4446 709 4501 solumina
727 4446 897 4502 collectionis
914 4456 1025 4503 nostrae
1048 4448 1190 4519 exhibent,
1215 4462 1323 4518 semper
1340 4449 1376 4505 ad
1394 4458 1495 4505 utrum·

137 4552 189 4609 que
206 4538 365 4607 respexisse
384 4550 533 4604 eorumque
549 4534 650 4604 placita
673 4552 735 4590 cum
758 4536 786 4589 in
810 4550 888 4591 usum
908 4552 987 4591 suum
1006 4538 1134 4605 vertisse,
1159 4542 1217 4591 tum
1236 4550 1282 4603 ea,
1310 4554 1382 4608 quse
1405 4538 1494 4593 minus

136 4624 221 4682 imis
242 4623 430 4679 fundamentis
451 4623 580 4677 insistere
597 4623 656 4676 risa
674 4630 752 4689 sunt,
777 4622 804 4676 in
828 4621 925 4677 melium
948 4624 1069 4678 vertisse.
1106 4624 1137 4677 ln
1158 4624 1337 4689 ηΡιοιὶιοιιιοκ
1358 4624 1493 4693 Keplerns

137 4712 281 4785 Cepernlci
304 4726 375 4783 opus
398 4712 488 4781 ipsum
511 4711 599 4764 minua
622 4710 650 4764 iu
675 4726 703 4765 re
727 4709 865 4780 praesenti
882 4710 1041 4777 cognovisse
1059 4712 1178 4775 videtur,
1202 4728 1283 4779 quam
1308 4710 1492 4781 praeceptoris

137 4798 277 4857 madius
292 4798 452 4867 adjumento
471 4813 538 4853 usus
556 4812 631 4867 esse,
654 4814 704 4854 uec
727 4814 782 4852 non
800 4796 908 4853 Rhetiei
927 4796 1148 4861 ,uenationem
1168 4806 1289 4855 secutas.
1319 4797 1433 4867 (Passim
1450 4796 1492 4852 in·

136 4890 258 4947 ιοιὶιιιιιι
276 4888 386 4947 thetioi
403 4887 486 4943 rerba
503 4888 576 4959 apud
594 4886 753 4959 Keplsrum,
769 4886 917 4961 praecipue
934 4886 988 4945 sol.
1006 4886 1028 4943 1.
1047 4904 1074 4957 p.
1094 4888 1138 4961 63,
1158 4887 1216 4961 107,
1234 4887 1287 4943 ist*
1304 4887 1369 4965 sto.)
