3308 5534
145 114 213 189 230
506 116 680 174 Collectama
696 128 732 171 cx
747 113 890 173 codicibus
909 113 1153 173 Politoviousibus.

147 294 408 357 observationibus
428 292 625 377 deporogaoae,
656 312 724 355 cnm
753 296 908 371 aequantia
930 276 1139 355 'cocsntricitaa
1167 300 1303 357 munta
1328 296 1369 356 ait
1394 312 1514 359 manua

146 383 251 446 cadem
274 384 304 440 in
327 383 463 444 omnibus
487 390 505 445 4
529 384 635 444 sitibus
656 377 849 461 ι’κροιυχιοις.
900 381 1012 442 Forsan
1043 383 1133 460 igitur
1160 400 1225 443 osse
1247 400 1337 461 possa
1360 382 1513 445 dimidiam

146 470 304 548 aequantia
331 473 422 531 cenui
450 472 604 532 eccentrioi
633 467 831 543 altitudinem,
861 486 927 529 cum
950 468 980 529 id
1004 468 1172 549 parallaxes
1198 478 1358 543 testentur,
1387 487 1513 549 quarum

146 557 347 619 testimonium
368 560 398 616 in
422 558 479 618 iroc
508 560 628 631 negotio
657 557 754 633 majus
776 564 830 618 est.
876 556 962 617 Adde
985 556 1073 634 quod,
1097 560 1153 617 etsi
1175 558 1321 619 interdum
1344 558 1374 616 ln
1397 558 1514 621 tlreoria

146 646 226 707 Solis
249 646 313 721 ejus
337 648 489 707 eccsntrici
505 644 630 706 altitudo
645 644 740 720 major
753 644 852 721 prodit
873 642 1008 719 dimidia,
1039 656 1137 705 tamen
1160 651 1191 706 et
1211 648 1368 724 aequantia
1391 644 1514 709 dimidia

147 733 256 794 alieubi
279 732 386 810 prodit.
433 734 519 793 Error
549 750 618 793 vero
642 734 671 790 in
694 732 820 791 minimis
849 740 985 791 versatur
1007 740 1036 794 et
1057 731 1145 793 laclia
1173 734 1298 793 vitiosus
1320 732 1427 794 Martis
1449 734 1515 795 cai·

147 819 231 883 culus
254 821 371 879 turbare
394 827 424 881 et
446 820 565 881 Terram
586 826 694 897 potest.
732 818 782 879 Sic
803 816 899 879 valuit
920 819 1000 897 apud
1021 837 1070 881 ms
1092 819 1257 882 Ptolemaei
1280 818 1516 903 dictamina-roe

148 909 330 971 asseveratio
354 906 390 969 dc
413 906 532 967 dimidio
556 916 612 969 etc.

251 994 352 1069 Porro,
365 998 503 1071 quamvis
517 994 574 1055 boc
590 996 821 1073 quamproxime
835 1010 938 1055 verum
953 995 1001 1065 sit,
1013 994 1167 1055 occentrtci
1177 992 1362 1057 altitudinem
1377 1010 1515 1074 acquan-

148 1084 187 1142 tis
210 1099 276 1143 osso
299 1082 467 1157 dimidium,
489 1090 587 1142 tamen
611 1100 707 1160 neque
731 1082 902 1158 Copemici,
925 1088 958 1141 ut
979 1084 1061 1158 prius
1084 1080 1205 1157 dictum,
1227 1098 1324 1159 neque
1346 1082 1514 1147 Ptolemaei

147 1168 323 1249 hypothesis
346 1173 387 1229 ret
410 1170 571 1243 satisfacit,
604 1186 639 1229 eo
663 1169 742 1245 quod
766 1188 799 1229 er
822 1168 904 1228 bisce
933 1170 1083 1246 principiis
1106 1170 1186 1247 (cum
1207 1178 1320 1229 motum
1342 1174 1515 1251 proportio-

147 1258 245 1318 nalem
269 1256 416 1316 distantiis
440 1260 659 1335 assumimus),
688 1264 720 1316 ιιι
743 1255 983 1333 supradictum,
1007 1258 1165 1333 aequantia
1187 1264 1329 1335 puuctum
1352 1256 1431 1319 idam
1454 1276 1514 1319 nou

148 1353 259 1406 manet.
305 1344 475 1405 Distantiao
499 1348 575 1405 enim
598 1362 702 1422 parum
724 1352 875 1404 mutantur
897 1344 975 1403 circa
997 1342 1124 1421 apsides,
1147 1344 1272 1405 multum
1295 1346 1326 1404 in
1348 1344 1514 1423 longitudi-

149 1433 236 1493 nibus
259 1432 372 1505 mediis,
396 1449 432 1492 eo
456 1432 535 1507 quod
558 1432 618 1492 iilic
642 1434 671 1490 in
694 1430 956 1493 circumferentiam
978 1430 1077 1492 circuit
1100 1432 1196 1493 lineae
1218 1430 1321 1494 asnia
1343 1438 1430 1509 quasi
1444 1452 1515 1513 per-

148 1518 375 1598 pendiculariter
397 1518 538 1593 incidunt,
563 1518 811 1597 quemadmodum
826 1514 843 1597 ἡ
859 1524 909 1579 ιιι
924 1540 1056 1599 asmona,
1078 1518 1127 1580 bic
1150 1536 1220 1581 vero
1242 1522 1327 1581 utin
1350 1520 1514 1599 obliquam.

149 1608 181 1669 Si
204 1624 275 1684 ergo
297 1615 343 1668 est
363 1614 462 1667 motus
490 1618 542 1667 scu
566 1615 682 1685 tempus
705 1623 820 1681 morae,
852 1622 942 1682 quarn
964 1606 1085 1683 plancta
1113 1606 1185 1667 iacit
1204 1608 1236 1665 in
1258 1606 1353 1684 gradu
1375 1612 1514 1686 apogasi,

148 1694 188 1757 ad
210 1712 337 1767 moram,
360 1711 449 1772 quam
472 1694 543 1756 iacit
565 1698 595 1753 in
617 1693 712 1771 gradu
734 1693 928 1771 longitudinis
950 1694 1080 1765 medias,
1103 1703 1136 1753 ut
1158 1693 1312 1773 longitudo
1335 1694 1456 1775 longior
1476 1694 1515 1759 ad

148 1781 286 1856 mediam,
310 1789 340 1843 ιι
362 1784 388 1841 ιι
410 1789 479 1842 sunt
501 1784 626 1858 quaeris
648 1798 748 1842 morae
771 1789 804 1841 ut
827 1797 927 1840 earum
949 1780 1159 1858 longitudines,
1181 1798 1284 1859 pamm
1307 1800 1379 1859 ergo
1402 1784 1516 1846 accedit

149 1872 289 1947 temporis
309 1868 447 1946 planetae
470 1871 500 1927 in
515 1886 658 1947 apogaeo,
680 1886 785 1948 parum
807 1866 923 1929 decedit
945 1870 974 1926 in
997 1870 1147 1946 porigam,
1170 1869 1293 1929 multum
1315 1874 1396 1930 cirea
1416 1868 1516 1951 longl-

150 1958 267 2018 tudines
289 1956 412 2018 medias.
451 1956 573 2016 Humiie
596 1957 685 2033 igitur
706 1964 847 2033 punctum
870 1959 1026 2032 aequantis
1048 1956 1119 2029 illic,
1142 1954 1190 2017 bic
1212 1954 1315 2017 altum.
1352 1958 1429 2017 (ium
1445 1976 1516 2037 crgo

150 2044 226 2106 duae
248 2061 285 2105 ex
307 2045 382 2104 meis
405 2044 662 2105 observationibus
685 2046 743 2104 sint
765 2044 840 2103 inira
863 2042 1063 2119 longitudines
1078 2042 1191 2104 madias
1204 2061 1309 2105 versus
1332 2048 1515 2123 perigaeunt,

150 2132 227 2193 duae
250 2134 327 2192 circa
349 2130 484 2210 apsides,
515 2149 636 2191 numero
668 2131 786 2208 quidem
808 2134 948 2209 praeveni
980 2131 1056 2193 hanc
1077 2131 1212 2205 turbam,
1243 2130 1295 2191 scd
1326 2141 1426 2194 tamen
1457 2144 1516 2197 tras

150 2228 231 2280 stant
253 2236 357 2279 versus
379 2222 564 2297 perigaeum,
593 2235 652 2279 nna
680 2237 784 2279 vorsus
813 2234 990 2295 apogaeum.
1034 2218 1141 2296 ltaque
1169 2217 1237 2297 pius
1259 2219 1378 2279 iareim
1403 2238 1516 2301 parvas

150 2308 306 2384 aequantia
328 2306 487 2366 altitudini.
533 2306 631 2381 Quare
655 2314 688 2366 ut
710 2308 932 2367 observationes
955 2305 1114 2382 salventur,
1137 2312 1220 2367 tauto
1243 2307 1387 2385 majorem
1409 2326 1516 2371 eccen-

151 2398 216 2456 tricl
238 2394 422 2455 altitudinem
446 2412 510 2454 esse
532 2412 653 2454 necesso
676 2401 730 2453 est

255 2481 346 2542 Porro
370 2484 534 2558 quaeritur,
565 2490 595 2541 et
618 2480 766 2559 quomodo
788 2479 967 2541 invenienda
989 2482 1028 2539 sit
1049 2496 1085 2541 ox
1108 2480 1166 2541 irae
1187 2480 1346 2561 hypothesi
1369 2482 1516 2545 dimensio

151 2569 274 2643 orbium,
299 2577 328 2629 et
348 2569 497 2648 quomodo
519 2568 693 2629 calculanda
716 2570 926 2645 aequationum
949 2567 1075 2628 tabula?
1118 2568 1166 2628 Da
1188 2572 1342 2645 posteriori
1364 2574 1459 2649 prius.

255 2656 329 2716 Cum
351 2660 381 2716 in
404 2655 513 2717 circulo
536 2659 595 2715 sint
617 2656 731 2716 tniinlta
752 2663 877 2734 puncta,
901 2664 949 2716 sat
970 2654 1118 2716 subtiliter
1139 2658 1302 2734 egerimus,
1326 2659 1352 2717 si
1374 2656 1518 2721 circulum

151 2742 283 2804 dicamus
305 2744 417 2805 habero
439 2747 575 2821 sexagies
599 2750 662 2805 360
686 2752 805 2822 puncta,
827 2740 952 2804 totidem
973 2742 1072 2802 radios
1094 2760 1111 2803 ι
1134 2751 1234 2805 canuc
1257 2751 1288 2805 ιι
1309 2762 1425 2807 rursum
1441 2748 1517 2807 tott-

152 2827 217 2890 dem
240 2847 256 2891 o
279 2830 348 2892 Sole
373 2835 401 2890 in
426 2832 529 2893 codcm
552 2830 603 2890 ilio
625 2834 827 2909 imaginemur.
865 2830 950 2891 'iuno
973 2848 1043 2908 ergo
1066 2837 1098 2890 ut
1121 2848 1237 2893 mmma
1258 2836 1389 2893 omniurn
1411 2832 1518 2895 radio·

153 2936 216 2978 rum
241 2918 278 2977 ad
301 2928 416 2998 tempus
439 2918 618 2997 periodicum
641 2918 796 2996 planetae,
827 2920 868 2978 ita
896 2936 1011 2979 summa
1038 2916 1154 2995 aliquot
1176 2918 1278 2979 ordine
1309 2920 1519 2983 distantiarum

151 3006 180 3064 in
204 3023 292 3065 unam
315 3024 458 3066 summam
482 3008 680 3084 conjecturum
695 3005 733 3065 ad
755 3014 880 3081 tompus,
905 3005 985 3084 quod
1008 3004 1131 3079 labitur,
1156 3006 1226 3067 tium
1250 3024 1352 3069 omnes
1375 3008 1444 3069 illas
1468 3008 1518 3069 di-

151 3096 276 3153 stantias
306 3095 426 3171 planeta
453 3095 532 3155 iacit.
577 3094 624 3153 Ita
646 3111 682 3153 ex
705 3092 870 3153 anomaliae
899 3096 1120 3169 semlaoquatae
1145 3094 1286 3171 gradibus
1315 3104 1346 3157 ct
1366 3096 1518 3175 scrupulis

151 3181 274 3255 integris
297 3181 474 3241 exstruenda
496 3191 541 3241 est
564 3190 594 3241 ot
616 3181 764 3241 anomalia
790 3180 914 3257 simplex
938 3189 968 3241 ιι
990 3182 1118 3258 perlecto
1150 3191 1294 3257 aequata:
1324 3182 1399 3245 haec
1421 3188 1516 3261 priua,

153 3285 188 3328 ex
212 3268 268 3327 hac
290 3269 458 3342 distantiae,
482 3288 518 3329 ex
540 3268 586 3328 bis
609 3268 757 3329 anomalia
779 3268 913 3346 simplex,
937 3286 1015 3346 quae
1037 3268 1076 3328 ab
1099 3280 1227 3344 aequata
1249 3268 1401 3331 subtracta
1424 3288 1516 3332 mon-

151 3362 225 3415 strat
241 3358 457 3432 aequationem,
481 3359 505 3415 si
521 3374 641 3418 necesso
656 3366 710 3417 est.
745 3355 824 3418 Puto
838 3365 946 3431 autem,
969 3355 1104 3417 anidccre
1127 3358 1157 3415 iu
1171 3354 1276 3417 tabula
1294 3356 1383 3433 juxta
1396 3359 1518 3439 simpli·

152 3460 215 3505 cern
238 3446 405 3521 appositam
428 3444 555 3521 perlecto
578 3454 743 3521 aequatam.

257 3531 327 3592 Jum
351 3532 499 3607 quomodo
523 3534 749 3609 investigabitur
771 3548 807 3591 ox
831 3530 886 3590 hac
908 3529 1067 3608 lrypotlresi
1090 3528 1235 3591 dimensio
1258 3531 1364 3593 orbis?

256 3620 374 3678 Certum
398 3628 442 3680 ιιι
465 3638 501 3680 cx
525 3620 680 3697 prioribus,
703 3626 819 3695 tempus
841 3616 986 3691 medinm,
1011 3616 1091 3693 quoti
1114 3616 1193 3677 cadit
1215 3622 1289 3679 inter
1312 3618 1387 3679 duas
1409 3620 1518 3685 obser·

154 3708 287 3768 vationes
303 3704 476 3787 ‹inpannpne
498 3710 563 3783 (scu
587 3707 667 3782 quod
690 3704 767 3765 idem
790 3713 844 3777 est,
866 3714 978 3764 motum
1002 3705 1081 3764 illius
1104 3708 1245 3781 temporis
1267 3706 1421 3781 medinm),
1444 3726 1519 3787 pro-

152 3812 260 3873 ponere
290 3812 434 3853 summam
468 3796 596 3855 omnium
625 3793 827 3853 distantiarum
860 3792 1069 3869 inaequalium.
1116 3792 1251 3869 Angelus
1282 3796 1408 3855 visionis
1432 3814 1517 3867 vero,

153 3900 229 3960 quae
253 3884 327 3941 inter
349 3891 503 3957 utramque
525 3886 655 3951 interest,
679 3879 789 3939 indicat
810 3897 962 3940 numerum
979 3878 1182 3939 distantiarum
1205 3882 1374 3957 aequalium
1396 3884 1428 3941 in
1445 3900 1516 3945 areta

153 3988 188 4032 en
211 3987 247 4029 co
276 3967 384 4041 angulo
417 3968 573 4046 descripto.
619 3970 737 4031 Certum
766 3968 854 4043 igitur
881 3976 942 4041 est,
975 3968 1129 4025 distantias
1161 3984 1197 4027 ex
1227 3978 1328 4029 centro
1357 3972 1515 4031 eecentrlel

152 4057 252 4137 plnres
274 4058 419 4116 numerari
442 4065 471 4115 et
494 4058 536 4115 sie
559 4058 647 4116 etiam
670 4072 770 4115 arcum
793 4056 950 4131 mojorem,
973 4057 1114 4113 minorem
1139 4062 1247 4125 tamen,
1269 4073 1360 4132 quam
1383 4058 1517 4119 ostendit

151 4152 249 4205 motus
263 4144 387 4205 modius.
425 4142 589 4219 Quaeritur,
613 4161 649 4204 an
673 4146 698 4201 is
720 4160 805 4201 arcus
820 4159 935 4219 semper
949 4148 1067 4201 maneat
1083 4141 1210 4203 medium
1235 4146 1309 4205 inter
1330 4146 1515 4223 utrumque?

152 4232 185 4293 Si
207 4232 264 4291 hoo
287 4238 374 4305 essct,
398 4232 580 4292 vicissemus.
612 4230 769 4305 Quaeritur
792 4246 861 4303 ergo
876 4230 992 4289 allectio
1016 4228 1095 4289 illius
1116 4248 1201 4289 arcus
1214 4231 1252 4291 ari
1268 4248 1353 4293 arcos
1368 4234 1513 4310 proditos.

257 4318 288 4379 Si
313 4327 453 4395 punctum
483 4320 639 4397 aequantia
670 4325 768 4377 manet
792 4316 884 4391 idern,
914 4326 945 4377 et
967 4328 1097 4377 centrum
1120 4322 1274 4379 eccentrici
1302 4321 1516 4399 interpuncta

153 4413 199 4467 ιιι
220 4406 365 4477 medium,
397 4413 466 4465 tunc
490 4410 516 4465 in
540 4404 723 4477 longitudino
746 4406 857 4479 morlia,
889 4422 955 4465 cum
978 4404 1155 4477 triangulum
1179 4407 1319 4467 isosceles
1341 4416 1402 4482 est,
1426 4426 1514 4471 meua

152 4494 202 4554 lule
224 4503 269 4555 est
291 4493 419 4555 modium
442 4494 672 4565 arithmeticum,
702 4510 805 4553 versus
829 4509 993 4571 apogaeum
1020 4495 1239 4571 appropinquat
1267 4496 1389 4555 visionis
1420 4500 1513 4567 amul.

152 4598 256 4643 remus
277 4586 448 4661 perigaeum
478 4584 695 4659 appropinquat
722 4584 803 4643 arcui
832 4583 981 4659 temporis.
1025 4582 1102 4641 Nam
1127 4598 1215 4660 super
1242 4584 1361 4661 aequali
1391 4584 1514 4649 basiet
