3308 5534
707 363 756 421 111.
775 363 977 421 ethonomica.
1371 338 1374 343 ¹
1452 365 1517 437 287

159 550 284 609 noctium
306 546 406 608 lucae
428 542 664 623 deprehenditur,
689 549 719 603 et
740 545 783 603 sie
805 546 927 604 sciretur
939 543 1065 603 remotio
1080 540 1157 601 fixae
1180 541 1218 601 ah
1238 541 1436 621 aequinoctlo,
1460 548 1517 607 etsi

156 637 209 695 lira
230 634 394 695 secuudum
422 638 612 706 aequatorem
639 630 797 689 incederet.
844 632 884 685 At
907 630 1033 690 artifices
1057 648 1076 687 a
1098 631 1214 686 variata
1242 629 1383 691 distantia
1411 632 1516 694 stellae

154 722 261 801 apolo
285 720 436 781 deducant
457 718 581 777 lixarum
604 714 824 791 elongationem
847 716 885 773 eh
908 716 1113 791 aequinoctio,
1145 713 1237 773 relati
1260 717 1286 774 si
1309 715 1384 776 fixae
1407 738 1515 780 secuu-

153 812 218 871 dum
241 808 398 869 zodiacum
419 808 504 865 ireut.
549 804 587 862 Et
608 805 780 880 prinsquam
803 802 877 876 ltoc,
907 818 962 861 nos
991 803 1062 861 certi
1092 818 1156 861 csse
1179 800 1320 860 debemus
1351 802 1388 865 de
1411 803 1515 867 diurno

152 898 239 971 Solis,
263 896 345 973 qnod
368 909 429 952 uon
452 907 608 968 possumus
631 892 695 949 siue
719 890 887 966 cognitione
910 889 1043 948 theoriae
1060 887 1147 948 Solis.
1177 889 1255 963 Ergo
1272 889 1427 952 methodus
1443 897 1515 953 ista:
1563 956 1566 961 ,

154 984 181 1065 1)
201 983 401 1043 solstitiorum
423 977 609 1052 altitudines,
635 974 666 1055 2)
681 979 852 1053 aequatoris
875 976 1011 1047 altitudo,
1033 975 1065 1053 3)
1081 974 1134 1035 Sol
1157 978 1185 1032 ia
1210 984 1372 1051 aequatore
1394 996 1446 1054 per
1468 982 1516 1041 al·

151 1070 310 1133 titudinem
332 1070 398 1145 ejas
421 1068 622 1137 meridianam,
648 1068 682 1139 4)
698 1064 751 1123 Sol
773 1066 804 1123 in
827 1066 933 1124 ceteris
955 1064 1029 1123 locis
1051 1080 1103 1139 per
1120 1061 1356 1138 declinationem,
1382 1066 1413 1142 5)
1430 1066 1517 1127 theo-

149 1164 189 1219 ria
211 1158 296 1220 Solis
318 1158 393 1216 moti
416 1154 497 1214 velat
520 1155 558 1213 ab
581 1152 787 1228 aequinoctiis,
813 1149 843 1230 6)
858 1151 939 1211 locas
955 1152 1059 1211 Lunna
1082 1150 1120 1209 ab
1144 1152 1331 1227 aequinoctio
1354 1169 1406 1228 per
1423 1153 1518 1232 eelip.

150 1250 193 1307 sin
217 1252 251 1306 et
272 1246 373 1305 locam
389 1242 467 1303 Solis
490 1244 670 1318 oppositam,
693 1238 743 1299 vel
765 1258 818 1316 per
842 1240 1080 1300 observationem
1104 1238 1261 1299 distantiae
1284 1238 1387 1299 Lunae
1404 1258 1422 1299 a
1437 1240 1517 1316 Sole,

153 1330 185 1417 i)
208 1332 297 1393 locus
320 1332 415 1405 fixae,
440 1347 518 1407 qaae
540 1336 584 1388 est
606 1328 711 1387 Lanae
733 1329 916 1403 propinqua,
940 1327 978 1385 ab
1002 1328 1190 1401 acquinoctio
1212 1344 1265 1402 per
1286 1326 1383 1386 locunt
1405 1328 1518 1403 Lanae,

153 1422 183 1497 8)
204 1420 274 1499 ejas
297 1419 375 1479 lixae
397 1418 555 1479 declinatio
580 1423 609 1475 et
631 1432 683 1491 per
705 1414 803 1475 locum
827 1418 915 1476 ctiam
938 1414 1106 1491 longitudo,
1132 1414 1164 1490 9)
1180 1430 1232 1489 per
1254 1417 1446 1477 mutationem
1462 1417 1516 1477 de-

154 1509 322 1569 clinationis
343 1508 470 1567 mutatio
491 1504 550 1564 loci
572 1501 774 1577 longitudinis,
798 1501 891 1561 veluti
910 1504 961 1578 qui
974 1501 1030 1561 sab
1045 1501 1168 1560 zodiaco
1184 1509 1247 1573 cat,
1274 1498 1326 1581 10)
1340 1503 1443 1563 eadem
1458 1504 1516 1564 loci

156 1596 257 1658 hanao
273 1598 411 1669 mutatio,
434 1610 486 1670 per
499 1593 685 1668 sequentiam
700 1590 866 1650 seculorum
882 1589 1007 1666 eclipses
1030 1598 1082 1649 aat
1097 1589 1266 1649 distantiam
1283 1589 1385 1651 Lunae
1400 1609 1419 1650 u
1434 1591 1514 1652 Solc.

256 1682 319 1744 Sed
345 1690 465 1742 notetur
492 1696 599 1757 scopus
624 1677 780 1753 Scaligcri:
815 1677 846 1754 1)
870 1677 935 1736 vult
966 1676 1093 1753 amplius
1121 1677 1260 1753 probare,
1290 1694 1348 1736 nun
1377 1680 1514 1756 progredi

156 1771 267 1845 stellas,
290 1771 344 1832 scd
367 1769 549 1831 retrocedere
573 1766 695 1841 tropica,
720 1762 751 1839 ⁴3)
773 1764 839 1823 vrtlt
863 1782 989 1846 „causus
1013 1766 1136 1842 aperire,
1160 1782 1238 1840 quae
1260 1763 1463 1841 Hipparchum
1486 1770 1515 1826 in

155 1860 207 1919 has
231 1875 362 1919 errorum
385 1870 484 1919 casses
500 1852 693 1925 induerant&
739 1850 920 1913 Omiseram
944 1852 1160 1929 Hipparchum,
1185 1858 1214 1911 et
1236 1851 1316 1928 qaod
1339 1856 1461 1930 erravit,
1486 1863 1515 1915 et

157 1946 235 2024 quod
257 1956 326 2025 post
348 1946 408 1999 duo
436 1939 531 1999 millia
551 1956 701 2026 annorum·
718 1940 834 1999 dentum
858 1940 897 1999 ad
920 1941 1011 1999 incito
1034 1948 1158 2001 vocatur
1178 1958 1197 1999 a
1216 1939 1378 2016 Scaligcro.
1408 1941 1514 2003 Discat

157 2036 192 2094 ab
213 2034 266 2088 illo
290 2026 426 2105 Scaliger
449 2030 621 2105 patientiam
644 2028 762 2101 silentii,
786 2046 881 2105 neque
906 2027 1046 2087 detrectet
1070 2028 1118 2088 vel
1141 2034 1274 2088 mortuus
1297 2047 1316 2089 a
1337 2046 1383 2089 me
1407 2030 1515 2107 doceri,

154 2134 217 2175 satu
243 2124 273 2175 ct
296 2118 361 2193 ipse
385 2115 491 2175 doceat
513 2114 725 2192 Hipparchum,
749 2124 817 2176 ante
841 2123 885 2176 tot
906 2116 1007 2175 sucula
1029 2123 1184 2176 mortuum.

256 2203 374 2263 Primus
397 2202 540 2279 Scaligeri
570 2212 694 2263 conatus
718 2205 867 2280 impingit,
896 2203 964 2262 dant
996 2203 1150 2279 distinguit
1172 2206 1379 2280 interpuncta
1401 2206 1515 2282 tropica

155 2301 181 2352 et
202 2298 315 2368 puncta
338 2290 509 2368 eclipticas,
532 2298 615 2350 tanto
639 2290 743 2367 majori
767 2292 939 2368 opprobrio,
964 2290 1044 2367 quod
1067 2292 1178 2368 allegat
1199 2291 1402 2369 Hipparchum
1424 2292 1513 2369 hujus

155 2380 287 2439 aldrmati
311 2386 471 2438 auctorem.
511 2376 575 2438 Ohe
599 2377 739 2455 Scaliger,
764 2396 880 2454 semper
901 2396 955 2438 nes
979 2378 1133 2455 eclipticuc
1156 2388 1267 2456 puncta
1289 2378 1512 2441 denominamus

155 2473 181 2527 et
209 2484 399 2527 numeramus
422 2484 442 2525 a
464 2468 580 2543 punctis
611 2468 741 2542 tropicis.
785 2466 929 2526 Nimirum
957 2467 1014 2526 lroe
1045 2466 1177 2525 contudit
1201 2466 1401 2543 Scaligerum,
1433 2467 1512 2545 quod
1622 2538 1625 2543 Ι

154 2554 315 2633 perpendit,
339 2554 505 2631 eclipticum
534 2571 587 2613 sea
610 2554 666 2613 iter
689 2551 766 2613 Solis
795 2572 911 2632 semper
933 2554 1010 2614 idern
1034 2572 1112 2629 csse,
1142 2554 1193 2615 scd
1218 2558 1325 2632 apponi
1349 2557 1376 2615 ei
1399 2555 1512 2633 aliquid

154 2660 266 2721 semper
288 2642 326 2701 ad
349 2643 525 2720 principiam
554 2648 716 2701 retrocessa
745 2644 846 2718 puncti
870 2643 1106 2718 aequinoctialis.
1152 2643 1201 2715 nt,
1225 2660 1242 2702 o
1266 2642 1412 2720 Scaliger,
1444 2642 1511 2704 inde

155 2744 205 2803 cst,
229 2728 311 2807 qaod
332 2738 475 2807 punctam
490 2728 643 2806 eclipticae
660 2724 696 2788 0⁰
712 2724 752 2811 ὓ
770 2730 839 2789 olitn
863 2730 974 2790 dictata
993 2729 1106 2789 dicatur
1128 2729 1216 2790 hodic
1234 2728 1291 2790 28⁰
1307 2731 1422 2791 Cuncti.
1454 2732 1511 2791 At·

155 2822 202 2893 qui
225 2821 256 2875 in
278 2816 384 2879 schola
406 2814 604 2877 astronomica
626 2835 815 2894 nequaquam
839 2817 917 2879 idem
940 2824 984 2878 cst
1005 2828 1145 2894 punctam
1170 2814 1253 2899 ⁰⁰ss
1270 2818 1340 2877 olim
1356 2826 1385 2879 ct
1402 2815 1509 2900 28⁰ss

156 2904 249 2978 hodie,
272 2905 326 2965 sed
348 2907 484 2982 utrinqne
508 2905 585 2964 idem
607 2922 745 2966 numeras
770 2900 861 2987 0⁰63
886 2914 1020 2967 censetur
1034 2908 1152 2981 signare
1168 2906 1246 2965 idem
1262 2913 1401 2983 punctam
1418 2906 1511 2983 eclip-

156 2995 246 3068 ticas,
268 2993 343 3053 alios
366 2993 509 3071 loquendi
532 2993 635 3052 modos
658 2992 800 3052 adhibent
816 2994 855 3053 ad
871 2993 1090 3070 eapriutendum
1106 2992 1170 3067 hoc,
1195 2993 1275 3070 quod
1291 2993 1354 3053 nult
1370 2993 1509 3071 Scaliger.

156 3080 262 3140 Dicant
284 3084 362 3140 enim
387 3082 446 3160 „ab
469 3081 572 3141 codem
596 3089 704 3157 puncto
729 3080 799 3158 (aon
823 3081 990 3157 eclipticue,
1014 3075 1290 3162 scd)fiaurun1ad
1314 3080 1391 3140 idem
1415 3099 1509 3158 pune-

156 3172 245 3227 tumss.
290 3168 340 3229 Sic
362 3168 494 3244 loquitar
516 3168 721 3245 Hipparchus,
745 3186 809 3245 age,
833 3186 938 3245 perge,
963 3186 1058 3245 aequo
1082 3172 1180 3228 animo
1204 3177 1232 3229 tc
1255 3168 1391 3241 audiam,
1416 3168 1509 3246 eclip-

157 3259 229 3316 ticae
252 3265 362 3333 puncta
386 3256 531 3315 dicentem
553 3273 606 3333 pro
629 3256 751 3315 lixarum
775 3258 905 3333 punctis,
937 3257 1036 3333 quoad
1060 3273 1118 3315 uon
1142 3258 1292 3333 perhanc
1316 3254 1509 3335 ‹iatrpoloyruu

157 3346 184 3401 in
205 3361 330 3405 errorem
354 3344 512 3406 inducaris.
557 3344 595 3402 Et
618 3342 737 3419 quidem
760 3343 809 3404 sol.
836 3350 885 3405 41.
912 3345 986 3404 bene
1010 3353 1038 3403 te
1063 3345 1201 3421 explicas,
1225 3344 1411 3404 redtulit).
1430 3344 1509 3421 Hip-

157 3436 262 3508 parcho
284 3450 343 3492 non
366 3434 469 3492 merito
493 3431 717 3507 imprudentiam
741 3432 854 3507 objicis,
880 3434 965 3508 quasi
987 3433 1044 3491 sibi
1060 3435 1221 3491 contrarius
1244 3434 1291 3504 sit,
1313 3454 1509 3507 recreatorem

158 3518 290 3580 dictitans
306 3520 472 3594 stellarum,
495 3537 573 3597 qaao
596 3526 663 3579 cant
687 3521 715 3576 in
739 3521 957 3595 consequentia.
997 3520 1071 3579 Nam
1095 3527 1172 3580 rcctc
1195 3520 1268 3580 haec
1292 3521 1365 3579 inter
1387 3538 1419 3579 se
1435 3538 1507 3580 con-

157 3610 286 3667 ueniunt:
309 3610 426 3669 sienim
450 3610 626 3679 censuisset,
648 3609 760 3666 moveri
784 3618 893 3685 puncta
909 3608 1029 3685 tropica,
1054 3630 1222 3688 npoquuctg
1243 3607 1359 3666 illoram
1375 3607 1505 3683 dixisset,

157 3696 204 3756 scd
227 3697 299 3773 qaia
320 3696 373 3757 illa
395 3696 463 3767 srxa,
486 3695 588 3754 stellas
611 3694 735 3754 mobiles
758 3695 836 3765 iacit,
857 3695 922 3771 jarc
946 3694 1096 3755 stellatam
1119 3698 1251 3755 nominat
1271 3718 1476 3771 μετιιπτωσιις.

252 3784 340 3844 Boua
363 3783 399 3843 de
421 3783 548 3842 solstitio
564 3781 724 3842 admonitio
734 3780 772 3859 *).
809 3782 863 3841 Est
878 3786 954 3842 caint
971 3784 1170 3843 observationi
1186 3786 1283 3860 aptius
1298 3800 1386 3859 quant
1402 3786 1507 3858 acqui-

155 3873 295 3947 uoctiam,
326 3873 397 3947 qaia
419 3870 476 3931 lroc
498 3888 535 3930 ex
562 3870 634 3944 illis,
666 3870 722 3930 hoc
745 3886 803 3929 non
826 3888 858 3931 sc
889 3872 954 3947 ipso
984 3870 1115 3931 notabile
1147 3874 1176 3928 in
1200 3878 1299 3930 aestus
1331 3872 1505 3941 intensione,

154 3956 207 4019 diei
229 3958 414 4035 longitudine
437 3959 617 4032 umbraeque
640 3957 768 4017 evidenti
794 3957 967 4029 discrimine,
991 3967 1024 4017 ut
1047 3958 1111 4018 ltoc.
1158 3958 1230 4017 Dies
1252 3977 1279 4016 n.
1305 3957 1441 4017 horarum
1465 3964 1504 4016 12

154 4046 233 4107 relat
261 4050 290 4105 ia
313 4047 401 4107 turba
423 4046 497 4106 latet
518 4046 663 4121 majorani
686 4053 715 4104 ct
737 4046 897 4120 minorum,
930 4054 961 4105 at
985 4046 1046 4105 dies
1069 4046 1240 4121 longissima
1268 4051 1325 4104 stat
1349 4048 1376 4102 in
1401 4045 1504 4106 limite.

153 4133 206 4195 Sed
222 4134 295 4194 illud
310 4143 408 4195 tamen
424 4133 592 4206 videndum,
607 4151 644 4193 nc
658 4135 745 4193 nimis
759 4133 819 4194 latc
836 4134 1007 4194 extendatur
1023 4132 1084 4213 (lol.
1102 4131 1163 4213 43),
1181 4134 1249 4191 darn
1264 4134 1321 4191 ait:
1352 4132 1503 4201 ,llaaima

151 4239 214 4298 pars
236 4224 388 4283 nationum
405 4222 583 4283 Graccurnm
598 4224 763 4282 reverentia
778 4219 924 4299 Olympici
940 4221 1043 4281 ludicri
1059 4240 1077 4280 a
1092 4220 1217 4280 solstitio
1235 4238 1342 4279 unnurn
1359 4222 1503 4280 inibant.“

250 4310 319 4370 Hoc
348 4311 419 4371 lolio
451 4310 526 4369 adeo
556 4310 682 4370 breviter
714 4309 832 4387 expedit
861 4327 920 4370 rcm
944 4309 980 4369 dc
1005 4315 1034 4369 8.
1058 4308 1132 4368 Julii
1157 4315 1186 4368 ct
1210 4304 1316 4381 805‘,
1348 4316 1379 4367 at
1410 4310 1504 4385 primo

152 4401 245 4476 eapite
278 4397 365 4459 silere
394 4399 531 4475 potuerit.
576 4398 640 4474 Ego
663 4399 706 4457 sic
728 4399 919 4474 conciperem.
966 4398 1052 4455 rinno
1075 4394 1198 4456 Jalicno
1222 4402 1298 4455 retro
1322 4404 1442 4457 extense
1467 4395 1504 4457 ad

149 4504 255 4546 annam
278 4506 307 4545 a.
331 4485 386 4546 Ch.
411 4494 483 4547 776.
514 4492 675 4547 currentem
706 4484 753 4545 dic
778 4490 807 4548 8.
831 4484 892 4545 Jal.
918 4484 997 4543 illias
1026 4487 1096 4545 arrni
1126 4486 1263 4543 innecte
1293 4486 1429 4560 sequenti
1451 4501 1503 4543 ac-

147 4574 217 4633 cidit
247 4572 448 4652 novilunium,
479 4594 497 4636 a
519 4592 579 4651 qua
606 4573 652 4635 die
682 4580 836 4635 numeratu
866 4573 928 4634 dica
955 4578 1004 4635 15.
1027 4573 1057 4632 h.
1082 4591 1107 4635 c.
1133 4574 1183 4632 23.
1207 4570 1282 4633 Jalii
1311 4570 1502 4650 plenilunium

147 4712 355 4727 *uu—-

251 4784 278 4843 'l
295 4786 422 4846 Scaliger:
447 4784 621 4833 Vetustissimi
640 4784 790 4834 Graecorum
807 4784 903 4834 nullam
921 4784 1044 4833 rationem
1062 4782 1190 4833 habebunt
1206 4782 1435 4847 aequinoctiorum,
1458 4780 1502 4830 sed

146 4859 321 4922 solstitiorum,
338 4860 444 4923 propter
461 4856 584 4921 epocham
601 4854 791 4921 olympiadum.
