3308 5534
702 108 754 167 111.
772 108 972 166 Ashoncmica.
1445 110 1509 180 269

149 292 272 368 regione
294 304 406 349 annum
427 284 467 347 ad
490 291 677 347 venustatem
700 294 927 364 composuerunt
942 294 973 347 et
986 286 1127 347 iustorum
1143 285 1265 362 dicrum,
1288 286 1395 363 quihus
1412 287 1512 349 delec-

150 378 302 451 numam,
326 394 364 439 ex
385 373 470 436 coelo
492 376 578 451 signa
599 384 708 453 patere.
754 374 828 434 Cum
852 377 929 435 enim
952 382 1051 435 essent
1073 366 1251 453 aatr'ologiae
1273 373 1379 451 dediti,
1404 375 1510 455 depre-

148 464 333 539 henderant,
365 461 540 523 divisionem
570 460 841 523 duodenariam-ad
864 479 973 522 annam
995 480 1102 537 unam,
1129 464 1181 540 qni
1203 462 1277 523 inter
1300 462 1374 523 duaa
1397 464 1510 524 hiemes

150 554 212 615 365
236 552 346 613 dicbus
371 550 509 625 volvitur,
533 556 563 610 et
584 550 671 609 simul
694 549 733 610 ad
756 552 872 611 cu‘rsum
888 550 990 610 Lunae
1004 567 1062 610 non
1079 557 1181 610 exacto
1202 547 1355 626 quadrare.
1393 550 1510 611 Placuit

149 642 238 719 igitur
260 639 337 711 illis,
371 640 516 699 rationem
539 638 720 715 contingere,
745 656 804 715 qua
827 639 914 696 simul
937 637 1015 697 Solis
1038 644 1067 697 et
1091 638 1192 697 Lunae
1214 646 1309 698 metae
1331 638 1511 715 complecte-

149 735 259 789 rentur.
305 726 373 787 lion
396 733 459 785 erat
482 724 555 786 haee
578 742 647 785 cura
669 727 853 800 neccssaria,
877 734 911 785 ut
932 725 1007 799 dixi,
1031 725 1083 785 sed
1105 728 1239 804 speciosa
1262 728 1371 807 magis,
1397 734 1431 786 ut
1452 726 1510 786 hu-

149 833 237 877 mana
260 813 446 875 consuetudo
468 822 612 886 naturam,
639 813 738 892 quoad
760 813 821 873 lieri
846 820 955 892 posset,
979 815 1151 875 imitaretur.

255 902 334 963 Cum
347 903 439 979 igitur
452 901 722 978 deprehendissent,
745 902 820 962 inter
836 902 895 960 duo
910 900 1073 979 plenilunia
1088 900 1151 960 dies
1167 899 1230 983 29}
1246 900 1396 974 interesse,
1420 899 1509 980 paulo

150 992 231 1072 plns,
256 990 338 1050 hanc
358 990 510 1050 mensibus
532 989 685 1049 modulam
708 1006 773 1048 esse
796 989 953 1049 voluerunt
975 991 1033 1063 sic,
1064 995 1097 1049 ut
1119 988 1224 1049 alterni
1246 1005 1362 1049 menses
1381 990 1445 1065 jam
1468 990 1509 1048 29

148 1082 207 1157 jam
230 1082 275 1138 30
299 1078 413 1138 diarum
435 1076 670 1138 observarentur.
707 1076 846 1137 Eihciunt
869 1077 957 1153 igitur
982 1084 1020 1136 12
1037 1076 1206 1153 hujusmodi
1228 1093 1342 1137 menses
1365 1075 1428 1136 dies
1446 1076 1510 1135 354

152 1169 301 1243 integrm,
331 1182 398 1225 cum
424 1170 462 1224 12
486 1162 654 1227 lunationes
677 1163 821 1244 pauculae
842 1165 930 1224 horas
953 1165 1030 1224 ultra
1053 1164 1209 1239 adderent,
1236 1181 1313 1241 quae
1335 1180 1393 1223 non
1417 1163 1510 1223 conh-

150 1260 248 1317 cerem
271 1252 333 1313 diei
354 1254 514 1313 semissem.
547 1252 663 1313 Annus
686 1260 784 1312 antem
807 1252 958 1326 hiemalis,
988 1261 1021 1312 ut
1043 1255 1086 1313 ita
1107 1255 1271 1325 nominem,
1295 1253 1424 1312 continet
1446 1250 1509 1311 dics

153 1342 253 1427 ³⁸⁵d2
277 1343 388 1419 exigno
410 1342 517 1400 minua.
562 1340 734 1402 Differentia
756 1339 869 1400 dierum
895 1339 972 1423 lli,
1002 1340 1109 1418 quibus
1136 1340 1234 1417 justus
1256 1357 1351 1400 annua
1376 1340 1509 1400 lunarem

150 1447 183 1491 att
257 1436 280 1490 i.

184 1446 322 1578 miluc
343 1514 433 1577 modo
455 1530 532 1574 anno
556 1515 702 1595 breviore,
724 1532 813 1591 quam
837 1523 881 1575 est
898 1514 1043 1587 hiemalis,
1067 1514 1183 1576 Lunam
1205 1524 1320 1576 tantum
1341 1515 1510 1593 sequeban-

150 1616 208 1681 ως
231 1612 268 1665 ut
289 1612 390 1665 antem
413 1609 443 1662 et
459 1602 537 1662 Solis
559 1620 676 1662 cursum
699 1603 872 1663 adhiberent
885 1611 1089 1680 aestatemque
1112 1613 1142 1663 et
1155 1603 1279 1663 hiemem
1303 1602 1407 1664 iisdem
1426 1611 1509 1664 teue-

148 1702 211 1755 rent
224 1693 397 1765 mensibus,
420 1692 537 1749 tertium
551 1698 581 1750 ct
595 1690 741 1751 interdum
756 1690 880 1750 alterum
895 1708 1041 1768 quemque
1064 1709 1173 1750 annum
1195 1691 1356 1767 longiorem
1379 1691 1510 1751 lecerunt

148 1798 205 1843 mo
220 1796 339 1853 mense,
364 1779 416 1857 qui
438 1785 516 1837 esset
531 1777 579 1837 vcl
595 1784 635 1839 ‘29
652 1778 698 1839 vel
716 1784 757 1839 30
775 1778 896 1851 dierum,
919 1790 1007 1857 prout
1028 1795 1200 1839 excessuum
1216 1778 1387 1856 postulabat
1402 1794 1509 1857 aggre-

150 1872 241 1948 gatio.
289 1870 376 1927 harro
400 1882 459 1925 uno
482 1874 654 1943 supererant
678 1865 740 1951 11}
763 1865 835 1943 dies,
859 1866 952 1926 altero
976 1865 1049 1949 223,
1072 1868 1157 1926 tertio
1174 1866 1250 1952 333,
1273 1873 1378 1944 quarto
1399 1871 1439 1927 45
1461 1868 1509 1927 in-

148 1959 232 2035 tegri,
257 1953 479 2035 paulominus.

254 2042 341 2103 Haec
362 2043 433 2102 anni
455 2040 529 2099 ratio
558 2039 745 2119 postmodnm
768 2040 930 2101 adomncs
959 2044 1093 2102 nationes
1124 2042 1203 2102 orbis
1230 2048 1371 2101 terrarum
1398 2059 1508 2121 propa·

149 2140 220 2211 gata
241 2131 308 2205 init,
332 2139 366 2189 ut
389 2134 408 2189 4
432 2130 517 2188 annis
538 2126 691 2187 lunaribus
709 2134 748 2189 45
765 2127 829 2188 dies
851 2130 1038 2190 intercalares
1062 2136 1260 2207 competerent
1276 2129 1313 2189 ad
1328 2129 1509 2190 retinendam

150 2222 348 2297 quantitatem
367 2217 481 2294 juetam
502 2218 570 2274 anni
595 2216 747 2292 hiemalis3
771 2219 906 2294 quamvis
929 2220 957 2276 in
982 2217 1170 2277 intercalandi
1194 2218 1307 2277 ratione
1323 2234 1408 2276 suum
1424 2218 1508 2295 qula-

152 2326 206 2385 qna
230 2308 400 2367 institutum
422 2312 541 2363 secutus
563 2304 610 2362 sit.
657 2303 724 2380 Qua
746 2307 776 2364 in
799 2323 829 2365 ra
853 2313 934 2364 tanta
958 2314 1115 2365 consecuta
1138 2313 1181 2365 cst
1204 2307 1343 2377 varietas,
1367 2313 1400 2364 ut
1423 2306 1508 2365 vide·

152 2404 235 2455 ratur
258 2397 288 2453 in
312 2410 348 2453 eo
370 2391 537 2452 libertatem
559 2410 642 2452 suam
665 2400 767 2469 gentes
791 2392 987 2453 demonstrare
1004 2392 1142 2466 voluisse,
1166 2395 1191 2452 si
1206 2409 1261 2452 suo
1277 2393 1397 2452 arbitrio
1413 2411 1507 2470 quae-

153 2500 206 2561 que
228 2498 340 2542 annum
363 2480 561 2540 constitueret.
607 2479 815 2539 AOhaldaels
838 2482 925 2556 igitur
948 2480 986 2541 ad
1008 2480 1187 2554 Phoenices,
1215 2480 1454 2541 aPhoenicibua
1477 2482 1507 2539 in
1599 2552 1603 2559 ¹

154 2568 262 2630 msulae
284 2576 317 2629 ct
338 2566 493 2627 Graeciam
515 2583 552 2625 ea
573 2570 648 2626 ratio
672 2569 788 2627 invecta
810 2568 873 2626 luit.
922 2567 1017 2627 Latini
1041 2570 1138 2644 prisci,
1162 2568 1268 2645 quibua
1292 2567 1409 2628 Aeneas
1431 2568 1508 2627 Tro·

153 2658 233 2735 iaaac
246 2657 389 2734 reliquias
403 2654 576 2728 immiscuit,
592 2652 772 2714 Graecorum
788 2654 882 2714 coloni
898 2664 966 2716 surrt
981 2656 1143 2733 eademque
1160 2673 1226 2714 cum
1249 2654 1306 2714 illis
1329 2658 1397 2714 anni
1413 2656 1505 2717 torma

156 2746 310 2806 alebantur
338 2750 406 2802 ante
428 2742 554 2801 Romam
580 2741 739 2803 conditam.
789 2740 907 2801 Menses
934 2760 963 2801 n.
991 2743 1141 2803 habebant
1171 2742 1303 2818 lunarca3
1334 2750 1506 2820 argumento

157 2840 196 2893 eu
215 2833 355 2911 cognatio
372 2831 467 2889 vocis:
491 2826 642 2903 ,Mensia“
660 2828 783 2903 Latinis,
807 2830 887 2905 qued
910 2828 1031 2890 Graccis
1048 2838 1092 2891 est
1105 2852 1170 2906 pqr.
1192 2854 1278 2909 pera,
1303 2830 1366 2891 sive
1380 2852 1506 2909 μηϊυσες,

156 2938 173 2979 a
188 2944 295 2999 μηιυω,
319 2916 465 2995 significo,
487 2915 565 2976 unde
588 2916 712 2976 latinum
734 2932 858 2992 moneo,
889 2921 1087 2993 germanicum
1110 2934 1223 2978 manen:
1254 2937 1289 2979 co
1320 2918 1398 2994 quod
1421 2918 1507 2978 Lana

156 3007 239 3068 lectos
260 3005 325 3066 dies
348 3012 379 3065 et
400 3006 543 3065 rationem
559 3004 755 3082 agriculturae
771 3012 957 3079 monstraret,
985 3023 1037 3066 seu
1060 3008 1170 3082 magis,
1194 3006 1274 3081 quod
1296 3006 1407 3085 populo
1430 3009 1506 3066 ratio

156 3098 291 3155 mensium
315 3092 477 3152 sacerdotis
501 3108 574 3152 voce
597 3093 816 3169 significaretur.
856 3094 942 3171 ulam
965 3095 1067 3169 utique
1090 3096 1252 3170 antiquitus
1275 3093 1389 3153 Lunam
1413 3097 1506 3170 signi-

155 3182 255 3255 ficavit,
280 3188 315 3241 ut
329 3188 359 3240 et
374 3179 472 3239 adhuc
494 3179 581 3239 hodie
598 3180 676 3256 apud
693 3179 855 3239 Germanos
871 3179 961 3240 binah
985 3182 1100 3255 dicitur,
1125 3199 1198 3257 quos
1222 3189 1335 3241 constat
1351 3201 1369 3240 a
1385 3181 1507 3242 Graecis

157 3269 296 3330 oriundos.
344 3264 477 3327 Alterum
499 3266 638 3327 iudicium
660 3267 770 3328 lunaris
793 3270 861 3327 anni
884 3286 974 3345 pcncs
997 3273 1109 3346 priscos
1133 3269 1255 3329 Latinos
1278 3278 1323 3329 eat
1345 3270 1506 3346 appellatio

157 3356 355 3431 Calendarum,
377 3355 537 3428 Nonarum,
562 3354 697 3416 Eiduum.
735 3356 809 3415 Nam
827 3354 918 3415 Eidus
932 3356 1062 3433 Scaliger
1082 3355 1247 3433 appellatas
1270 3359 1418 3417 existimat
1434 3374 1506 3417 voce

156 3464 253 3522 graeca
275 3445 368 3517 εἶδος,
395 3442 433 3503 ad
456 3441 648 3519 plenilunium
671 3443 910 3519 significandum,
942 3446 1012 3519 quia
1035 3447 1149 3521 specics
1173 3444 1275 3503 Lunae
1298 3448 1427 3521 integrae
1450 3463 1506 3520 ap-

155 3541 261 3610 pucat3
285 3532 389 3593 Nonas
412 3546 495 3604 veron
516 3533 599 3608 quasi
624 3549 730 3590 nonam
754 3530 831 3589 diem
846 3550 864 3590 a
880 3530 1039 3607 plenilunio
1062 3540 1148 3605 retro,
1173 3551 1232 3609 qua
1255 3531 1302 3591 die
1320 3532 1403 3592 Luna
1419 3532 1506 3591 dimi·

156 3620 226 3683 diata
249 3628 375 3699 apparet
396 3620 521 3696 vesperi.
567 3618 642 3677 Nam
671 3620 745 3678 later
772 3618 965 3694 plenilunium
997 3627 1025 3679 ct
1049 3619 1256 3696 quadraturam
1286 3638 1375 3695 saepo
1400 3624 1417 3678 8
1443 3619 1505 3677 dies

154 3708 363 3770 interlabantur
385 3708 500 3782 integri.
546 3705 695 3766 calendae
718 3723 787 3766 vcro
811 3725 829 3765 a
851 3724 958 3782 graeca
982 3724 1054 3765 voce
1077 3710 1177 3767 aniate
1199 3706 1340 3780 dicuntur,
1366 3723 1401 3765 eo
1425 3704 1504 3783 quod

153 3806 279 3874 tempora
303 3793 456 3873 pontifices
479 3792 615 3868 agricolis
637 3793 699 3854 alta
722 3810 795 3853 vocc
809 3793 927 3853 sublata
944 3795 1150 3869 significarent,
1176 3794 1306 3854 Varrone
1330 3801 1414 3853 toste.
1442 3794 1505 3852 ,Ιη-

152 3892 258 3946 innunt
281 3890 383 3942 autcm
408 3886 424 3940 ³
449 3879 498 3939 vel
521 3898 665 3940 summum
691 3887 708 3941 5
734 3881 796 3941 dics
820 3884 895 3941 inter
918 3880 1064 3941 Calendas
1081 3889 1110 3940 ct
1124 3882 1236 3956 Nonas,
1260 3890 1294 3942 ut
1309 3884 1414 3958 opinor
1429 3881 1504 3956 idco,

150 3976 214 4051 qaia
229 3973 405 4032 Latinorum
428 3968 588 4044 priscorum
610 3986 727 4029 menses
749 3986 807 4028 non
831 3986 850 4028 a
872 3970 1025 4029 rroviluaio
1049 3971 1213 4045 ipsissimo,
1244 3969 1322 4045 quod
1346 3973 1423 4029 ccrni
1447 3986 1504 4029 non

149 4069 255 4139 polest,
278 4057 332 4120 sed
357 4075 375 4116 a
397 4059 491 4134 primo
516 4059 681 4132 vespertino
704 4056 807 4116 lrunae
831 4066 934 4117 exortu
962 4058 1156 4133 incipiebant,
1186 4058 1265 4133 quod
1289 4056 1394 4117 Gracci
1418 4080 1506 4136 paam

147 4150 256 4221 dicant,
281 4148 355 4224 quia
376 4154 440 4203 tum
456 4142 541 4202 Lutra
554 4161 695 4220 apparere
712 4178 754 4189 -
770 4148 928 4223 praecaverim
950 4178 991 4189 —-
1016 4147 1126 4221 incipit,
1152 4145 1247 4205 triduo
1264 4145 1311 4205 vel
1335 4145 1435 4217 biduo,
1460 4147 1505 4202 in-

146 4237 260 4299 terdum
283 4232 444 4313 quatriduo
467 4239 534 4308 post
556 4231 760 4305 novilunium,
785 4250 875 4310 saepe
898 4232 986 4292 etiam
1003 4232 1107 4293 codem
1131 4231 1188 4295 dic.
1226 4233 1400 4294 Sacerdotes
1417 4234 1506 4308 igitur

145 4328 270 4403 primurn
295 4328 453 4398 conspecta
477 4320 592 4396 vesperi
615 4320 700 4379 Luna
728 4318 881 4396 calabant3
909 4321 999 4379 verba
1030 4338 1131 4380 corum
1156 4319 1240 4397 ,calo
1263 4321 1331 4381 iana
1353 4320 1503 4393 novella“,

144 4414 172 4476 h.
194 4430 224 4474 e.
247 4410 383 4473 exclamo
407 4406 492 4466 Lana
519 4424 609 4469 nova.
654 4406 701 4467 Ab
725 4426 761 4468 ca
783 4407 869 4484 phasi
897 4407 936 4467 ad
958 4409 1059 4468 Nonas
1090 4411 1154 4469 sive
1178 4408 1291 4469 Lunam
1323 4406 1504 4466 dimidiatam

145 4510 232 4563 mant
253 4506 284 4575 4,
309 4504 327 4559 5
352 4495 402 4557 vel
426 4502 444 4557 e
469 4494 541 4556 dies.
588 4494 672 4555 Haec
701 4513 792 4557 eausa
822 4512 887 4557 esec
917 4494 1050 4572 videtur,
1082 4514 1133 4557 cur
1160 4496 1231 4558 ldae
1263 4503 1280 4556 8
1310 4500 1503 4570 numerentur,

144 4588 251 4653 lionae
272 4594 391 4649 tantum
416 4589 435 4645 4
460 4591 489 4644 et
509 4583 656 4645 interdum
680 4589 708 4645 6.
