3308 5534
446 402 626 461 Summsrium
644 403 782 464 Historiae
799 404 990 464 Asbonomise
1007 404 1100 462 seculo
1118 404 1191 463 xvi.
1443 401 1508 475 667

145 592 211 633 nem
230 585 258 636 et
276 578 345 637 alios
361 581 460 638 iecisse
478 582 560 649 rides,
579 581 727 639 Ptolemaei
744 597 850 639 errores
868 582 1003 653 ineptiore
1019 581 1101 639 modo
1119 580 1325 651 corrigentibus.
1355 579 1435 638 Unde
1452 580 1508 638 iac·

144 672 214 735 tum,
234 675 265 724 nt
284 669 468 725 calendarium
485 676 677 740 restauratum,
695 687 749 740 quo
768 685 931 742 quamquam
949 685 1004 726 non
1023 670 1146 727 omnihus
1165 670 1237 725 vitiis
1255 676 1372 740 purgato
1388 685 1435 727 rea
1446 686 1508 741 pro·

146 764 224 810 mota
242 772 304 812 esse
325 764 400 814 recte
420 759 533 828 dicitur,
555 759 790 815 vehementissime
807 760 1013 829 impugnaretur
1031 766 1059 816 et
1077 758 1282 829 exspectatione
1302 759 1389 814 serius
1411 758 1509 840 proha·

146 849 238 912 retur;
264 843 366 900 iactum
393 852 436 900 est
454 846 548 914 etiam,
574 853 605 901 ut
623 863 667 902 res
685 846 828 916 telescopii
851 862 905 917 ope
928 848 1052 904 detectae
1074 848 1109 902 ah
1128 846 1290 901 adversariis
1308 859 1385 901 sacro
1403 845 1507 914 impetu

145 929 303 987 meudina
327 939 506 1004 negarentur;
529 933 631 990 iactum
649 934 783 1005 denique,
808 941 839 992 ut
856 935 971 1006 physica
988 941 1016 992 et
1032 935 1148 991 historia
1165 933 1298 989 naturalis
1317 932 1432 990 eundem
1450 932 1508 990 iere

146 1018 240 1075 locum
257 1019 419 1088 obtinerent,
439 1038 519 1092 quem
538 1023 700 1081 Aristoteles
718 1024 833 1094 ejusque
850 1027 1000 1079 sectatores
1018 1024 1082 1079 inde
1100 1022 1223 1078 emedio
1242 1037 1308 1078 aero
1327 1021 1406 1091 quasi
1422 1019 1507 1076 fixum

146 1107 356 1165 constituerant.
399 1110 501 1165 contra
523 1110 670 1178 astrologia
699 1111 818 1167 maxima
843 1109 959 1167 florebat
982 1110 1159 1178 auctoritate,
1186 1109 1282 1179 paucis
1304 1114 1411 1165 tentum
1433 1107 1508 1165 illius

143 1195 242 1264 Jugnm
265 1195 482 1263 excutientibus;
505 1195 577 1250 illius
601 1196 712 1252 oracula
733 1196 818 1267 pluris
840 1205 926 1266 erant,
944 1215 1024 1268 quam
1044 1198 1179 1266 integrum
1200 1196 1384 1252 astronomiae
1407 1195 1507 1266 lumen,

145 1280 216 1337 adeo
242 1289 274 1338 ut
296 1288 514 1338 astronomorum
539 1299 630 1351 nemo,
655 1285 708 1340 nisi
724 1285 764 1340 illi
783 1293 856 1342 esset
877 1285 1017 1355 addictus,
1042 1284 1178 1354 stipendio
1203 1285 1344 1355 proposito
1369 1283 1507 1353 gauderet.

147 1368 267 1425 Osrdani
285 1371 394 1439 quidem
413 1372 552 1427 etPortae
571 1379 599 1426 et
610 1372 721 1428 Fluddii
732 1373 794 1428 libri
812 1372 899 1443 pluris
911 1372 1093 1440 habebantur,
1111 1388 1193 1444 quam
1206 1388 1363 1442 paucorum,
1376 1373 1423 1443 qui
1440 1371 1509 1428 libe·

146 1459 219 1512 riore
234 1458 339 1526 jndicio
358 1459 513 1526 utebantur,
532 1474 627 1528 opera,
646 1467 695 1515 aut
712 1461 736 1516 si
753 1461 818 1531 quid
836 1460 877 1519 ali
893 1461 1040 1530 habebant,
1059 1461 1133 1530 qnod
1144 1468 1239 1531 posset
1256 1459 1379 1530 probari,
1397 1475 1442 1515 res
1460 1461 1508 1517 ch

148 1561 243 1601 musas
259 1547 436 1603 involvebant
452 1547 542 1602 serbis
560 1548 761 1603 obscurioribus
781 1555 809 1603 et
828 1532 1031 1619 superstitionis
1051 1549 1161 1604 somniis
1180 1548 1339 1604 obruebant

255 1634 381 1690 Siderum
406 1635 656 1703 cognoscendorum
682 1652 727 1693 ars
751 1638 827 1707 apud
856 1638 1004 1709 plerosque
1026 1637 1114 1707 paulo
1134 1637 1221 1707 magis
1244 1652 1325 1707 quam
1347 1637 1437 1706 prisco
1460 1644 1510 1693 aut

149 1721 238 1776 modio
257 1736 323 1776 aero
343 1729 403 1778 erat
421 1722 539 1778 exsulta.
576 1723 714 1794 Tyohomis
732 1725 842 1794 quidem
859 1725 969 1795 ingenio
987 1725 1146 1790 excellenti,
1173 1724 1308 1780 industria
1324 1725 1463 1782 indefessa
1480 1732 1508 1782 et

151 1809 248 1878 grandi
272 1826 354 1880 quam
379 1811 508 1880 parandis
532 1812 720 1867 instrumentis
746 1814 901 1869 insumebat
925 1813 1043 1885 pecunia
1066 1813 1186 1869 siderum
1212 1814 1443 1870 obsera-sudorum
1461 1829 1505 1871 ars

149 1900 246 1954 mirum
263 1898 291 1952 in
311 1899 420 1954 modurn
439 1905 521 1954 aucta
537 1903 589 1963 est,
609 1896 706 1954 stellae
723 1898 795 1957 rixae
812 1899 913 1957 tabulis
925 1901 1079 1970 descriptae
1098 1907 1163 1957 sunt
1180 1902 1286 1957 ratione
1304 1901 1385 1972 longe
1398 1917 1508 1958 accura-

150 1989 234 2047 tiore.
254 2001 335 2055 quam
353 1985 417 2041 illae
436 2002 507 2056 quae
524 1991 671 2042 occurrunt
687 1986 745 2041 iere
763 2003 851 2057 usque
869 1987 905 2044 ad
923 1978 1005 2045 finem
1023 1988 1111 2044 seculi
1127 1989 1206 2054 XVI,
1222 1986 1394 2058 planetarum
1412 2004 1508 2045 cumas

149 2075 235 2143 magis
253 2074 395 2143 magisque
412 2075 448 2130 ad
466 2090 525 2128 eam
544 2091 666 2129 normam
683 2075 774 2130 adacti
793 2083 871 2144 sunt,
895 2093 950 2146 qua
967 2076 1003 2132 ad
1020 2076 1140 2133 calculos
1157 2077 1281 2133 revocari
1300 2083 1421 2146 possent.
1454 2076 1509 2133 Sed

150 2161 247 2230 reliqui
266 2167 375 2230 praeter
391 2162 550 2232 lyciorum
569 2167 597 2216 et
613 2162 817 2233 Landgravium
835 2163 1009 2221 Guilielmum
1021 2163 1243 2221 destituebantur
1261 2162 1305 2219 his
1317 2162 1436 2234 auxiliis,
1454 2179 1509 2232 qno

150 2247 265 2315 tutum,
291 2253 323 2304 ut
340 2256 370 2305 et
385 2255 444 2306 arte
463 2257 491 2305 et
509 2251 705 2307 exercitatione
728 2251 891 2308 observandi
912 2251 1076 2309 laborarent
1112 2252 1184 2321 Quid
1201 2251 1311 2320 rubum,
1331 2250 1404 2321 quod
1421 2257 1509 2309 utro·

150 2337 221 2392 nomi
238 2336 287 2392 illa
304 2342 394 2392 aetate
411 2336 561 2394 innumeris
579 2338 717 2394 erroribus
733 2338 866 2408 implicati
883 2346 961 2409 sunt,
980 2338 1080 2409 quibus
1097 2339 1160 2396 libri
1179 2354 1273 2396 eoram
1290 2338 1452 2408 disciplinae
1468 2339 1510 2395 in·

152 2430 287 2481 cremento
307 2423 461 2491 officerent,
480 2440 644 2493 quamquam
662 2440 679 2479 a
695 2425 835 2483 nonnullis
852 2427 1015 2483 auxiliorum
1033 2428 1154 2497 inopiam
1172 2427 1274 2497 ingenii
1292 2427 1444 2484 subtilitate
1460 2442 1509 2483 ex·

152 2518 306 2582 superatam
317 2526 381 2568 esse
392 2513 485 2581 negari
498 2529 553 2568 non
564 2519 665 2581 potest.
693 2513 760 2568 Tale
772 2513 905 2570 auxilium
917 2514 1045 2586 praebuit
1056 2514 1221 2572 mnenomis
1232 2513 1312 2569 initio
1324 2514 1410 2571 seculi
1422 2513 1508 2571 xm

146 2599 216 2667 iuris
233 2597 377 2655 consultus
393 2601 572 2668 Augustanus
585 2600 603 2655 J
609 2615 625 2654 o
633 2615 738 2657 anuos
755 2601 926 2672 Bayerus,
946 2600 1043 2658 stellas
1054 2602 1126 2659 fixas
1137 2599 1240 2657 tabulis
1251 2600 1384 2671 referens,
1402 2601 1510 2671 Tyaho·

150 2686 190 2742 nis
207 2686 365 2756 catalogum
383 2695 508 2751 secutus,
535 2686 616 2755 longe
640 2686 729 2755 majus
752 2703 817 2743 raro
840 2686 979 2745 detentum
1001 2689 1195 2759 talescopium,
1221 2705 1277 2759 quo
1303 2688 1375 2744 Solis
1398 2688 1509 2758 rotatio,

151 2772 224 2830 Josis
241 2774 375 2830 satellites
395 2782 424 2831 et
436 2774 555 2831 Veneris
568 2774 670 2845 pheses
688 2775 717 2830 in
735 2782 885 2845 conspectu
902 2776 1083 2846 ponebantur,
1102 2792 1156 2846 quo
1170 2775 1315 2845 coporuici
1327 2775 1397 2831 ratio
1410 2791 1510 2831 norum

154 2861 269 2919 sbdnuit
279 2871 468 2933 argumentum
482 2872 510 2920 et
531 2879 600 2934 quse
612 2864 785 2934 planetarum
801 2871 925 2920 motuum
937 2864 983 2921 lex
995 2871 1069 2921 esset
1086 2862 1269 2933 mvemigsudi
1286 2864 1330 2919 sia
1348 2870 1445 2934 aperta
1456 2871 1509 2921 est.

252 2951 285 3006 iu
303 2951 480 3022 geometricis
498 2959 528 3006 et
545 2951 723 3008 arithmeticis
741 2951 857 3008 ducibus
874 2953 1024 3010 utebamur
1036 2952 1096 3007 seri
1106 2949 1179 3008 illius
1191 2951 1376 3009 mathematici
1388 2952 1510 3021 Graecis,

153 3036 219 3108 guod
237 3044 355 3108 apparet
372 3054 406 3094 ex
424 3039 529 3108 graecis
548 3040 747 3096 mathematicis
768 3039 922 3095 sexcenties
964 3039 1051 3094 editis.
1089 3038 1305 3106 Trigonometria
1322 3039 1357 3094 ab
1373 3039 1509 3097 Arahibas

156 3123 293 3181 buccam
318 3123 433 3182 formam
450 3126 569 3195 redacta,
588 3143 605 3181 a
622 3127 852 3196 Regiomontano,
878 3126 1043 3195 (lopernieo,
1066 3124 1201 3181 Rhaetico
1219 3125 1294 3181 culta
1312 3131 1341 3181 et
1357 3133 1449 3196 auom,
1468 3128 1509 3183 in·

156 3211 235 3267 rmus
247 3210 428 3267 fractionibus
440 3211 617 3269 decimalibus
630 3219 658 3268 et
668 3214 816 3283 praecipue
832 3211 1001 3282 logarithmis
1014 3212 1112 3282 (1614)
1131 3211 1316 3281 expediendis,
1335 3229 1406 3283 quae
1425 3222 1508 3272 antea

157 3296 265 3367 iseram,
284 3299 491 3356 difficultatibus
510 3301 647 3369 egregium
660 3303 767 3371 accepit
777 3301 974 3371 adiumentum,
992 3317 1047 3370 quo
1059 3316 1123 3356 vero
1136 3300 1272 3371 Keplerus
1285 3316 1347 3357 sero
1360 3303 1506 3359 admodum

158 3384 192 3438 sti
206 3386 303 3455 potuit,
322 3402 377 3441 non
395 3387 483 3442 minua
503 3403 534 3442 ac
552 3386 647 3454 torma,
666 3406 750 3458 quam
764 3390 872 3459 accepit
888 3389 1057 3459 algebraiaus
1070 3389 1192 3445 menius
1206 3389 1315 3445 aVieta
1327 3396 1356 3444 ot
1368 3391 1505 3458 Hariotto,

158 3481 211 3527 sero
228 3471 373 3529 admodum
385 3474 504 3543 Koplero
518 3475 645 3542 innotuit,
662 3477 703 3532 ita
721 3483 752 3532 ut
768 3477 906 3534 rarisaimo
918 3493 951 3533 eo
970 3482 1095 3535 uteretur
1108 3475 1244 3547 Keplerus
1257 3476 1292 3533 ad
1305 3476 1426 3535 calculos
1442 3494 1507 3537 suos

160 3561 354 3619 astronomicus.
1495 3558 1498 3573 '
