<?xml version="1.0" encoding="UTF-8"?>
<!DOCTYPE html PUBLIC "-//W3C//DTD XHTML 1.0 Transitional//EN"
    "http://www.w3.org/TR/xhtml1/DTD/xhtml1-transitional.dtd">
<html xmlns="http://www.w3.org/1999/xhtml" xml:lang="en" lang="en">
 <head>
  <title>
</title>
<meta http-equiv="Content-Type" content="text/html;charset=utf-8" />
  <meta name='ocr-system' content='tesseract 3.04.00' />
  <meta name='ocr-capabilities' content='ocr_page ocr_carea ocr_par ocr_line ocrx_word'/>
</head>
<body>
  <div class='ocr_page' id='page_1' title='image "./joanniskepleria00frisgoog/joanniskepleria00frisgoog_0761.png"; bbox 0 0 3308 5534; ppageno 0'>
   <div class='ocr_carea' id='block_1_1' title="bbox 735 368 1499 446">
    <p class='ocr_par' dir='ltr' id='par_1_1' title="bbox 735 368 1499 446">
     <span class='ocr_line' id='line_1_1' title="bbox 735 368 1499 446; baseline -0.001 -13"><span class='ocrx_word' id='word_1_1' title='bbox 735 372 813 434; x_wconf 70' lang='grc'><strong>1603.</strong></span> <span class='ocrx_word' id='word_1_2' title='bbox 831 368 911 433; x_wconf 71' lang='grc'><strong>1004.</strong></span> <span class='ocrx_word' id='word_1_3' title='bbox 941 388 951 409; x_wconf 64' lang='lat'>⁸</span> <span class='ocrx_word' id='word_1_4' title='bbox 1432 372 1499 446; x_wconf 74' lang='grc'><strong>757</strong></span> 
     </span>
    </p>
   </div>
   <div class='ocr_carea' id='block_1_2' title="bbox 133 551 1501 2394">
    <p class='ocr_par' dir='ltr' id='par_1_2' title="bbox 133 551 1501 1248">
     <span class='ocr_line' id='line_1_2' title="bbox 134 551 1499 635; baseline 0.001 -19"><span class='ocrx_word' id='word_1_5' title='bbox 134 558 182 616; x_wconf 80' lang='lat' dir='ltr'><strong>Ad</strong></span> <span class='ocrx_word' id='word_1_6' title='bbox 200 558 233 616; x_wconf 79' lang='lat' dir='ltr'><strong>bc</strong></span> <span class='ocrx_word' id='word_1_7' title='bbox 258 551 326 614; x_wconf 82' lang='lat' dir='ltr'><strong>tion</strong></span> <span class='ocrx_word' id='word_1_8' title='bbox 357 551 446 632; x_wconf 89' lang='lat' dir='ltr'><strong>plane</strong></span> <span class='ocrx_word' id='word_1_9' title='bbox 475 552 729 617; x_wconf 87' lang='lat' dir='ltr'><strong>contemnendum.</strong></span> <span class='ocrx_word' id='word_1_10' title='bbox 784 553 862 632; x_wconf 87' lang='lat' dir='ltr'><strong>Quid</strong></span> <span class='ocrx_word' id='word_1_11' title='bbox 888 555 990 633; x_wconf 89' lang='lat' dir='ltr'><strong>potius</strong></span> <span class='ocrx_word' id='word_1_12' title='bbox 1018 553 1131 617; x_wconf 76' lang='lat' dir='ltr'><strong>mirer?</strong></span> <span class='ocrx_word' id='word_1_13' title='bbox 1169 553 1363 633; x_wconf 86' lang='lat' dir='ltr'><strong>Stuporemnc</strong></span> <span class='ocrx_word' id='word_1_14' title='bbox 1391 570 1499 635; x_wconf 88' lang='lat' dir='ltr'><strong>mcrmr,</strong></span> 
     </span>
     <span class='ocr_line' id='line_1_3' title="bbox 134 641 1501 722; baseline 0.002 -19"><span class='ocrx_word' id='word_1_15' title='bbox 134 644 192 720; x_wconf 86' lang='lat' dir='ltr'><strong>qui</strong></span> <span class='ocrx_word' id='word_1_16' title='bbox 212 641 364 719; x_wconf 74' lang='lat' dir='ltr'><strong>patefacta</strong></span> <span class='ocrx_word' id='word_1_17' title='bbox 384 642 457 701; x_wconf 89' lang='lat' dir='ltr'><strong>mihi</strong></span> <span class='ocrx_word' id='word_1_18' title='bbox 478 649 601 704; x_wconf 90' lang='lat' dir='ltr'><strong>naturae</strong></span> <span class='ocrx_word' id='word_1_19' title='bbox 622 641 786 721; x_wconf 88' lang='lat' dir='ltr'><strong>penetralia</strong></span> <span class='ocrx_word' id='word_1_20' title='bbox 807 643 855 703; x_wconf 90' lang='lat' dir='ltr'><strong>his</strong></span> <span class='ocrx_word' id='word_1_21' title='bbox 877 643 984 719; x_wconf 87' lang='lat' dir='ltr'><strong>literis,</strong></span> <span class='ocrx_word' id='word_1_22' title='bbox 1008 660 1075 704; x_wconf 91' lang='lat' dir='ltr'><strong>cum</strong></span> <span class='ocrx_word' id='word_1_23' title='bbox 1095 642 1165 704; x_wconf 89' lang='lat' dir='ltr'><strong>illas</strong></span> <span class='ocrx_word' id='word_1_24' title='bbox 1187 645 1384 722; x_wconf 77' lang='lat' dir='ltr'><strong>accepissem,</strong></span> <span class='ocrx_word' id='word_1_25' title='bbox 1406 646 1501 706; x_wconf 87' lang='lat' dir='ltr'><strong>intro-</strong></span> 
     </span>
     <span class='ocr_line' id='line_1_4' title="bbox 134 730 1500 809; baseline 0.004 -19"><span class='ocrx_word' id='word_1_26' title='bbox 134 733 251 809; x_wconf 82' lang='lat' dir='ltr'><strong>sptcere</strong></span> <span class='ocrx_word' id='word_1_27' title='bbox 287 733 428 791; x_wconf 85' lang='lat' dir='ltr'><strong>contumel</strong></span> <span class='ocrx_word' id='word_1_28' title='bbox 456 730 592 808; x_wconf 87' lang='lat' dir='ltr'><strong>adeoque</strong></span> <span class='ocrx_word' id='word_1_29' title='bbox 626 732 789 792; x_wconf 69' lang='lat' dir='ltr'><strong>oblivione?</strong></span> <span class='ocrx_word' id='word_1_30' title='bbox 810 730 950 808; x_wconf 75' lang='lat' dir='ltr'>sepelivi,</span> <span class='ocrx_word' id='word_1_31' title='bbox 984 738 1016 791; x_wconf 92' lang='lat' dir='ltr'><strong>ut</strong></span> <span class='ocrx_word' id='word_1_32' title='bbox 1050 748 1087 791; x_wconf 92' lang='lat' dir='ltr'><strong>ne</strong></span> <span class='ocrx_word' id='word_1_33' title='bbox 1121 738 1226 808; x_wconf 85' lang='lat' dir='ltr'><strong>postea</strong></span> <span class='ocrx_word' id='word_1_34' title='bbox 1256 731 1392 809; x_wconf 86' lang='lat' dir='ltr'><strong>quidem,</strong></span> <span class='ocrx_word' id='word_1_35' title='bbox 1431 750 1500 795; x_wconf 84' lang='lat' dir='ltr'><strong>cum</strong></span> 
     </span>
     <span class='ocr_line' id='line_1_5' title="bbox 136 817 1498 896; baseline 0.001 -16"><span class='ocrx_word' id='word_1_36' title='bbox 136 818 257 880; x_wconf 84' lang='lat' dir='ltr'><strong>clarem</strong></span> <span class='ocrx_word' id='word_1_37' title='bbox 279 817 403 880; x_wconf 89' lang='lat' dir='ltr'><strong>eandem</strong></span> <span class='ocrx_word' id='word_1_38' title='bbox 426 817 464 877; x_wconf 91' lang='lat' dir='ltr'><strong>ad</strong></span> <span class='ocrx_word' id='word_1_39' title='bbox 487 819 561 880; x_wconf 91' lang='lat' dir='ltr'><strong>haec</strong></span> <span class='ocrx_word' id='word_1_40' title='bbox 582 820 747 896; x_wconf 85' lang='lat' dir='ltr'><strong>penetralia</strong></span> <span class='ocrx_word' id='word_1_41' title='bbox 769 835 940 896; x_wconf 73' lang='lat' dir='ltr'>quaererem</span> <span class='ocrx_word' id='word_1_42' title='bbox 962 826 993 879; x_wconf 90' lang='lat' dir='ltr'><strong>et</strong></span> <span class='ocrx_word' id='word_1_43' title='bbox 1007 819 1196 893; x_wconf 74' lang='lat' dir='ltr'><strong>invenissem,</strong></span> <span class='ocrx_word' id='word_1_44' title='bbox 1218 820 1371 881; x_wconf 88' lang='lat' dir='ltr'><strong>literarum</strong></span> <span class='ocrx_word' id='word_1_45' title='bbox 1393 819 1498 882; x_wconf 90' lang='lat' dir='ltr'><strong>harum</strong></span> 
     </span>
     <span class='ocr_line' id='line_1_6' title="bbox 133 905 1498 984; baseline 0.003 -17"><span class='ocrx_word' id='word_1_46' title='bbox 133 908 244 967; x_wconf 83' lang='lat' dir='ltr'><strong>merim</strong></span> <span class='ocrx_word' id='word_1_47' title='bbox 264 905 459 966; x_wconf 80' lang='lat' dir='ltr'><strong>recordatus?</strong></span> <span class='ocrx_word' id='word_1_48' title='bbox 497 906 544 964; x_wconf 82' lang='lat' dir='ltr'><strong>An</strong></span> <span class='ocrx_word' id='word_1_49' title='bbox 567 910 666 984; x_wconf 89' lang='lat' dir='ltr'><strong>potius</strong></span> <span class='ocrx_word' id='word_1_50' title='bbox 689 908 775 967; x_wconf 88' lang='lat' dir='ltr'><strong>mirer</strong></span> <span class='ocrx_word' id='word_1_51' title='bbox 797 908 859 966; x_wconf 89' lang='lat' dir='ltr'><strong>rlm</strong></span> <span class='ocrx_word' id='word_1_52' title='bbox 880 907 1024 980; x_wconf 82' lang='lat' dir='ltr'><strong>veritatis,</strong></span> <span class='ocrx_word' id='word_1_53' title='bbox 1048 923 1127 983; x_wconf 89' lang='lat' dir='ltr'><strong>quas</strong></span> <span class='ocrx_word' id='word_1_54' title='bbox 1149 905 1266 968; x_wconf 90' lang='lat' dir='ltr'><strong>dnobus</strong></span> <span class='ocrx_word' id='word_1_55' title='bbox 1280 924 1348 968; x_wconf 90' lang='lat' dir='ltr'><strong>sese</strong></span> <span class='ocrx_word' id='word_1_56' title='bbox 1361 924 1421 968; x_wconf 94' lang='lat' dir='ltr'><strong>non</strong></span> <span class='ocrx_word' id='word_1_57' title='bbox 1436 926 1498 971; x_wconf 89' lang='lat' dir='ltr'><strong>nna</strong></span> 
     </span>
     <span class='ocr_line' id='line_1_7' title="bbox 134 993 1500 1072; baseline 0.003 -18"><span class='ocrx_word' id='word_1_58' title='bbox 134 996 190 1054; x_wconf 79' lang='lat' dir='ltr'><strong>ris</strong></span> <span class='ocrx_word' id='word_1_59' title='bbox 212 993 350 1071; x_wconf 85' lang='lat' dir='ltr'><strong>apecnit‘l</strong></span> <span class='ocrx_word' id='word_1_60' title='bbox 387 993 435 1052; x_wconf 82' lang='lat' dir='ltr'><strong>Au</strong></span> <span class='ocrx_word' id='word_1_61' title='bbox 457 1001 580 1054; x_wconf 89' lang='lat' dir='ltr'><strong>naturae</strong></span> <span class='ocrx_word' id='word_1_62' title='bbox 601 997 762 1072; x_wconf 77' lang='lat' dir='ltr'><strong>ingenium,</strong></span> <span class='ocrx_word' id='word_1_63' title='bbox 786 1011 864 1071; x_wconf 92' lang='lat' dir='ltr'><strong>quae</strong></span> <span class='ocrx_word' id='word_1_64' title='bbox 886 993 968 1071; x_wconf 92' lang='lat' dir='ltr'><strong>quod</strong></span> <span class='ocrx_word' id='word_1_65' title='bbox 988 994 1094 1055; x_wconf 81' lang='lat' dir='ltr'><strong>Brutia</strong></span> <span class='ocrx_word' id='word_1_66' title='bbox 1116 993 1198 1055; x_wconf 88' lang='lat' dir='ltr'><strong>dedit</strong></span> <span class='ocrx_word' id='word_1_67' title='bbox 1219 995 1335 1055; x_wconf 89' lang='lat' dir='ltr'><strong>occultu</strong></span> <span class='ocrx_word' id='word_1_68' title='bbox 1358 996 1500 1058; x_wconf 90' lang='lat' dir='ltr'><strong>instinctu</strong></span> 
     </span>
     <span class='ocr_line' id='line_1_8' title="bbox 135 1080 1500 1159; baseline 0.002 -16"><span class='ocrx_word' id='word_1_69' title='bbox 135 1101 157 1143; x_wconf 91' lang='lat' dir='ltr'><strong>a</strong></span> <span class='ocrx_word' id='word_1_70' title='bbox 177 1082 280 1159; x_wconf 82' lang='lat' dir='ltr'><strong>priori,</strong></span> <span class='ocrx_word' id='word_1_71' title='bbox 304 1081 374 1140; x_wconf 91' lang='lat' dir='ltr'><strong>mihi</strong></span> <span class='ocrx_word' id='word_1_72' title='bbox 397 1080 537 1142; x_wconf 80' lang='lat' dir='ltr'><strong>methodo</strong></span> <span class='ocrx_word' id='word_1_73' title='bbox 559 1089 589 1142; x_wconf 91' lang='lat' dir='ltr'><strong>et</strong></span> <span class='ocrx_word' id='word_1_74' title='bbox 610 1085 740 1143; x_wconf 88' lang='lat' dir='ltr'><strong>numeria</strong></span> <span class='ocrx_word' id='word_1_75' title='bbox 761 1088 793 1142; x_wconf 91' lang='lat' dir='ltr'><strong>et</strong></span> <span class='ocrx_word' id='word_1_76' title='bbox 815 1080 909 1142; x_wconf 87' lang='lat' dir='ltr'><strong>oculis</strong></span> <span class='ocrx_word' id='word_1_77' title='bbox 931 1080 1093 1142; x_wconf 88' lang='lat' dir='ltr'><strong>eruendum</strong></span> <span class='ocrx_word' id='word_1_78' title='bbox 1115 1083 1283 1143; x_wconf 78' lang='lat' dir='ltr'><strong>concessit?</strong></span> <span class='ocrx_word' id='word_1_79' title='bbox 1326 1082 1382 1143; x_wconf 88' lang='lat' dir='ltr'><strong>His</strong></span> <span class='ocrx_word' id='word_1_80' title='bbox 1404 1084 1500 1146; x_wconf 89' lang='lat' dir='ltr'><strong>literis</strong></span> 
     </span>
     <span class='ocr_line' id='line_1_9' title="bbox 134 1167 1447 1248; baseline 0.004 -18"><span class='ocrx_word' id='word_1_81' title='bbox 134 1178 264 1248; x_wconf 87' lang='lat' dir='ltr'><strong>apparet</strong></span> <span class='ocrx_word' id='word_1_82' title='bbox 286 1167 491 1246; x_wconf 82' lang='lat' dir='ltr'><strong>compendium</strong></span> <span class='ocrx_word' id='word_1_83' title='bbox 515 1169 663 1244; x_wconf 90' lang='lat' dir='ltr'><strong>quoddam</strong></span> <span class='ocrx_word' id='word_1_84' title='bbox 686 1187 768 1231; x_wconf 89' lang='lat' dir='ltr'><strong>meae</strong></span> <span class='ocrx_word' id='word_1_85' title='bbox 791 1169 933 1248; x_wconf 81' lang='lat' dir='ltr'><strong>physicae</strong></span> <span class='ocrx_word' id='word_1_86' title='bbox 956 1169 1104 1244; x_wconf 89' lang='lat' dir='ltr'><strong>coelestis,</strong></span> <span class='ocrx_word' id='word_1_87' title='bbox 1127 1172 1159 1228; x_wconf 91' lang='lat' dir='ltr'><strong>in</strong></span> <span class='ocrx_word' id='word_1_88' title='bbox 1182 1170 1279 1232; x_wconf 86' lang='lat' dir='ltr'><strong>Marte</strong></span> <span class='ocrx_word' id='word_1_89' title='bbox 1301 1170 1447 1248; x_wconf 86' lang='lat' dir='ltr'><strong>proditae.</strong></span> 
     </span>
    </p>

    <p class='ocr_par' dir='ltr' id='par_1_3' title="bbox 135 1254 1500 1495">
     <span class='ocr_line' id='line_1_10' title="bbox 249 1254 1499 1336; baseline 0 -15"><span class='ocrx_word' id='word_1_90' title='bbox 249 1254 336 1321; x_wconf 82' lang='lat' dir='ltr'><strong>tutlt.</strong></span> <span class='ocrx_word' id='word_1_91' title='bbox 358 1255 534 1335; x_wconf 89' lang='lat' dir='ltr'><strong>Opticam</strong></span> <span class='ocrx_word' id='word_1_92' title='bbox 558 1258 834 1319; x_wconf 80' lang='lat' dir='ltr'><strong>Astronomiae</strong></span> <span class='ocrx_word' id='word_1_93' title='bbox 856 1263 1005 1336; x_wconf 90' lang='lat' dir='ltr'><strong>partam</strong></span> <span class='ocrx_word' id='word_1_94' title='bbox 1029 1256 1092 1319; x_wconf 80' lang='lat' dir='ltr'><strong>cat.</strong></span> <span class='ocrx_word' id='word_1_95' title='bbox 1116 1254 1271 1319; x_wconf 68' lang='lat' dir='ltr'><strong>‚Ianuariis</strong></span> <span class='ocrx_word' id='word_1_96' title='bbox 1294 1258 1388 1320; x_wconf 91' lang='lat' dir='ltr'><strong>obtuli</strong></span> <span class='ocrx_word' id='word_1_97' title='bbox 1401 1265 1499 1336; x_wconf 83' lang='lat' dir='ltr'><strong>(imps-</strong></span> 
     </span>
     <span class='ocr_line' id='line_1_11' title="bbox 135 1343 1500 1425; baseline 0.002 -18"><span class='ocrx_word' id='word_1_98' title='bbox 135 1349 248 1419; x_wconf 83' lang='lat' dir='ltr'><strong>satori),</strong></span> <span class='ocrx_word' id='word_1_99' title='bbox 272 1345 336 1425; x_wconf 77' lang='lat' dir='ltr'><strong>jam</strong></span> <span class='ocrx_word' id='word_1_100' title='bbox 363 1343 466 1405; x_wconf 92' lang='lat' dir='ltr'><strong>laboro</strong></span> <span class='ocrx_word' id='word_1_101' title='bbox 494 1352 527 1405; x_wconf 91' lang='lat' dir='ltr'><strong>ut</strong></span> <span class='ocrx_word' id='word_1_102' title='bbox 554 1348 713 1424; x_wconf 83' lang='lat' dir='ltr'><strong>recipiam3</strong></span> <span class='ocrx_word' id='word_1_103' title='bbox 741 1346 799 1405; x_wconf 90' lang='lat' dir='ltr'><strong>nisi</strong></span> <span class='ocrx_word' id='word_1_104' title='bbox 829 1344 887 1407; x_wconf 91' lang='lat' dir='ltr'><strong>hoc</strong></span> <span class='ocrx_word' id='word_1_105' title='bbox 911 1360 960 1405; x_wconf 88' lang='lat' dir='ltr'><strong>mc</strong></span> <span class='ocrx_word' id='word_1_106' title='bbox 988 1345 1169 1423; x_wconf 88' lang='lat' dir='ltr'><strong>impedierit,</strong></span> <span class='ocrx_word' id='word_1_107' title='bbox 1200 1345 1297 1409; x_wconf 90' lang='lat' dir='ltr'><strong>lacem</strong></span> <span class='ocrx_word' id='word_1_108' title='bbox 1324 1347 1439 1409; x_wconf 86' lang='lat' dir='ltr'><strong>uidebit</strong></span> <span class='ocrx_word' id='word_1_109' title='bbox 1460 1348 1500 1410; x_wconf 93' lang='lat' dir='ltr'><strong>ad</strong></span> 
     </span>
     <span class='ocr_line' id='line_1_12' title="bbox 135 1433 393 1495; baseline -0.004 0"><span class='ocrx_word' id='word_1_110' title='bbox 135 1433 296 1495; x_wconf 72' lang='lat' dir='ltr'><strong>nandnss.</strong></span> <span class='ocrx_word' id='word_1_111' title='bbox 389 1472 393 1479; x_wconf 87' lang='lat'>-</span> 
     </span>
    </p>

    <p class='ocr_par' dir='ltr' id='par_1_4' title="bbox 135 1529 1501 2394">
     <span class='ocr_line' id='line_1_13' title="bbox 243 1529 1501 1605; baseline 0.004 -16"><span class='ocrx_word' id='word_1_112' title='bbox 243 1532 409 1589; x_wconf 77' lang='lat' dir='ltr'><strong>Absolutum</strong></span> <span class='ocrx_word' id='word_1_113' title='bbox 427 1547 497 1601; x_wconf 89' lang='lat' dir='ltr'><strong>opus</strong></span> <span class='ocrx_word' id='word_1_114' title='bbox 516 1532 656 1602; x_wconf 78' lang='lat' dir='ltr'><strong>inscripsit</strong></span> <span class='ocrx_word' id='word_1_115' title='bbox 672 1529 809 1601; x_wconf 81' lang='lat' dir='ltr'><strong>Keplerus</strong></span> <span class='ocrx_word' id='word_1_116' title='bbox 827 1529 985 1600; x_wconf 87' lang='lat' dir='ltr'><strong>imperatori</strong></span> <span class='ocrx_word' id='word_1_117' title='bbox 1003 1531 1153 1603; x_wconf 80' lang='lat' dir='ltr'><strong>liudolpho</strong></span> <span class='ocrx_word' id='word_1_118' title='bbox 1171 1533 1250 1602; x_wconf 83' lang='lat' dir='ltr'><strong>(data</strong></span> <span class='ocrx_word' id='word_1_119' title='bbox 1267 1540 1310 1590; x_wconf 87' lang='lat' dir='ltr'><strong>est</strong></span> <span class='ocrx_word' id='word_1_120' title='bbox 1323 1534 1442 1605; x_wconf 85' lang='lat' dir='ltr'><strong>epistola</strong></span> <span class='ocrx_word' id='word_1_121' title='bbox 1454 1536 1501 1595; x_wconf 84' lang='lat' dir='ltr'><strong>tls-</strong></span> 
     </span>
     <span class='ocr_line' id='line_1_14' title="bbox 136 1619 1500 1692; baseline 0 -12"><span class='ocrx_word' id='word_1_122' title='bbox 136 1621 273 1680; x_wconf 85' lang='lat' dir='ltr'><strong>dicatoria</strong></span> <span class='ocrx_word' id='word_1_123' title='bbox 291 1619 334 1676; x_wconf 92' lang='lat' dir='ltr'><strong>die</strong></span> <span class='ocrx_word' id='word_1_124' title='bbox 353 1623 379 1676; x_wconf 85' lang='lat'><strong>5.</strong></span> <span class='ocrx_word' id='word_1_125' title='bbox 396 1619 515 1688; x_wconf 78' lang='lat' dir='ltr'><strong>Augusti</strong></span> <span class='ocrx_word' id='word_1_126' title='bbox 534 1620 629 1689; x_wconf 73' lang='lat'><strong>1604),</strong></span> <span class='ocrx_word' id='word_1_127' title='bbox 649 1619 734 1676; x_wconf 83' lang='lat' dir='ltr'><strong>refert</strong></span> <span class='ocrx_word' id='word_1_128' title='bbox 751 1634 884 1675; x_wconf 89' lang='lat' dir='ltr'><strong>summam</strong></span> <span class='ocrx_word' id='word_1_129' title='bbox 902 1635 1008 1692; x_wconf 90' lang='lat' dir='ltr'><strong>eorum,</strong></span> <span class='ocrx_word' id='word_1_130' title='bbox 1035 1636 1105 1690; x_wconf 89' lang='lat' dir='ltr'><strong>quae</strong></span> <span class='ocrx_word' id='word_1_131' title='bbox 1123 1619 1217 1675; x_wconf 93' lang='lat' dir='ltr'><strong>insunt</strong></span> <span class='ocrx_word' id='word_1_132' title='bbox 1233 1619 1313 1691; x_wconf 90' lang='lat' dir='ltr'><strong>libro,</strong></span> <span class='ocrx_word' id='word_1_133' title='bbox 1332 1628 1361 1677; x_wconf 87' lang='lat' dir='ltr'><strong>et</strong></span> <span class='ocrx_word' id='word_1_134' title='bbox 1377 1621 1447 1680; x_wconf 89' lang='lat' dir='ltr'><strong>hacc</strong></span> <span class='ocrx_word' id='word_1_135' title='bbox 1464 1623 1500 1680; x_wconf 88' lang='lat' dir='ltr'><strong>de</strong></span> 
     </span>
     <span class='ocr_line' id='line_1_15' title="bbox 137 1701 1497 1783; baseline -0.001 -16"><span class='ocrx_word' id='word_1_136' title='bbox 137 1708 320 1780; x_wconf 74' lang='lat' dir='ltr'><strong>originalium</strong></span> <span class='ocrx_word' id='word_1_137' title='bbox 332 1713 437 1763; x_wconf 87' lang='lat' dir='ltr'><strong>narrat:</strong></span> <span class='ocrx_word' id='word_1_138' title='bbox 463 1702 563 1779; x_wconf 82' lang='lat' dir='ltr'><strong>Mihi,</strong></span> <span class='ocrx_word' id='word_1_139' title='bbox 582 1703 633 1778; x_wconf 92' lang='lat' dir='ltr'><strong>qui</strong></span> <span class='ocrx_word' id='word_1_140' title='bbox 656 1703 761 1779; x_wconf 89' lang='lat' dir='ltr'><strong>opticis</strong></span> <span class='ocrx_word' id='word_1_141' title='bbox 784 1701 1083 1780; x_wconf 86' lang='lat' dir='ltr'><strong>contemplationibus</strong></span> <span class='ocrx_word' id='word_1_142' title='bbox 1113 1703 1248 1763; x_wconf 88' lang='lat' dir='ltr'><strong>nonnihil</strong></span> <span class='ocrx_word' id='word_1_143' title='bbox 1276 1707 1416 1783; x_wconf 86' lang='lat' dir='ltr'><strong>temporis</strong></span> <span class='ocrx_word' id='word_1_144' title='bbox 1439 1707 1497 1766; x_wconf 90' lang='lat' dir='ltr'><strong>im-</strong></span> 
     </span>
     <span class='ocr_line' id='line_1_16' title="bbox 136 1789 1499 1873; baseline 0 -18"><span class='ocrx_word' id='word_1_145' title='bbox 136 1792 315 1873; x_wconf 89' lang='lat' dir='ltr'><strong>penderam,</strong></span> <span class='ocrx_word' id='word_1_146' title='bbox 346 1793 532 1853; x_wconf 84' lang='lat' dir='ltr'><strong>occasionem</strong></span> <span class='ocrx_word' id='word_1_147' title='bbox 554 1789 756 1867; x_wconf 73' lang='lat' dir='ltr'><strong>suppeditavit</strong></span> <span class='ocrx_word' id='word_1_148' title='bbox 778 1791 958 1850; x_wconf 78' lang='lat' dir='ltr'><strong>ashonomla</strong></span> <span class='ocrx_word' id='word_1_149' title='bbox 980 1791 1169 1870; x_wconf 67' lang='lat' dir='ltr'><strong>l‘ychonlca,</strong></span> <span class='ocrx_word' id='word_1_150' title='bbox 1199 1791 1284 1869; x_wconf 81' lang='lat' dir='ltr'><strong>qu&#39;us</strong></span> <span class='ocrx_word' id='word_1_151' title='bbox 1307 1811 1354 1853; x_wconf 91' lang='lat' dir='ltr'><strong>me</strong></span> <span class='ocrx_word' id='word_1_152' title='bbox 1376 1794 1499 1871; x_wconf 88' lang='lat' dir='ltr'><strong>partici-</strong></span> 
     </span>
     <span class='ocr_line' id='line_1_17' title="bbox 136 1875 1497 1961; baseline 0.001 -20"><span class='ocrx_word' id='word_1_153' title='bbox 136 1898 208 1961; x_wconf 88' lang='lat' dir='ltr'><strong>pem</strong></span> <span class='ocrx_word' id='word_1_154' title='bbox 231 1881 304 1941; x_wconf 87' lang='lat' dir='ltr'><strong>rivc</strong></span> <span class='ocrx_word' id='word_1_155' title='bbox 325 1883 486 1941; x_wconf 80' lang='lat' dir='ltr'><strong>etiamnum</strong></span> <span class='ocrx_word' id='word_1_156' title='bbox 508 1884 628 1938; x_wconf 90' lang='lat' dir='ltr'><strong>auctore</strong></span> <span class='ocrx_word' id='word_1_157' title='bbox 650 1879 720 1938; x_wconf 87' lang='lat' dir='ltr'><strong>iecit</strong></span> <span class='ocrx_word' id='word_1_158' title='bbox 747 1875 985 1955; x_wconf 86' lang='lat' dir='ltr'><strong>splendidissima</strong></span> <span class='ocrx_word' id='word_1_159' title='bbox 1016 1879 1091 1940; x_wconf 88' lang='lat' dir='ltr'><strong>haec</strong></span> <span class='ocrx_word' id='word_1_160' title='bbox 1113 1878 1281 1956; x_wconf 81' lang='lat' dir='ltr'><strong>MaJestatis</strong></span> <span class='ocrx_word' id='word_1_161' title='bbox 1304 1880 1388 1942; x_wconf 85' lang='lat' dir='ltr'><strong>Tuae</strong></span> <span class='ocrx_word' id='word_1_162' title='bbox 1417 1882 1497 1958; x_wconf 89' lang='lat' dir='ltr'><strong>auls,</strong></span> 
     </span>
     <span class='ocr_line' id='line_1_18' title="bbox 138 1966 1500 2051; baseline -0.001 -20"><span class='ocrx_word' id='word_1_163' title='bbox 138 1979 174 2031; x_wconf 90' lang='lat' dir='ltr'><strong>ut</strong></span> <span class='ocrx_word' id='word_1_164' title='bbox 197 1967 345 2046; x_wconf 88' lang='lat' dir='ltr'><strong>quaedam</strong></span> <span class='ocrx_word' id='word_1_165' title='bbox 367 1968 480 2044; x_wconf 85' lang='lat' dir='ltr'><strong>opticus</strong></span> <span class='ocrx_word' id='word_1_166' title='bbox 502 1966 698 2040; x_wconf 90' lang='lat' dir='ltr'><strong>theoremata,</strong></span> <span class='ocrx_word' id='word_1_167' title='bbox 726 1966 825 2043; x_wconf 89' lang='lat' dir='ltr'><strong>specle</strong></span> <span class='ocrx_word' id='word_1_168' title='bbox 849 1967 974 2043; x_wconf 85' lang='lat' dir='ltr'><strong>exigua,</strong></span> <span class='ocrx_word' id='word_1_169' title='bbox 996 1966 1049 2026; x_wconf 90' lang='lat' dir='ltr'><strong>sed</strong></span> <span class='ocrx_word' id='word_1_170' title='bbox 1071 1985 1169 2051; x_wconf 87' lang='lat' dir='ltr'><strong>rerum</strong></span> <span class='ocrx_word' id='word_1_171' title='bbox 1190 1968 1386 2028; x_wconf 87' lang='lat' dir='ltr'><strong>maximarum</strong></span> <span class='ocrx_word' id='word_1_172' title='bbox 1407 1972 1500 2030; x_wconf 91' lang='lat' dir='ltr'><strong>aemi-</strong></span> 
     </span>
     <span class='ocr_line' id='line_1_19' title="bbox 136 2052 1499 2133; baseline -0.001 -14"><span class='ocrx_word' id='word_1_173' title='bbox 136 2058 239 2132; x_wconf 87' lang='lat' dir='ltr'><strong>naria,</strong></span> <span class='ocrx_word' id='word_1_174' title='bbox 266 2054 447 2133; x_wconf 89' lang='lat' dir='ltr'><strong>percolenda</strong></span> <span class='ocrx_word' id='word_1_175' title='bbox 476 2061 506 2129; x_wconf 80' lang='lat' dir='ltr'><strong>et</strong></span> <span class='ocrx_word' id='word_1_176' title='bbox 534 2054 663 2131; x_wconf 89' lang='lat' dir='ltr'><strong>penitius</strong></span> <span class='ocrx_word' id='word_1_177' title='bbox 686 2052 868 2114; x_wconf 87' lang='lat' dir='ltr'><strong>enucleanda</strong></span> <span class='ocrx_word' id='word_1_178' title='bbox 897 2069 1054 2114; x_wconf 87' lang='lat' dir='ltr'><strong>censerem.</strong></span> <span class='ocrx_word' id='word_1_179' title='bbox 1101 2053 1190 2131; x_wconf 82' lang='lat' dir='ltr'><strong>Quod</strong></span> <span class='ocrx_word' id='word_1_180' title='bbox 1211 2071 1309 2116; x_wconf 91' lang='lat' dir='ltr'><strong>meum</strong></span> <span class='ocrx_word' id='word_1_181' title='bbox 1331 2057 1499 2118; x_wconf 89' lang='lat' dir='ltr'><strong>institutum</strong></span> 
     </span>
     <span class='ocr_line' id='line_1_20' title="bbox 135 2140 1500 2223; baseline -0.001 -18"><span class='ocrx_word' id='word_1_182' title='bbox 135 2151 299 2223; x_wconf 82' lang='lat' dir='ltr'><strong>postquam</strong></span> <span class='ocrx_word' id='word_1_183' title='bbox 321 2142 355 2206; x_wconf 85' lang='lat' dir='ltr'><strong>C.</strong></span> <span class='ocrx_word' id='word_1_184' title='bbox 376 2143 418 2202; x_wconf 76' lang='lat' dir='ltr'><strong>bt</strong></span> <span class='ocrx_word' id='word_1_185' title='bbox 442 2141 509 2201; x_wconf 81' lang='lat' dir='ltr'><strong>Tua</strong></span> <span class='ocrx_word' id='word_1_186' title='bbox 529 2141 677 2218; x_wconf 83' lang='lat' dir='ltr'><strong>probavit,</strong></span> <span class='ocrx_word' id='word_1_187' title='bbox 701 2158 817 2201; x_wconf 88' lang='lat' dir='ltr'><strong>summa</strong></span> <span class='ocrx_word' id='word_1_188' title='bbox 838 2156 906 2200; x_wconf 92' lang='lat' dir='ltr'><strong>cum</strong></span> <span class='ocrx_word' id='word_1_189' title='bbox 927 2140 1073 2202; x_wconf 90' lang='lat' dir='ltr'><strong>industria</strong></span> <span class='ocrx_word' id='word_1_190' title='bbox 1090 2144 1227 2220; x_wconf 84' lang='lat' dir='ltr'><strong>persequi</strong></span> <span class='ocrx_word' id='word_1_191' title='bbox 1243 2143 1338 2221; x_wconf 88' lang='lat' dir='ltr'><strong>coepi,</strong></span> <span class='ocrx_word' id='word_1_192' title='bbox 1361 2160 1500 2222; x_wconf 89' lang='lat' dir='ltr'><strong>compor-</strong></span> 
     </span>
     <span class='ocr_line' id='line_1_21' title="bbox 136 2225 1500 2310; baseline -0.001 -15"><span class='ocrx_word' id='word_1_193' title='bbox 136 2234 211 2294; x_wconf 86' lang='lat' dir='ltr'><strong>tatia</strong></span> <span class='ocrx_word' id='word_1_194' title='bbox 223 2238 254 2293; x_wconf 92' lang='lat' dir='ltr'><strong>et</strong></span> <span class='ocrx_word' id='word_1_195' title='bbox 266 2234 295 2291; x_wconf 90' lang='lat' dir='ltr'><strong>in</strong></span> <span class='ocrx_word' id='word_1_196' title='bbox 309 2231 433 2291; x_wconf 80' lang='lat' dir='ltr'><strong>formam</strong></span> <span class='ocrx_word' id='word_1_197' title='bbox 447 2230 515 2290; x_wconf 87' lang='lat' dir='ltr'><strong>libri</strong></span> <span class='ocrx_word' id='word_1_198' title='bbox 530 2227 667 2303; x_wconf 90' lang='lat' dir='ltr'><strong>redactis,</strong></span> <span class='ocrx_word' id='word_1_199' title='bbox 683 2242 760 2305; x_wconf 91' lang='lat' dir='ltr'><strong>quaa</strong></span> <span class='ocrx_word' id='word_1_200' title='bbox 775 2225 824 2288; x_wconf 84' lang='lat' dir='ltr'><strong>vel</strong></span> <span class='ocrx_word' id='word_1_201' title='bbox 840 2226 910 2288; x_wconf 88' lang='lat' dir='ltr'><strong>olim</strong></span> <span class='ocrx_word' id='word_1_202' title='bbox 926 2231 958 2288; x_wconf 93' lang='lat' dir='ltr'><strong>in</strong></span> <span class='ocrx_word' id='word_1_203' title='bbox 971 2228 1081 2308; x_wconf 88' lang='lat' dir='ltr'><strong>Styria,</strong></span> <span class='ocrx_word' id='word_1_204' title='bbox 1103 2230 1336 2291; x_wconf 81' lang='lat' dir='ltr'><strong>Prouincialium</strong></span> <span class='ocrx_word' id='word_1_205' title='bbox 1349 2232 1500 2310; x_wconf 88' lang='lat' dir='ltr'><strong>stipendia</strong></span> 
     </span>
     <span class='ocr_line' id='line_1_22' title="bbox 135 2314 1498 2394; baseline -0.001 -11"><span class='ocrx_word' id='word_1_206' title='bbox 135 2321 460 2394; x_wconf 70' lang='lat' dir='ltr'><strong>marana-inveneram,</strong></span> <span class='ocrx_word' id='word_1_207' title='bbox 473 2316 521 2376; x_wconf 85' lang='lat' dir='ltr'><strong>vel</strong></span> <span class='ocrx_word' id='word_1_208' title='bbox 536 2319 665 2376; x_wconf 84' lang='lat' dir='ltr'><strong>inventis</strong></span> <span class='ocrx_word' id='word_1_209' title='bbox 679 2322 762 2376; x_wconf 87' lang='lat' dir='ltr'><strong>erant</strong></span> <span class='ocrx_word' id='word_1_210' title='bbox 776 2314 1021 2393; x_wconf 86' lang='lat' dir='ltr'><strong>supperaddends</strong></span> <span class='ocrx_word' id='word_1_211' title='bbox 1022 2358 1131 2380; x_wconf 87' lang='grc'><strong>.....</strong></span> <span class='ocrx_word' id='word_1_212' title='bbox 1163 2315 1205 2378; x_wconf 91' lang='lat' dir='ltr'><strong>Ut</strong></span> <span class='ocrx_word' id='word_1_213' title='bbox 1219 2334 1289 2379; x_wconf 84' lang='lat' dir='ltr'><strong>vero</strong></span> <span class='ocrx_word' id='word_1_214' title='bbox 1306 2317 1385 2379; x_wconf 90' lang='lat' dir='ltr'><strong>hunc</strong></span> <span class='ocrx_word' id='word_1_215' title='bbox 1399 2337 1498 2381; x_wconf 89' lang='lat' dir='ltr'><strong>meum</strong></span> 
     </span>
    </p>
   </div>
   <div class='ocr_carea' id='block_1_3' title="bbox 134 2400 1603 2485">
    <p class='ocr_par' dir='ltr' id='par_1_5' title="bbox 134 2400 1603 2485">
     <span class='ocr_line' id='line_1_23' title="bbox 134 2400 1603 2485; baseline -0.002 -16"><span class='ocrx_word' id='word_1_216' title='bbox 134 2407 271 2470; x_wconf 88' lang='lat' dir='ltr'><strong>libellum</strong></span> <span class='ocrx_word' id='word_1_217' title='bbox 292 2409 323 2466; x_wconf 93' lang='lat' dir='ltr'><strong>in</strong></span> <span class='ocrx_word' id='word_1_218' title='bbox 345 2411 535 2483; x_wconf 89' lang='lat' dir='ltr'><strong>conspectum</strong></span> <span class='ocrx_word' id='word_1_219' title='bbox 557 2403 589 2466; x_wconf 82' lang='lat' dir='ltr'><strong>S.</strong></span> <span class='ocrx_word' id='word_1_220' title='bbox 613 2404 648 2465; x_wconf 76' lang='lat' dir='ltr'><strong>(i.</strong></span> <span class='ocrx_word' id='word_1_221' title='bbox 670 2403 713 2463; x_wconf 92' lang='lat' dir='ltr'><strong>M.</strong></span> <span class='ocrx_word' id='word_1_222' title='bbox 736 2403 820 2464; x_wconf 80' lang='lat' dir='ltr'><strong>Tuae</strong></span> <span class='ocrx_word' id='word_1_223' title='bbox 842 2402 1017 2465; x_wconf 90' lang='lat' dir='ltr'><strong>adducerem</strong></span> <span class='ocrx_word' id='word_1_224' title='bbox 1039 2422 1166 2482; x_wconf 88' lang='lat' dir='ltr'><strong>sumque</strong></span> <span class='ocrx_word' id='word_1_225' title='bbox 1188 2406 1244 2466; x_wconf 87' lang='lat' dir='ltr'><strong>sub</strong></span> <span class='ocrx_word' id='word_1_226' title='bbox 1266 2405 1356 2482; x_wconf 84' lang='lat' dir='ltr'><strong>hujus</strong></span> <span class='ocrx_word' id='word_1_227' title='bbox 1376 2411 1498 2485; x_wconf 75' lang='lat' dir='ltr'><strong>augusti</strong></span> <span class='ocrx_word' id='word_1_228' title='bbox 1600 2400 1603 2405; x_wconf 75' lang='grc'><strong>’</strong></span> 
     </span>
    </p>
   </div>
   <div class='ocr_carea' id='block_1_4' title="bbox 130 2490 1499 2835">
    <p class='ocr_par' dir='ltr' id='par_1_6' title="bbox 130 2490 1499 2835">
     <span class='ocr_line' id='line_1_24' title="bbox 135 2490 1498 2571; baseline 0 -13"><span class='ocrx_word' id='word_1_229' title='bbox 135 2497 267 2558; x_wconf 86' lang='lat' dir='ltr'><strong>nominis</strong></span> <span class='ocrx_word' id='word_1_230' title='bbox 288 2494 413 2555; x_wconf 90' lang='lat' dir='ltr'><strong>tutelam</strong></span> <span class='ocrx_word' id='word_1_231' title='bbox 435 2490 680 2565; x_wconf 87' lang='lat' dir='ltr'><strong>commendarem,</strong></span> <span class='ocrx_word' id='word_1_232' title='bbox 704 2493 803 2551; x_wconf 88' lang='lat' dir='ltr'><strong>omnis</strong></span> <span class='ocrx_word' id='word_1_233' title='bbox 824 2508 939 2552; x_wconf 91' lang='lat' dir='ltr'><strong>summa</strong></span> <span class='ocrx_word' id='word_1_234' title='bbox 961 2490 1128 2555; x_wconf 90' lang='lat' dir='ltr'><strong>suadebant</strong></span> <span class='ocrx_word' id='word_1_235' title='bbox 1150 2493 1261 2554; x_wconf 84' lang='lat' dir='ltr'><strong>cilicia:</strong></span> <span class='ocrx_word' id='word_1_236' title='bbox 1292 2501 1326 2553; x_wconf 91' lang='lat' dir='ltr'><strong>ut</strong></span> <span class='ocrx_word' id='word_1_237' title='bbox 1347 2495 1498 2571; x_wconf 89' lang='lat' dir='ltr'><strong>quiahoc</strong></span> 
     </span>
     <span class='ocr_line' id='line_1_25' title="bbox 135 2579 1499 2662; baseline -0.002 -16"><span class='ocrx_word' id='word_1_238' title='bbox 135 2591 270 2662; x_wconf 88' lang='lat' dir='ltr'><strong>ternpore</strong></span> <span class='ocrx_word' id='word_1_239' title='bbox 291 2581 335 2642; x_wconf 83' lang='lat' dir='ltr'><strong>bt.</strong></span> <span class='ocrx_word' id='word_1_240' title='bbox 357 2581 434 2656; x_wconf 77' lang='lat' dir='ltr'><strong>Tua,</strong></span> <span class='ocrx_word' id='word_1_241' title='bbox 457 2579 536 2641; x_wconf 92' lang='lat' dir='ltr'><strong>bello</strong></span> <span class='ocrx_word' id='word_1_242' title='bbox 559 2587 661 2641; x_wconf 88' lang='lat' dir='ltr'><strong>contre</strong></span> <span class='ocrx_word' id='word_1_243' title='bbox 682 2579 795 2640; x_wconf 79' lang='lat' dir='ltr'><strong>Tuscae</strong></span> <span class='ocrx_word' id='word_1_244' title='bbox 816 2581 947 2639; x_wconf 92' lang='lat' dir='ltr'><strong>omnium</strong></span> <span class='ocrx_word' id='word_1_245' title='bbox 968 2582 1099 2642; x_wconf 83' lang='lat' dir='ltr'><strong>maximo</strong></span> <span class='ocrx_word' id='word_1_246' title='bbox 1122 2588 1152 2642; x_wconf 92' lang='lat' dir='ltr'><strong>et</strong></span> <span class='ocrx_word' id='word_1_247' title='bbox 1174 2583 1412 2643; x_wconf 78' lang='lat' dir='ltr'><strong>sumtuoshsimo</strong></span> <span class='ocrx_word' id='word_1_248' title='bbox 1434 2581 1499 2643; x_wconf 89' lang='lat' dir='ltr'><strong>dis·</strong></span> 
     </span>
     <span class='ocr_line' id='line_1_26' title="bbox 130 2666 1498 2748; baseline -0.001 -14"><span class='ocrx_word' id='word_1_249' title='bbox 130 2675 238 2744; x_wconf 64' lang='lat' dir='ltr'><strong>&#39;trietm</strong></span> <span class='ocrx_word' id='word_1_250' title='bbox 267 2686 327 2730; x_wconf 93' lang='lat' dir='ltr'><strong>uon</strong></span> <span class='ocrx_word' id='word_1_251' title='bbox 358 2678 457 2729; x_wconf 75' lang='lat' dir='ltr'><strong>minen</strong></span> <span class='ocrx_word' id='word_1_252' title='bbox 486 2666 658 2728; x_wconf 81' lang='lat' dir='ltr'><strong>indonatum</strong></span> <span class='ocrx_word' id='word_1_253' title='bbox 685 2669 891 2744; x_wconf 91' lang='lat' dir='ltr'><strong>praetermittit</strong></span> <span class='ocrx_word' id='word_1_254' title='bbox 926 2670 1135 2729; x_wconf 86' lang='lat' dir='ltr'><strong>astronomiam</strong></span> <span class='ocrx_word' id='word_1_255' title='bbox 1173 2685 1279 2745; x_wconf 90' lang='lat' dir='ltr'><strong>meque</strong></span> <span class='ocrx_word' id='word_1_256' title='bbox 1308 2668 1498 2748; x_wconf 80' lang='lat' dir='ltr'><strong>Tychonioae</strong></span> 
     </span>
     <span class='ocr_line' id='line_1_27' title="bbox 136 2755 1497 2835; baseline -0.002 -14"><span class='ocrx_word' id='word_1_257' title='bbox 136 2761 338 2821; x_wconf 81' lang='lat' dir='ltr'><strong>astronomiae</strong></span> <span class='ocrx_word' id='word_1_258' title='bbox 354 2756 494 2817; x_wconf 85' lang='lat' dir='ltr'><strong>devotum</strong></span> <span class='ocrx_word' id='word_1_259' title='bbox 509 2755 624 2815; x_wconf 86' lang='lat' dir='ltr'><strong>liberali</strong></span> <span class='ocrx_word' id='word_1_260' title='bbox 639 2755 758 2829; x_wconf 88' lang='lat' dir='ltr'><strong>salario,</strong></span> <span class='ocrx_word' id='word_1_261' title='bbox 781 2755 867 2832; x_wconf 86' lang='lat' dir='ltr'><strong>cujus</strong></span> <span class='ocrx_word' id='word_1_262' title='bbox 889 2770 946 2832; x_wconf 92' lang='lat' dir='ltr'><strong>ope</strong></span> <span class='ocrx_word' id='word_1_263' title='bbox 968 2757 1026 2816; x_wconf 90' lang='lat' dir='ltr'><strong>ista</strong></span> <span class='ocrx_word' id='word_1_264' title='bbox 1040 2756 1160 2835; x_wconf 84' lang='lat' dir='ltr'><strong>perleui,</strong></span> <span class='ocrx_word' id='word_1_265' title='bbox 1181 2756 1327 2817; x_wconf 89' lang='lat' dir='ltr'><strong>hacteuus</strong></span> <span class='ocrx_word' id='word_1_266' title='bbox 1340 2765 1497 2834; x_wconf 88' lang='lat' dir='ltr'><strong>sustentat,</strong></span> 
     </span>
    </p>
   </div>
   <div class='ocr_carea' id='block_1_5' title="bbox 136 2840 1615 2925">
    <p class='ocr_par' dir='ltr' id='par_1_7' title="bbox 136 2840 1615 2925">
     <span class='ocr_line' id='line_1_28' title="bbox 136 2840 1615 2925; baseline -0.003 -18"><span class='ocrx_word' id='word_1_267' title='bbox 136 2864 194 2925; x_wconf 86' lang='lat' dir='ltr'><strong>ego</strong></span> <span class='ocrx_word' id='word_1_268' title='bbox 217 2847 349 2907; x_wconf 80' lang='lat' dir='ltr'><strong>vicissim</strong></span> <span class='ocrx_word' id='word_1_269' title='bbox 372 2860 557 2921; x_wconf 88' lang='lat' dir='ltr'><strong>quacumque</strong></span> <span class='ocrx_word' id='word_1_270' title='bbox 586 2859 704 2919; x_wconf 87' lang='lat' dir='ltr'><strong>possem</strong></span> <span class='ocrx_word' id='word_1_271' title='bbox 725 2842 842 2903; x_wconf 86' lang='lat' dir='ltr'><strong>ratione</strong></span> <span class='ocrx_word' id='word_1_272' title='bbox 863 2842 1073 2919; x_wconf 75' lang='lat' dir='ltr'><strong>gratitudinem</strong></span> <span class='ocrx_word' id='word_1_273' title='bbox 1096 2862 1207 2919; x_wconf 89' lang='lat' dir='ltr'><strong>meam,</strong></span> <span class='ocrx_word' id='word_1_274' title='bbox 1232 2847 1292 2903; x_wconf 92' lang='lat' dir='ltr'><strong>imo</strong></span> <span class='ocrx_word' id='word_1_275' title='bbox 1313 2851 1345 2905; x_wconf 92' lang='lat' dir='ltr'><strong>et</strong></span> <span class='ocrx_word' id='word_1_276' title='bbox 1362 2845 1496 2922; x_wconf 85' lang='lat' dir='ltr'><strong>justissl-</strong></span> <span class='ocrx_word' id='word_1_277' title='bbox 1612 2840 1615 2847; x_wconf 88' lang='grc'><strong><em>’</em></strong></span> 
     </span>
    </p>
   </div>
   <div class='ocr_carea' id='block_1_6' title="bbox 133 2929 1501 4157">
    <p class='ocr_par' dir='ltr' id='par_1_8' title="bbox 134 2929 1495 3098">
     <span class='ocr_line' id='line_1_29' title="bbox 134 2929 1495 3011; baseline 0 -16"><span class='ocrx_word' id='word_1_278' title='bbox 134 2952 218 2995; x_wconf 89' lang='lat' dir='ltr'><strong>mum</strong></span> <span class='ocrx_word' id='word_1_279' title='bbox 246 2935 422 3011; x_wconf 87' lang='lat' dir='ltr'><strong>obsequium</strong></span> <span class='ocrx_word' id='word_1_280' title='bbox 451 2929 635 2992; x_wconf 88' lang='lat' dir='ltr'><strong>ostenderem</strong></span> <span class='ocrx_word' id='word_1_281' title='bbox 666 2937 697 2990; x_wconf 92' lang='lat' dir='ltr'><strong>et</strong></span> <span class='ocrx_word' id='word_1_282' title='bbox 723 2931 836 3007; x_wconf 84' lang='lat' dir='ltr'><strong>regiam</strong></span> <span class='ocrx_word' id='word_1_283' title='bbox 864 2929 942 2990; x_wconf 92' lang='lat' dir='ltr'><strong>hanc</strong></span> <span class='ocrx_word' id='word_1_284' title='bbox 972 2933 1002 2989; x_wconf 92' lang='lat' dir='ltr'><strong>in</strong></span> <span class='ocrx_word' id='word_1_285' title='bbox 1033 2932 1172 2992; x_wconf 89' lang='lat' dir='ltr'><strong>liberales</strong></span> <span class='ocrx_word' id='word_1_286' title='bbox 1202 2938 1280 2991; x_wconf 89' lang='lat' dir='ltr'><strong>artes</strong></span> <span class='ocrx_word' id='word_1_287' title='bbox 1309 2931 1495 2995; x_wconf 85' lang='lat' dir='ltr'><strong>allectionem</strong></span> 
     </span>
     <span class='ocr_line' id='line_1_30' title="bbox 135 3016 1274 3098; baseline -0.004 -15"><span class='ocrx_word' id='word_1_288' title='bbox 135 3039 295 3086; x_wconf 81' lang='lat' dir='ltr'><strong>venerarer</strong></span> <span class='ocrx_word' id='word_1_289' title='bbox 314 3038 426 3098; x_wconf 88' lang='lat' dir='ltr'><strong>proque</strong></span> <span class='ocrx_word' id='word_1_290' title='bbox 448 3036 515 3080; x_wconf 88' lang='lat' dir='ltr'><strong>mea</strong></span> <span class='ocrx_word' id='word_1_291' title='bbox 538 3017 616 3079; x_wconf 81' lang='lat' dir='ltr'><strong>virili</strong></span> <span class='ocrx_word' id='word_1_292' title='bbox 637 3024 721 3094; x_wconf 89' lang='lat' dir='ltr'><strong>parte</strong></span> <span class='ocrx_word' id='word_1_293' title='bbox 744 3016 784 3078; x_wconf 95' lang='lat' dir='ltr'><strong>ad</strong></span> <span class='ocrx_word' id='word_1_294' title='bbox 804 3019 1009 3095; x_wconf 89' lang='lat' dir='ltr'><strong>posteritatem</strong></span> <span class='ocrx_word' id='word_1_295' title='bbox 1031 3018 1274 3080; x_wconf 89' lang='lat' dir='ltr'><strong>commendarem.</strong></span> 
     </span>
    </p>

    <p class='ocr_par' dir='ltr' id='par_1_9' title="bbox 133 3103 1501 4157">
     <span class='ocr_line' id='line_1_31' title="bbox 243 3103 1497 3193; baseline 0.002 -25"><span class='ocrx_word' id='word_1_296' title='bbox 243 3108 358 3184; x_wconf 90' lang='lat' dir='ltr'><strong>Quodsi</strong></span> <span class='ocrx_word' id='word_1_297' title='bbox 379 3106 452 3185; x_wconf 89' lang='lat' dir='ltr'><strong>qnid</strong></span> <span class='ocrx_word' id='word_1_298' title='bbox 473 3113 518 3167; x_wconf 91' lang='lat' dir='ltr'><strong>est</strong></span> <span class='ocrx_word' id='word_1_299' title='bbox 539 3107 569 3165; x_wconf 92' lang='lat' dir='ltr'><strong>in</strong></span> <span class='ocrx_word' id='word_1_300' title='bbox 592 3106 649 3165; x_wconf 91' lang='lat' dir='ltr'><strong>hoc</strong></span> <span class='ocrx_word' id='word_1_301' title='bbox 673 3123 770 3182; x_wconf 87' lang='lat' dir='ltr'><strong>opere,</strong></span> <span class='ocrx_word' id='word_1_302' title='bbox 794 3103 875 3193; x_wconf 74' lang='lat' dir='ltr'><strong>quod</strong></span> <span class='ocrx_word' id='word_1_303' title='bbox 895 3104 968 3164; x_wconf 92' lang='lat' dir='ltr'><strong>mihi</strong></span> <span class='ocrx_word' id='word_1_304' title='bbox 989 3104 1129 3167; x_wconf 86' lang='lat' dir='ltr'><strong>fiduciam</strong></span> <span class='ocrx_word' id='word_1_305' title='bbox 1151 3106 1260 3167; x_wconf 85' lang='lat' dir='ltr'><strong>addere</strong></span> <span class='ocrx_word' id='word_1_306' title='bbox 1274 3105 1383 3168; x_wconf 87' lang='lat' dir='ltr'><strong>debeat</strong></span> <span class='ocrx_word' id='word_1_307' title='bbox 1398 3125 1497 3170; x_wconf 91' lang='lat' dir='ltr'><strong>coram</strong></span> 
     </span>
     <span class='ocr_line' id='line_1_32' title="bbox 134 3192 1499 3274; baseline 0.001 -16"><span class='ocrx_word' id='word_1_308' title='bbox 134 3196 179 3259; x_wconf 85' lang='lat' dir='ltr'><strong>lt.</strong></span> <span class='ocrx_word' id='word_1_309' title='bbox 209 3196 277 3257; x_wconf 82' lang='lat' dir='ltr'><strong>Tua</strong></span> <span class='ocrx_word' id='word_1_310' title='bbox 303 3195 461 3273; x_wconf 90' lang='lat' dir='ltr'><strong>loquendi,</strong></span> <span class='ocrx_word' id='word_1_311' title='bbox 493 3194 551 3254; x_wconf 91' lang='lat' dir='ltr'><strong>hoc</strong></span> <span class='ocrx_word' id='word_1_312' title='bbox 580 3194 712 3271; x_wconf 88' lang='lat' dir='ltr'><strong>protecto</strong></span> <span class='ocrx_word' id='word_1_313' title='bbox 739 3200 806 3254; x_wconf 88' lang='lat' dir='ltr'><strong>est.</strong></span> <span class='ocrx_word' id='word_1_314' title='bbox 823 3237 831 3252; x_wconf 92' lang='lat'><strong>.</strong></span> <span class='ocrx_word' id='word_1_315' title='bbox 848 3236 883 3254; x_wconf 84' lang='lat'><strong>..</strong></span> <span class='ocrx_word' id='word_1_316' title='bbox 906 3192 988 3270; x_wconf 88' lang='lat' dir='ltr'><strong>quod</strong></span> <span class='ocrx_word' id='word_1_317' title='bbox 1017 3211 1083 3254; x_wconf 90' lang='lat' dir='ltr'><strong>cum</strong></span> <span class='ocrx_word' id='word_1_318' title='bbox 1106 3194 1195 3268; x_wconf 88' lang='lat' dir='ltr'><strong>haec,</strong></span> <span class='ocrx_word' id='word_1_319' title='bbox 1226 3201 1289 3253; x_wconf 90' lang='lat' dir='ltr'><strong>tum</strong></span> <span class='ocrx_word' id='word_1_320' title='bbox 1311 3212 1390 3272; x_wconf 90' lang='lat' dir='ltr'><strong>quae</strong></span> <span class='ocrx_word' id='word_1_321' title='bbox 1410 3196 1499 3274; x_wconf 90' lang='lat' dir='ltr'><strong>plura</strong></span> 
     </span>
     <span class='ocr_line' id='line_1_33' title="bbox 136 3280 1497 3362; baseline 0 -16"><span class='ocrx_word' id='word_1_322' title='bbox 136 3283 310 3362; x_wconf 86' lang='lat' dir='ltr'><strong>hujusmodi</strong></span> <span class='ocrx_word' id='word_1_323' title='bbox 333 3286 494 3344; x_wconf 83' lang='lat' dir='ltr'><strong>etiamnum</strong></span> <span class='ocrx_word' id='word_1_324' title='bbox 516 3282 572 3342; x_wconf 91' lang='lat' dir='ltr'><strong>sub</strong></span> <span class='ocrx_word' id='word_1_325' title='bbox 596 3282 732 3341; x_wconf 88' lang='lat' dir='ltr'><strong>manibus</strong></span> <span class='ocrx_word' id='word_1_326' title='bbox 753 3280 868 3355; x_wconf 89' lang='lat' dir='ltr'><strong>habeo,</strong></span> <span class='ocrx_word' id='word_1_327' title='bbox 898 3282 1016 3359; x_wconf 87' lang='lat' dir='ltr'><strong>suscepi</strong></span> <span class='ocrx_word' id='word_1_328' title='bbox 1039 3281 1077 3342; x_wconf 88' lang='lat' dir='ltr'><strong>ad</strong></span> <span class='ocrx_word' id='word_1_329' title='bbox 1100 3280 1262 3343; x_wconf 89' lang='lat' dir='ltr'><strong>ornandam</strong></span> <span class='ocrx_word' id='word_1_330' title='bbox 1284 3284 1497 3360; x_wconf 87' lang='lat' dir='ltr'><strong>professionem</strong></span> 
     </span>
     <span class='ocr_line' id='line_1_34' title="bbox 136 3368 1498 3450; baseline -0.003 -13"><span class='ocrx_word' id='word_1_331' title='bbox 136 3390 248 3447; x_wconf 82' lang='lat' dir='ltr'><strong>meam,</strong></span> <span class='ocrx_word' id='word_1_332' title='bbox 261 3390 351 3450; x_wconf 89' lang='lat' dir='ltr'><strong>quam</strong></span> <span class='ocrx_word' id='word_1_333' title='bbox 361 3372 502 3433; x_wconf 89' lang='lat' dir='ltr'><strong>hactenus</strong></span> <span class='ocrx_word' id='word_1_334' title='bbox 518 3369 560 3428; x_wconf 89' lang='lat' dir='ltr'><strong>M.</strong></span> <span class='ocrx_word' id='word_1_335' title='bbox 572 3368 655 3430; x_wconf 83' lang='lat' dir='ltr'><strong>Tuae</strong></span> <span class='ocrx_word' id='word_1_336' title='bbox 666 3369 754 3446; x_wconf 90' lang='lat' dir='ltr'><strong>jussu</strong></span> <span class='ocrx_word' id='word_1_337' title='bbox 768 3375 799 3430; x_wconf 92' lang='lat' dir='ltr'><strong>et</strong></span> <span class='ocrx_word' id='word_1_338' title='bbox 811 3368 968 3446; x_wconf 90' lang='lat' dir='ltr'><strong>stipendiis</strong></span> <span class='ocrx_word' id='word_1_339' title='bbox 981 3386 1090 3445; x_wconf 86' lang='lat' dir='ltr'><strong>sequor</strong></span> <span class='ocrx_word' id='word_1_340' title='bbox 1105 3387 1171 3430; x_wconf 93' lang='lat' dir='ltr'><strong>cum</strong></span> <span class='ocrx_word' id='word_1_341' title='bbox 1187 3368 1342 3447; x_wconf 89' lang='lat' dir='ltr'><strong>dispendio</strong></span> <span class='ocrx_word' id='word_1_342' title='bbox 1357 3389 1416 3432; x_wconf 92' lang='lat' dir='ltr'><strong>non</strong></span> <span class='ocrx_word' id='word_1_343' title='bbox 1428 3381 1498 3433; x_wconf 89' lang='lat' dir='ltr'><strong>tan-</strong></span> 
     </span>
     <span class='ocr_line' id='line_1_35' title="bbox 135 3455 1498 3536; baseline 0 -14"><span class='ocrx_word' id='word_1_344' title='bbox 135 3470 201 3523; x_wconf 89' lang='lat' dir='ltr'><strong>trrm</strong></span> <span class='ocrx_word' id='word_1_345' title='bbox 216 3459 404 3533; x_wconf 81' lang='lat' dir='ltr'><strong>valetudinis,</strong></span> <span class='ocrx_word' id='word_1_346' title='bbox 414 3457 467 3519; x_wconf 91' lang='lat' dir='ltr'><strong>sed</strong></span> <span class='ocrx_word' id='word_1_347' title='bbox 482 3456 645 3518; x_wconf 89' lang='lat' dir='ltr'><strong>studiorum</strong></span> <span class='ocrx_word' id='word_1_348' title='bbox 661 3459 750 3517; x_wconf 90' lang='lat' dir='ltr'><strong>etiam</strong></span> <span class='ocrx_word' id='word_1_349' title='bbox 764 3455 898 3531; x_wconf 89' lang='lat' dir='ltr'><strong>aliorum,</strong></span> <span class='ocrx_word' id='word_1_350' title='bbox 910 3456 1018 3533; x_wconf 87' lang='lat' dir='ltr'><strong>quibus</strong></span> <span class='ocrx_word' id='word_1_351' title='bbox 1030 3474 1113 3518; x_wconf 89' lang='lat' dir='ltr'><strong>meae</strong></span> <span class='ocrx_word' id='word_1_352' title='bbox 1125 3465 1270 3532; x_wconf 89' lang='lat' dir='ltr'><strong>senectae,</strong></span> <span class='ocrx_word' id='word_1_353' title='bbox 1287 3460 1314 3517; x_wconf 89' lang='lat' dir='ltr'><strong>si</strong></span> <span class='ocrx_word' id='word_1_354' title='bbox 1324 3475 1386 3536; x_wconf 86' lang='lat' dir='ltr'><strong>qna</strong></span> <span class='ocrx_word' id='word_1_355' title='bbox 1398 3460 1498 3522; x_wconf 83' lang='lat' dir='ltr'><strong>lutura</strong></span> 
     </span>
     <span class='ocr_line' id='line_1_36' title="bbox 137 3544 1500 3625; baseline 0.001 -17"><span class='ocrx_word' id='word_1_356' title='bbox 137 3554 193 3621; x_wconf 88' lang='lat' dir='ltr'><strong>cst,</strong></span> <span class='ocrx_word' id='word_1_357' title='bbox 217 3556 248 3609; x_wconf 90' lang='lat' dir='ltr'><strong>et</strong></span> <span class='ocrx_word' id='word_1_358' title='bbox 268 3547 398 3608; x_wconf 79' lang='lat' dir='ltr'><strong>familiae</strong></span> <span class='ocrx_word' id='word_1_359' title='bbox 427 3544 608 3623; x_wconf 82' lang='lat' dir='ltr'><strong>praesidium</strong></span> <span class='ocrx_word' id='word_1_360' title='bbox 637 3561 807 3622; x_wconf 88' lang='lat' dir='ltr'><strong>comparare</strong></span> <span class='ocrx_word' id='word_1_361' title='bbox 830 3551 860 3605; x_wconf 90' lang='lat' dir='ltr'><strong>et</strong></span> <span class='ocrx_word' id='word_1_362' title='bbox 881 3552 1014 3621; x_wconf 88' lang='lat' dir='ltr'><strong>poteram</strong></span> <span class='ocrx_word' id='word_1_363' title='bbox 1037 3554 1067 3605; x_wconf 93' lang='lat' dir='ltr'><strong>et</strong></span> <span class='ocrx_word' id='word_1_364' title='bbox 1089 3547 1250 3606; x_wconf 88' lang='lat' dir='ltr'><strong>amicornm</strong></span> <span class='ocrx_word' id='word_1_365' title='bbox 1270 3544 1384 3622; x_wconf 90' lang='lat' dir='ltr'><strong>jndicio</strong></span> <span class='ocrx_word' id='word_1_366' title='bbox 1410 3547 1500 3625; x_wconf 89' lang='lat' dir='ltr'><strong>plane</strong></span> 
     </span>
     <span class='ocr_line' id='line_1_37' title="bbox 136 3631 1499 3711; baseline 0.001 -14"><span class='ocrx_word' id='word_1_367' title='bbox 136 3636 294 3697; x_wconf 83' lang='lat' dir='ltr'><strong>debebam.</strong></span> <span class='ocrx_word' id='word_1_368' title='bbox 333 3634 458 3711; x_wconf 76' lang='lat' dir='ltr'><strong>Quaen</strong></span> <span class='ocrx_word' id='word_1_369' title='bbox 480 3651 514 3693; x_wconf 90' lang='lat' dir='ltr'><strong>ro</strong></span> <span class='ocrx_word' id='word_1_370' title='bbox 534 3635 559 3691; x_wconf 91' lang='lat' dir='ltr'><strong>si</strong></span> <span class='ocrx_word' id='word_1_371' title='bbox 581 3632 654 3710; x_wconf 89' lang='lat' dir='ltr'><strong>quid</strong></span> <span class='ocrx_word' id='word_1_372' title='bbox 676 3632 715 3692; x_wconf 95' lang='lat' dir='ltr'><strong>ad</strong></span> <span class='ocrx_word' id='word_1_373' title='bbox 736 3649 784 3692; x_wconf 94' lang='lat' dir='ltr'><strong>me</strong></span> <span class='ocrx_word' id='word_1_374' title='bbox 805 3631 950 3699; x_wconf 87' lang='lat' dir='ltr'><strong>redundat</strong></span> <span class='ocrx_word' id='word_1_375' title='bbox 972 3632 1159 3706; x_wconf 88' lang='lat' dir='ltr'><strong>incommodi,</strong></span> <span class='ocrx_word' id='word_1_376' title='bbox 1183 3633 1212 3691; x_wconf 91' lang='lat' dir='ltr'><strong>id</strong></span> <span class='ocrx_word' id='word_1_377' title='bbox 1237 3649 1322 3697; x_wconf 88' lang='lat' dir='ltr'><strong>omne</strong></span> <span class='ocrx_word' id='word_1_378' title='bbox 1343 3634 1499 3698; x_wconf 88' lang='lat' dir='ltr'><strong>mihilerc</strong></span> 
     </span>
     <span class='ocr_line' id='line_1_38' title="bbox 135 3718 1501 3800; baseline -0.001 -16"><span class='ocrx_word' id='word_1_379' title='bbox 135 3722 235 3787; x_wconf 82' lang='lat' dir='ltr'><strong>reddit</strong></span> <span class='ocrx_word' id='word_1_380' title='bbox 258 3731 288 3784; x_wconf 90' lang='lat' dir='ltr'><strong>et</strong></span> <span class='ocrx_word' id='word_1_381' title='bbox 305 3721 470 3800; x_wconf 84' lang='lat' dir='ltr'><strong>jucundum</strong></span> <span class='ocrx_word' id='word_1_382' title='bbox 493 3738 552 3780; x_wconf 92' lang='lat' dir='ltr'><strong>una</strong></span> <span class='ocrx_word' id='word_1_383' title='bbox 573 3721 648 3782; x_wconf 91' lang='lat' dir='ltr'><strong>haec</strong></span> <span class='ocrx_word' id='word_1_384' title='bbox 669 3720 788 3781; x_wconf 90' lang='lat' dir='ltr'><strong>homine</strong></span> <span class='ocrx_word' id='word_1_385' title='bbox 811 3718 960 3780; x_wconf 85' lang='lat' dir='ltr'><strong>Germano</strong></span> <span class='ocrx_word' id='word_1_386' title='bbox 983 3719 1074 3796; x_wconf 89' lang='lat' dir='ltr'><strong>digna</strong></span> <span class='ocrx_word' id='word_1_387' title='bbox 1096 3722 1255 3798; x_wconf 81' lang='lat' dir='ltr'><strong>cogitatio:</strong></span> <span class='ocrx_word' id='word_1_388' title='bbox 1288 3720 1369 3798; x_wconf 90' lang='lat' dir='ltr'><strong>quod</strong></span> <span class='ocrx_word' id='word_1_389' title='bbox 1389 3722 1501 3799; x_wconf 91' lang='lat' dir='ltr'><strong>pulch-</strong></span> 
     </span>
     <span class='ocr_line' id='line_1_39' title="bbox 135 3807 1498 3886; baseline -0.001 -15"><span class='ocrx_word' id='word_1_390' title='bbox 135 3828 202 3873; x_wconf 87' lang='lat' dir='ltr'><strong>ram</strong></span> <span class='ocrx_word' id='word_1_391' title='bbox 226 3812 318 3870; x_wconf 88' lang='lat' dir='ltr'><strong>sitin</strong></span> <span class='ocrx_word' id='word_1_392' title='bbox 340 3812 416 3870; x_wconf 90' lang='lat' dir='ltr'><strong>tanti</strong></span> <span class='ocrx_word' id='word_1_393' title='bbox 438 3810 579 3886; x_wconf 87' lang='lat' dir='ltr'><strong>principis</strong></span> <span class='ocrx_word' id='word_1_394' title='bbox 601 3815 661 3868; x_wconf 86' lang='lat' dir='ltr'><strong>tam</strong></span> <span class='ocrx_word' id='word_1_395' title='bbox 684 3807 817 3868; x_wconf 89' lang='lat' dir='ltr'><strong>honestis</strong></span> <span class='ocrx_word' id='word_1_396' title='bbox 839 3808 992 3884; x_wconf 84' lang='lat' dir='ltr'><strong>obsequiis</strong></span> <span class='ocrx_word' id='word_1_397' title='bbox 1021 3811 1110 3868; x_wconf 88' lang='lat' dir='ltr'><strong>etiam</strong></span> <span class='ocrx_word' id='word_1_398' title='bbox 1132 3810 1205 3869; x_wconf 89' lang='lat' dir='ltr'><strong>mori</strong></span> <span class='ocrx_word' id='word_1_399' title='bbox 1227 3824 1325 3886; x_wconf 89' lang='lat' dir='ltr'><strong>neque</strong></span> <span class='ocrx_word' id='word_1_400' title='bbox 1348 3808 1396 3869; x_wconf 92' lang='lat' dir='ltr'><strong>hio</strong></span> <span class='ocrx_word' id='word_1_401' title='bbox 1418 3810 1498 3872; x_wconf 85' lang='lat' dir='ltr'><strong>viucl</strong></span> 
     </span>
     <span class='ocr_line' id='line_1_40' title="bbox 135 3894 1497 3973; baseline -0.001 -12"><span class='ocrx_word' id='word_1_402' title='bbox 135 3902 248 3961; x_wconf 83' lang='lat' dir='ltr'><strong>sirlate</strong></span> <span class='ocrx_word' id='word_1_403' title='bbox 272 3916 291 3958; x_wconf 92' lang='lat' dir='ltr'><strong>a</strong></span> <span class='ocrx_word' id='word_1_404' title='bbox 313 3899 469 3970; x_wconf 87' lang='lat' dir='ltr'><strong>militibus,</strong></span> <span class='ocrx_word' id='word_1_405' title='bbox 497 3895 551 3957; x_wconf 89' lang='lat' dir='ltr'><strong>aad</strong></span> <span class='ocrx_word' id='word_1_406' title='bbox 573 3913 679 3956; x_wconf 88' lang='lat' dir='ltr'><strong>munus</strong></span> <span class='ocrx_word' id='word_1_407' title='bbox 702 3894 909 3957; x_wconf 87' lang='lat' dir='ltr'><strong>demandatum</strong></span> <span class='ocrx_word' id='word_1_408' title='bbox 933 3912 986 3955; x_wconf 89' lang='lat' dir='ltr'><strong>ceu</strong></span> <span class='ocrx_word' id='word_1_409' title='bbox 1010 3896 1164 3956; x_wconf 90' lang='lat' dir='ltr'><strong>castellum</strong></span> <span class='ocrx_word' id='word_1_410' title='bbox 1192 3895 1354 3973; x_wconf 88' lang='lat' dir='ltr'><strong>quodpiam</strong></span> <span class='ocrx_word' id='word_1_411' title='bbox 1377 3902 1497 3959; x_wconf 88' lang='lat' dir='ltr'><strong>strenue</strong></span> 
     </span>
     <span class='ocr_line' id='line_1_41' title="bbox 133 3982 1495 4069; baseline -0.001 -22"><span class='ocrx_word' id='word_1_412' title='bbox 133 4002 333 4069; x_wconf 83' lang='lat' dir='ltr'><strong>propugnare</strong></span> <span class='ocrx_word' id='word_1_413' title='bbox 372 3984 469 4061; x_wconf 85' lang='lat' dir='ltr'><strong>Quam</strong></span> <span class='ocrx_word' id='word_1_414' title='bbox 492 4001 587 4043; x_wconf 89' lang='lat' dir='ltr'><strong>meam</strong></span> <span class='ocrx_word' id='word_1_415' title='bbox 602 3985 849 4060; x_wconf 82' lang='lat' dir='ltr'><strong>subjectissimum</strong></span> <span class='ocrx_word' id='word_1_416' title='bbox 871 3983 1056 4044; x_wconf 86' lang='lat' dir='ltr'><strong>allectionem</strong></span> <span class='ocrx_word' id='word_1_417' title='bbox 1079 3985 1105 4042; x_wconf 90' lang='lat' dir='ltr'><strong>si</strong></span> <span class='ocrx_word' id='word_1_418' title='bbox 1119 3982 1161 4043; x_wconf 89' lang='lat' dir='ltr'><strong>hd.</strong></span> <span class='ocrx_word' id='word_1_419' title='bbox 1177 3983 1244 4044; x_wconf 73' lang='lat' dir='ltr'><strong>&#39;l&#39;ua</strong></span> <span class='ocrx_word' id='word_1_420' title='bbox 1267 3983 1495 4046; x_wconf 88' lang='lat' dir='ltr'><strong>clementissima</strong></span> 
     </span>
     <span class='ocr_line' id='line_1_42' title="bbox 134 4070 1497 4157; baseline -0.002 -20"><span class='ocrx_word' id='word_1_421' title='bbox 134 4077 323 4157; x_wconf 82' lang='lat' dir='ltr'><strong>probaverit,</strong></span> <span class='ocrx_word' id='word_1_422' title='bbox 351 4083 398 4133; x_wconf 92' lang='lat' dir='ltr'><strong>sat</strong></span> <span class='ocrx_word' id='word_1_423' title='bbox 421 4089 477 4149; x_wconf 88' lang='lat' dir='ltr'><strong>ego</strong></span> <span class='ocrx_word' id='word_1_424' title='bbox 500 4089 547 4132; x_wconf 92' lang='lat' dir='ltr'><strong>me</strong></span> <span class='ocrx_word' id='word_1_425' title='bbox 568 4071 683 4132; x_wconf 79' lang='lat' dir='ltr'><strong>felicem</strong></span> <span class='ocrx_word' id='word_1_426' title='bbox 706 4070 892 4146; x_wconf 80' lang='lat' dir='ltr'><strong>existimabo,</strong></span> <span class='ocrx_word' id='word_1_427' title='bbox 908 4112 917 4130; x_wconf 89' lang='lat'><strong>.</strong></span> <span class='ocrx_word' id='word_1_428' title='bbox 1014 4071 1216 4132; x_wconf 79' lang='lat' dir='ltr'><strong>felicissimum</strong></span> <span class='ocrx_word' id='word_1_429' title='bbox 1240 4088 1327 4146; x_wconf 82' lang='lat' dir='ltr'><strong>vero,</strong></span> <span class='ocrx_word' id='word_1_430' title='bbox 1357 4075 1385 4131; x_wconf 93' lang='lat' dir='ltr'><strong>si</strong></span> <span class='ocrx_word' id='word_1_431' title='bbox 1407 4088 1497 4148; x_wconf 90' lang='lat' dir='ltr'><strong>quam</strong></span> 
     </span>
    </p>
   </div>
   <div class='ocr_carea' id='block_1_7' title="bbox 134 4159 1615 4240">
    <p class='ocr_par' dir='ltr' id='par_1_10' title="bbox 134 4159 1615 4240">
     <span class='ocr_line' id='line_1_43' title="bbox 134 4159 1615 4240; baseline -0.003 -15"><span class='ocrx_word' id='word_1_432' title='bbox 134 4164 282 4225; x_wconf 76' lang='lat' dir='ltr'><strong>hactenm</strong></span> <span class='ocrx_word' id='word_1_433' title='bbox 296 4168 432 4240; x_wconf 85' lang='lat' dir='ltr'><strong>expertus</strong></span> <span class='ocrx_word' id='word_1_434' title='bbox 455 4178 520 4220; x_wconf 91' lang='lat' dir='ltr'><strong>aum</strong></span> <span class='ocrx_word' id='word_1_435' title='bbox 535 4159 638 4221; x_wconf 88' lang='lat' dir='ltr'><strong>eadem</strong></span> <span class='ocrx_word' id='word_1_436' title='bbox 660 4176 708 4220; x_wconf 90' lang='lat' dir='ltr'><strong>me</strong></span> <span class='ocrx_word' id='word_1_437' title='bbox 727 4159 886 4220; x_wconf 86' lang='lat' dir='ltr'><strong>clementia</strong></span> <span class='ocrx_word' id='word_1_438' title='bbox 906 4161 1046 4237; x_wconf 87' lang='lat' dir='ltr'><strong>prosequi</strong></span> <span class='ocrx_word' id='word_1_439' title='bbox 1060 4166 1172 4239; x_wconf 83' lang='lat' dir='ltr'><strong>perget.</strong></span> <span class='ocrx_word' id='word_1_440' title='bbox 1203 4159 1254 4221; x_wconf 78' lang='lat' dir='ltr'><strong>Slc</strong></span> <span class='ocrx_word' id='word_1_441' title='bbox 1268 4161 1346 4220; x_wconf 90' lang='lat' dir='ltr'><strong>enim</strong></span> <span class='ocrx_word' id='word_1_442' title='bbox 1360 4168 1497 4222; x_wconf 89' lang='lat' dir='ltr'><strong>metuen-</strong></span> <span class='ocrx_word' id='word_1_443' title='bbox 1612 4216 1615 4221; x_wconf 89' lang='lat'>.</span> 
     </span>
    </p>
   </div>
   <div class='ocr_carea' id='block_1_8' title="bbox 134 4246 1499 4951">
    <p class='ocr_par' dir='ltr' id='par_1_11' title="bbox 134 4246 1499 4858">
     <span class='ocr_line' id='line_1_44' title="bbox 135 4246 1497 4326; baseline -0.004 -13"><span class='ocrx_word' id='word_1_444' title='bbox 135 4251 209 4313; x_wconf 82' lang='lat' dir='ltr'><strong>duas</strong></span> <span class='ocrx_word' id='word_1_445' title='bbox 231 4250 305 4310; x_wconf 86' lang='lat' dir='ltr'><strong>milri</strong></span> <span class='ocrx_word' id='word_1_446' title='bbox 326 4266 514 4326; x_wconf 87' lang='lat' dir='ltr'><strong>nequaquam</strong></span> <span class='ocrx_word' id='word_1_447' title='bbox 538 4250 608 4322; x_wconf 88' lang='lat' dir='ltr'><strong>erit,</strong></span> <span class='ocrx_word' id='word_1_448' title='bbox 637 4265 674 4308; x_wconf 91' lang='lat' dir='ltr'><strong>ne</strong></span> <span class='ocrx_word' id='word_1_449' title='bbox 696 4247 734 4307; x_wconf 90' lang='lat' dir='ltr'><strong>ab</strong></span> <span class='ocrx_word' id='word_1_450' title='bbox 756 4246 814 4308; x_wconf 92' lang='lat' dir='ltr'><strong>hoc</strong></span> <span class='ocrx_word' id='word_1_451' title='bbox 834 4263 902 4307; x_wconf 91' lang='lat' dir='ltr'><strong>meo</strong></span> <span class='ocrx_word' id='word_1_452' title='bbox 924 4264 1059 4322; x_wconf 91' lang='lat' dir='ltr'><strong>munere,</strong></span> <span class='ocrx_word' id='word_1_453' title='bbox 1093 4264 1146 4307; x_wconf 87' lang='lat' dir='ltr'><strong>ceu</strong></span> <span class='ocrx_word' id='word_1_454' title='bbox 1170 4248 1208 4308; x_wconf 93' lang='lat' dir='ltr'><strong>ab</strong></span> <span class='ocrx_word' id='word_1_455' title='bbox 1232 4264 1299 4308; x_wconf 86' lang='lat' dir='ltr'><strong>arce</strong></span> <span class='ocrx_word' id='word_1_456' title='bbox 1322 4265 1405 4308; x_wconf 88' lang='lat' dir='ltr'><strong>meae</strong></span> <span class='ocrx_word' id='word_1_457' title='bbox 1426 4247 1497 4309; x_wconf 81' lang='lat' dir='ltr'><strong>fidei</strong></span> 
     </span>
     <span class='ocr_line' id='line_1_45' title="bbox 134 4332 1498 4417; baseline -0.002 -17"><span class='ocrx_word' id='word_1_458' title='bbox 134 4338 278 4413; x_wconf 85' lang='lat' dir='ltr'><strong>creditae,</strong></span> <span class='ocrx_word' id='word_1_459' title='bbox 300 4338 566 4417; x_wconf 88' lang='lat' dir='ltr'><strong>perniciosissimus</strong></span> <span class='ocrx_word' id='word_1_460' title='bbox 588 4337 696 4396; x_wconf 89' lang='lat' dir='ltr'><strong>artium</strong></span> <span class='ocrx_word' id='word_1_461' title='bbox 718 4334 827 4409; x_wconf 89' lang='lat' dir='ltr'><strong>hostis,</strong></span> <span class='ocrx_word' id='word_1_462' title='bbox 854 4332 1095 4411; x_wconf 88' lang='lat' dir='ltr'><strong>indigentia,</strong></span> <span class='ocrx_word' id='word_1_463' title='bbox 1127 4353 1173 4395; x_wconf 92' lang='lat' dir='ltr'><strong>mc</strong></span> <span class='ocrx_word' id='word_1_464' title='bbox 1195 4335 1274 4395; x_wconf 88' lang='lat' dir='ltr'><strong>lame</strong></span> <span class='ocrx_word' id='word_1_465' title='bbox 1297 4343 1498 4413; x_wconf 85' lang='lat' dir='ltr'><strong>expugnatum</strong></span> 
     </span>
     <span class='ocr_line' id='line_1_46' title="bbox 135 4422 1497 4505; baseline -0.002 -18"><span class='ocrx_word' id='word_1_466' title='bbox 135 4426 277 4505; x_wconf 80' lang='lat' dir='ltr'><strong>dejiciat,</strong></span> <span class='ocrx_word' id='word_1_467' title='bbox 304 4442 400 4503; x_wconf 89' lang='lat' dir='ltr'><strong>neque</strong></span> <span class='ocrx_word' id='word_1_468' title='bbox 423 4423 629 4499; x_wconf 91' lang='lat' dir='ltr'><strong>dubitandum,</strong></span> <span class='ocrx_word' id='word_1_469' title='bbox 657 4422 729 4499; x_wconf 83' lang='lat' dir='ltr'><strong>q‘uin</strong></span> <span class='ocrx_word' id='word_1_470' title='bbox 751 4422 795 4485; x_wconf 87' lang='lat' dir='ltr'><strong>M.</strong></span> <span class='ocrx_word' id='word_1_471' title='bbox 818 4422 885 4482; x_wconf 81' lang='lat' dir='ltr'><strong>Tua</strong></span> <span class='ocrx_word' id='word_1_472' title='bbox 906 4439 957 4482; x_wconf 90' lang='lat' dir='ltr'><strong>eas</strong></span> <span class='ocrx_word' id='word_1_473' title='bbox 980 4422 1051 4482; x_wconf 90' lang='lat' dir='ltr'><strong>mihi</strong></span> <span class='ocrx_word' id='word_1_474' title='bbox 1074 4425 1227 4501; x_wconf 89' lang='lat' dir='ltr'><strong>suppetias</strong></span> <span class='ocrx_word' id='word_1_475' title='bbox 1250 4430 1279 4482; x_wconf 92' lang='lat' dir='ltr'><strong>et</strong></span> <span class='ocrx_word' id='word_1_476' title='bbox 1302 4431 1497 4484; x_wconf 88' lang='lat' dir='ltr'><strong>commeatum</strong></span> 
     </span>
     <span class='ocr_line' id='line_1_47' title="bbox 135 4508 1499 4592; baseline -0.004 -16"><span class='ocrx_word' id='word_1_477' title='bbox 135 4516 266 4576; x_wconf 74' lang='grc' dir='ltr'>ιιιὶιιιιιι</span> <span class='ocrx_word' id='word_1_478' title='bbox 287 4515 326 4574; x_wconf 91' lang='lat' dir='ltr'><strong>sit</strong></span> <span class='ocrx_word' id='word_1_479' title='bbox 347 4516 378 4571; x_wconf 96' lang='lat' dir='ltr'><strong>in</strong></span> <span class='ocrx_word' id='word_1_480' title='bbox 400 4519 542 4592; x_wconf 89' lang='lat' dir='ltr'><strong>tempore,</strong></span> <span class='ocrx_word' id='word_1_481' title='bbox 566 4528 625 4588; x_wconf 89' lang='lat' dir='ltr'><strong>quo</strong></span> <span class='ocrx_word' id='word_1_482' title='bbox 647 4517 766 4589; x_wconf 89' lang='lat' dir='ltr'><strong>recepto</strong></span> <span class='ocrx_word' id='word_1_483' title='bbox 789 4510 973 4572; x_wconf 87' lang='lat' dir='ltr'><strong>obsidionem</strong></span> <span class='ocrx_word' id='word_1_484' title='bbox 994 4510 1120 4571; x_wconf 90' lang='lat' dir='ltr'><strong>tolerare</strong></span> <span class='ocrx_word' id='word_1_485' title='bbox 1141 4508 1336 4586; x_wconf 87' lang='lat' dir='ltr'><strong>tandemque,</strong></span> <span class='ocrx_word' id='word_1_486' title='bbox 1360 4511 1499 4572; x_wconf 90' lang='lat' dir='ltr'><strong>omnibus</strong></span> 
     </span>
     <span class='ocr_line' id='line_1_48' title="bbox 134 4596 1495 4682; baseline -0.001 -21"><span class='ocrx_word' id='word_1_487' title='bbox 134 4603 285 4682; x_wconf 86' lang='lat' dir='ltr'><strong>superatis</strong></span> <span class='ocrx_word' id='word_1_488' title='bbox 307 4600 538 4675; x_wconf 84' lang='lat' dir='ltr'><strong>difficultatibus,</strong></span> <span class='ocrx_word' id='word_1_489' title='bbox 560 4598 674 4676; x_wconf 88' lang='lat' dir='ltr'><strong>reliqua</strong></span> <span class='ocrx_word' id='word_1_490' title='bbox 695 4616 763 4658; x_wconf 84' lang='lat' dir='ltr'><strong>mea</strong></span> <span class='ocrx_word' id='word_1_491' title='bbox 784 4596 883 4660; x_wconf 84' lang='lat' dir='ltr'><strong>studia</strong></span> <span class='ocrx_word' id='word_1_492' title='bbox 905 4598 944 4659; x_wconf 88' lang='lat' dir='ltr'><strong>sd</strong></span> <span class='ocrx_word' id='word_1_493' title='bbox 965 4597 1090 4677; x_wconf 79' lang='lat' dir='ltr'><strong>gloriam</strong></span> <span class='ocrx_word' id='word_1_494' title='bbox 1112 4599 1179 4673; x_wconf 90' lang='lat' dir='ltr'><strong>Dei,</strong></span> <span class='ocrx_word' id='word_1_495' title='bbox 1202 4597 1242 4659; x_wconf 93' lang='lat' dir='ltr'><strong>ad</strong></span> <span class='ocrx_word' id='word_1_496' title='bbox 1264 4597 1495 4661; x_wconf 87' lang='lat' dir='ltr'><strong>celebrationem</strong></span> 
     </span>
     <span class='ocr_line' id='line_1_49' title="bbox 135 4684 1495 4766; baseline -0.004 -15"><span class='ocrx_word' id='word_1_497' title='bbox 135 4690 307 4766; x_wconf 72' lang='lat' dir='ltr'><strong>Maiestatis</strong></span> <span class='ocrx_word' id='word_1_498' title='bbox 335 4688 418 4750; x_wconf 82' lang='lat' dir='ltr'><strong>Tuae</strong></span> <span class='ocrx_word' id='word_1_499' title='bbox 449 4697 478 4749; x_wconf 91' lang='lat' dir='ltr'><strong>et</strong></span> <span class='ocrx_word' id='word_1_500' title='bbox 509 4688 630 4748; x_wconf 88' lang='lat' dir='ltr'><strong>humani</strong></span> <span class='ocrx_word' id='word_1_501' title='bbox 663 4688 778 4765; x_wconf 90' lang='lat' dir='ltr'><strong>generis</strong></span> <span class='ocrx_word' id='word_1_502' title='bbox 812 4684 970 4747; x_wconf 86' lang='lat' dir='ltr'><strong>utilitatem</strong></span> <span class='ocrx_word' id='word_1_503' title='bbox 1000 4687 1179 4765; x_wconf 89' lang='lat' dir='ltr'><strong>spectantia,</strong></span> <span class='ocrx_word' id='word_1_504' title='bbox 1214 4685 1370 4748; x_wconf 81' lang='lat' dir='ltr'><strong>absoluere</strong></span> <span class='ocrx_word' id='word_1_505' title='bbox 1398 4685 1495 4748; x_wconf 81' lang='lat' dir='ltr'><strong>fclici-</strong></span> 
     </span>
     <span class='ocr_line' id='line_1_50' title="bbox 135 4780 1404 4858; baseline -0.005 -18"><span class='ocrx_word' id='word_1_506' title='bbox 135 4788 182 4841; x_wconf 85' lang='lat' dir='ltr'><strong>tar</strong></span> <span class='ocrx_word' id='word_1_507' title='bbox 202 4780 326 4858; x_wconf 88' lang='lat' dir='ltr'><strong>possim.</strong></span> <span class='ocrx_word' id='word_1_508' title='bbox 1396 4814 1404 4823; x_wconf 83' lang='lat'>-</span> 
     </span>
    </p>

    <p class='ocr_par' dir='ltr' id='par_1_12' title="bbox 243 4866 1497 4951">
     <span class='ocr_line' id='line_1_51' title="bbox 243 4866 1497 4951; baseline 0.002 -16"><span class='ocrx_word' id='word_1_509' title='bbox 243 4875 409 4948; x_wconf 79' lang='lat' dir='ltr'><strong>Monidone,</strong></span> <span class='ocrx_word' id='word_1_510' title='bbox 433 4893 515 4949; x_wconf 87' lang='lat' dir='ltr'><strong>quam</strong></span> <span class='ocrx_word' id='word_1_511' title='bbox 532 4877 600 4936; x_wconf 89' lang='lat' dir='ltr'><strong>satis</strong></span> <span class='ocrx_word' id='word_1_512' title='bbox 616 4876 740 4936; x_wconf 88' lang='lat' dir='ltr'><strong>modeste</strong></span> <span class='ocrx_word' id='word_1_513' title='bbox 757 4866 894 4948; x_wconf 76' lang='lat' dir='ltr'><strong>&#39;Keplerus</strong></span> <span class='ocrx_word' id='word_1_514' title='bbox 911 4878 963 4936; x_wconf 89' lang='lat' dir='ltr'><strong>auh</strong></span> <span class='ocrx_word' id='word_1_515' title='bbox 981 4875 1063 4937; x_wconf 85' lang='lat' dir='ltr'><strong>tinem</strong></span> <span class='ocrx_word' id='word_1_516' title='bbox 1085 4881 1190 4950; x_wconf 88' lang='lat' dir='ltr'><strong>moret,</strong></span> <span class='ocrx_word' id='word_1_517' title='bbox 1213 4874 1316 4935; x_wconf 85' lang='lat' dir='ltr'><strong>lactum</strong></span> <span class='ocrx_word' id='word_1_518' title='bbox 1333 4880 1376 4937; x_wconf 86' lang='lat' dir='ltr'><strong>est</strong></span> <span class='ocrx_word' id='word_1_519' title='bbox 1397 4881 1430 4936; x_wconf 88' lang='grc' dir='ltr'><strong>ιιι</strong></span> <span class='ocrx_word' id='word_1_520' title='bbox 1446 4890 1497 4951; x_wconf 87' lang='lat' dir='ltr'><strong>pro</strong></span> 
     </span>
    </p>
   </div>
   <div class='ocr_carea' id='block_1_9' title="bbox 0 0 1659 5534">
    <p class='ocr_par' dir='ltr' id='par_1_13' title="bbox 0 0 1659 5534">
     <span class='ocr_line' id='line_1_52' title="bbox 0 0 1659 5534; baseline 0 0"><span class='ocrx_word' id='word_1_521' title='bbox 0 0 1659 5534; x_wconf 95' lang='lat' dir='ltr'><strong> </strong></span> 
     </span>
    </p>
   </div>
  </div>
 </body>
</html>
