3322 5534
152 376 216 443 942
664 363 1001 437 vrauosnnanepns.

155 551 316 625 tembergia
347 550 481 607 inimicos
511 545 622 606 nullam
660 545 750 604 aliam
788 544 826 604 ob
857 561 919 604 rem
948 559 1042 618 usque
1072 541 1110 602 ad
1139 562 1256 605 annum
1286 552 1370 606 1619
1404 563 1508 607 causam

153 639 316 709 distulisse,
341 654 428 710 qnam
451 634 531 709 quod
554 635 734 710 imperatorii
748 633 910 691 astronomi
925 632 1101 691 auctoritate
1124 649 1185 692 rem
1209 651 1301 692 suam
1316 636 1417 693 minus
1436 651 1507 711 pros·

153 743 221 803 pere
244 740 444 783 successuram
469 739 532 781 esse
561 728 725 797 sperarent,
757 718 936 794 eosdemque
960 728 1022 776 tum
1045 717 1163 778 demum
1186 721 1335 780 omnibns
1359 722 1508 781 riribusir

153 813 303 871 mulierem
331 812 430 868 subito
460 827 497 868 ex
527 817 685 867 accusante
715 822 795 866 ream
824 806 933 865 iactam
964 822 1121 882 aggressos
1151 825 1237 881 esse,
1270 827 1341 868 cum
1365 811 1508 869 acerrimus

152 899 282 958 mulieris
312 897 446 957 defensor
475 895 513 955 ad
544 895 750 972 simpliciorem
781 895 1003 955 Austriscorum
1033 893 1168 953 ordinum
1198 898 1371 956 astronomi
1401 894 1507 973 gradum

154 985 360 1047 descendisset.

258 1073 346 1130 Brevi
376 1078 532 1146 postquam
564 1070 697 1128 Lincium
718 1067 816 1145 Praga
844 1065 1036 1144 demigravit,
1068 1068 1128 1128 alia
1156 1071 1182 1128 ei
1214 1070 1332 1130 accidit
1362 1070 1505 1131 sununs

154 1158 225 1219 Jam
247 1176 324 1216 anno
352 1163 443 1216 lotis.
476 1157 544 1215 dum
568 1156 760 1231 Stultgartiae
791 1164 871 1215 esset
894 1173 912 1214 a
935 1157 1016 1213 Duco
1040 1158 1179 1231 petierat,
1215 1169 1250 1216 ut
1271 1160 1350 1229 sibi,
1377 1157 1505 1234 quondan

155 1249 280 1322 pecnnia
310 1245 429 1320 publica
456 1245 485 1300 in
509 1244 759 1318 Wiirttembergia
780 1246 931 1316 instituto,
962 1246 1008 1300 cni
1033 1244 1070 1299 ob
1094 1243 1124 1301 id
1152 1244 1338 1304 beneficium
1370 1248 1400 1303 in
1431 1246 1505 1321 patria

153 1350 259 1392 munus
283 1331 402 1406 aliquod
425 1333 481 1389 sibi
505 1330 636 1390 oblatum
660 1340 738 1389 esset
761 1329 944 1399 obeundum,
976 1331 1076 1388 liceret
1102 1330 1174 1388 alibi
1199 1348 1314 1391 munus
1339 1335 1429 1401 ioire,
1454 1349 1504 1391 cum

155 1422 184 1477 in
208 1421 259 1477 tali
283 1437 378 1477 rerum
401 1418 593 1493 Progensium
615 1427 695 1476 statu
718 1417 872 1492 probabile
894 1425 988 1488 esset,
1011 1420 1198 1492 imperatoris
1223 1419 1361 1478 citimum
1384 1437 1446 1479 sese
1463 1417 1504 1476 dr·

154 1509 328 1583 positurum.
373 1505 546 1579 Siquidem
570 1507 626 1581 ipsi
649 1508 678 1561 in
702 1508 799 1581 patria
821 1505 957 1563 idoneum
981 1520 1086 1561 munus
1109 1504 1271 1579 traderent,
1299 1508 1429 1567 libenter
1448 1503 1504 1564 illud

154 1611 186 1652 se
209 1611 273 1652 esse
296 1602 515 1668 susceptururn;
546 1591 630 1650 aliter
653 1592 712 1651 alio
742 1592 807 1651 loco
836 1590 1032 1651 conditionem
1062 1591 1118 1649 sibi
1145 1601 1261 1667 patere.
1312 1593 1415 1668 Quum
1435 1595 1505 1669 igitur

156 1681 223 1738 Dux
246 1683 308 1755 ipse
332 1680 454 1754 ejusque
477 1680 636 1739 consiliarii
661 1683 724 1738 riro
747 1699 783 1739 eo
807 1688 935 1756 tempore
955 1679 1018 1753 jnm
1040 1678 1205 1737 clarissimo
1231 1680 1396 1757 Tubingae
1417 1696 1503 1739 munus

153 1770 350 1843 promtissimo
375 1770 473 1825 animo
489 1769 700 1844 promisissent,
725 1766 870 1843 Keplerus
884 1766 964 1824 baud
979 1768 1125 1841 ignorans,
1148 1769 1251 1825 miurus
1267 1767 1367 1827 libera
1382 1767 1418 1828 de
1429 1767 1503 1826 sarda

155 1854 243 1914 rebus
267 1857 395 1929 cogitare
419 1854 612 1931 stuttgartiao
643 1856 848 1915 consistorium
878 1862 907 1913 et
929 1852 1082 1928 Tubingae
1113 1854 1278 1929 collegium
1310 1855 1502 1931 theologicum,

155 1940 312 2001 honestum
335 1945 460 2017 putavit,
485 1943 684 2003 dissensiones
707 1960 776 2004 suas
792 1958 850 2000 non
866 1941 960 2000 celare
976 1957 1084 2015 easque
1100 1939 1205 2000 libello
1221 1941 1261 2021 ad
1279 1942 1399 2002 Ducem
1413 1944 1502 2017 scripto

155 2028 288 2104 pluribus
311 2032 456 2105 exposuit.
488 2029 545 2104 Qui
569 2048 635 2089 cum
658 2050 677 2088 a
699 2031 873 2090 consistorio
892 2029 1065 2086 sententiam
1080 2026 1279 2105 postulasset,
1306 2031 1501 2106 iniquissimum

156 2115 192 2174 de
215 2135 245 2175 re
269 2116 447 2192 Kepleriana
475 2117 619 2192 judicium
641 2117 751 2176 iactum
775 2125 820 2175 ost
842 2123 870 2175 el
892 2114 1055 2191 Keplerus,
1086 2132 1139 2192 spe
1162 2133 1221 2174 sua
1245 2116 1388 2194 deposita
1409 2115 1500 2194 panos

157 2207 310 2277 inservire,
333 2204 459 2279 l‘ragam
482 2205 576 2263 rediit.
600 2208 665 2273 (Cir.
679 2225 706 2276 p.
720 2206 772 2263 rel
786 2222 824 2262 ss.

262 2291 424 2368 Praecipua
439 2291 558 2367 Kepleri
582 2291 725 2350 dissensio
749 2299 811 2350 erat
833 2289 869 2350 de
892 2307 975 2349 sacra
999 2306 1099 2361 coena,
1124 2292 1280 2350 maximae
1304 2301 1407 2351 autem
1426 2290 1499 2349 osen

156 2379 232 2437 sioni
255 2380 359 2451 luerat,
383 2379 462 2453 quod
486 2389 515 2437 ot
539 2379 693 2454 theologos
716 2378 901 2438 Lutberaoae
922 2377 990 2435 fidei
1013 2376 1198 2435 contessores
1223 2395 1295 2437 cum
1321 2396 1426 2439 causae
1445 2373 1499 2435 cal·

157 2467 293 2525 vinianae
316 2469 510 2525 sectatoribus
534 2468 688 2541 benignius
711 2465 818 2525 babere
842 2466 1044 2525 commercium
1067 2463 1250 2540 postularet,
1285 2474 1317 2524 et
1341 2462 1498 2527 Concord'ue

156 2553 312 2612 Formnlao
343 2572 407 2612 sese
440 2557 522 2632 ,sine
553 2555 743 2629 exceptione“
770 2553 997 2628 subscripturum
1022 2559 1151 2627 negaret.
1202 2552 1265 2627 Qui
1293 2571 1364 2613 cum
1389 2552 1497 2613 Linciuu

157 2643 299 2713 venisset,
331 2640 425 2699 Lincii
449 2638 767 2711 sucerdosHitsler‚
798 2647 826 2699 et
854 2641 915 2715 ipse
943 2639 1193 2714 ll'ilrttembergia
1224 2649 1321 2700 natus
1349 2652 1434 2717 atquc
1451 2640 1497 2696 siue

156 2727 246 2786 dubio
269 2745 287 2786 a
310 2727 431 2802 collegis
455 2728 726 2803 ll'iirttembergiois
754 2726 790 2786 de
811 2725 931 2802 Kepleri
954 2726 1035 2784 salsis
1057 2727 1255 2802 opinionibus
1288 2731 1396 2788 certior
1415 2728 1496 2794 lactu,

155 2816 193 2873 sb
222 2832 257 2875 eo
287 2815 504 2890 postulaverat,
535 2824 566 2873 ut
597 2814 777 2873 Concordiae
799 2812 953 2873 Formulae
983 2813 1153 2889 simpliciter
1183 2815 1391 2876 subscriberet
1415 2826 1441 2875 et
1462 2828 1497 2871 rr·

156 2910 287 2975 vocaret,
320 2920 395 2978 quae
424 2902 460 2961 do
490 2902 581 2960 Sacra
609 2902 709 2960 Coena
740 2900 948 2974 dubitavisset,
979 2900 1063 2959 aliter
1093 2899 1177 2959 illam
1210 2904 1240 2961 ei
1266 2898 1496 2962 interdictumiri

156 2988 222 3063 Qua
244 2989 281 3048 dc
304 3007 334 3048 re
358 3009 424 3049 oum
448 3000 633 3048 astronomus
655 2989 694 3047 ad
717 2991 921 3048 consistorium
944 2988 1248 3062 Wiirttembergicum
1273 2989 1410 3066 querelas
1429 2988 1496 3047 detu-

153 3074 250 3149 lisset,
276 3077 352 3147 inde,
376 3077 455 3151 quod
479 3079 597 3135 minime
621 3076 791 3149 mirandum,
814 3076 960 3154 repulsam
982 3074 1089 3134 retulit.
1135 3074 1236 3135 Lincii
1263 3079 1368 3153 itaque
1390 3095 1407 3136 s
1426 3075 1495 3134 sisa

154 3163 254 3222 Coena
277 3164 442 3239 prohibitus
466 3174 494 3222 et
518 3166 601 3239 quasi
625 3173 695 3222 nota
717 3164 854 3222 haeretici
878 3164 997 3222 allectus
1021 3169 1097 3232 erat,
1130 3163 1214 3237 quod
1242 3166 1366 3240 quidem
1390 3161 1495 3239 inprimis

154 3251 282 3310 familiae
307 3269 396 3310 causa
420 3255 579 3326 aegerrime
603 3252 684 3324 tulit,
709 3269 797 3326 qrrarn
820 3251 858 3309 ob
881 3269 939 3309 rem
956 3258 1058 3326 postea
1074 3264 1197 3324 quoquc
1221 3253 1336 3311 iterum
1360 3256 1494 3322 iterumque

153 3339 310 3411 nitebatur,
336 3348 365 3396 ot
389 3339 464 3396 lrrrrrc
489 3338 720 3397 interdictionem
744 3355 762 3395 a
783 3354 815 3396 se
839 3338 995 3397 decuteret.
1040 3335 1106 3410 Qua
1139 3335 1179 3395 de
1211 3355 1245 3398 re
1276 3358 1354 3416 quas
1380 3335 1495 3415 epistolas

152 3424 297 3501 Kepleros
326 3426 363 3483 ad
388 3425 617 3483 Hasenretlerurn
650 3433 678 3484 et
700 3427 848 3502 scripserit
876 3434 905 3483 et
933 3424 970 3484 ab
997 3422 1100 3482 codem
1133 3430 1310 3501 acceperit,
1337 3428 1398 3503 jem
1426 3436 1494 3497 sopri

153 3519 192 3585 (p.
213 3517 264 3570 cil
283 3519 333 3584 ss.)
362 3513 499 3572 traditum
523 3523 581 3586 est3
613 3531 647 3571 er
672 3514 778 3588 quibus
807 3519 942 3588 apparet,
974 3510 1097 3570 condem
1126 3528 1222 3586 quam
1248 3517 1379 3575 maxime
1403 3512 1493 3588 poterat

154 3603 268 3671 veriori,
294 3618 380 3675 qnam
398 3601 504 3659 babere
519 3618 551 3658 so
567 3601 710 3676 putabant
725 3599 980 3674 Wiirttembcrgici
997 3597 1136 3672 theologi,
1162 3599 1361 3661 Lutberanae
1376 3600 1428 3674 legi
1440 3611 1491 3673 pro

154 3691 219 3763 pios
243 3687 380 3747 accedero
404 3688 561 3757 studuisse,
585 3706 656 3745 suae
680 3689 771 3762 ipsius
794 3694 891 3746 autem
914 3687 1076 3745 sentcntiae
1099 3687 1226 3746 minimo
1253 3690 1380 3748 oblitum
1401 3687 1490 3743 diesen·

153 3778 264 3834 sionem
295 3793 378 3833 suam
411 3775 509 3851 palam
540 3776 787 3851 pronunciavisse.
833 3772 1020 3832 calvinianos
1047 3773 1125 3830 onim
1151 3791 1343 3852 oarrsamque
1366 3771 1490 3834 Celsinia-

153 3880 220 3921 nam
250 3863 482 3920 lutheranorum
512 3865 541 3919 in
571 3880 679 3920 morem
711 3861 880 3937 simpliciter
917 3859 1108 3918 condemnare
1140 3862 1250 3938 procul
1287 3864 1388 3923 aberat
1412 3879 1428 3917 a
1449 3855 1489 3911 viri
1540 3866 1542 3877 '

152 3949 323 4021 honestato,
355 3949 535 4008 Concordiae
564 3957 661 4007 autem
684 3948 878 4007 immolasse
901 3949 1133 4024 subscripturum
1157 3966 1227 4008 csse
1252 3951 1448 4028 profitebatur,
1470 3942 1489 3997 si

152 4037 209 4094 sibi
231 4035 339 4109 liceret,
363 4038 526 4113 subscripto
549 4040 659 4095 nomini
683 4055 718 4095 eo
740 4034 860 4107 addere,
883 4036 912 4092 in
935 4035 1041 4109 quibus
1069 4037 1134 4110 ipsc
1158 4036 1346 4098 dissentiret.
1390 4026 1487 4108 Qurde
1540 4052 1542 4097 ἰ

152 4140 182 4180 ro
205 4123 275 4196 quid
298 4122 491 4198 Stuttgartiae
515 4127 717 4182 consistorium
737 4122 923 4199 judicaverit,
946 4122 1022 4180 clare
1044 4131 1172 4199 apparet
1195 4141 1237 4183 ex
1262 4116 1487 4185 insolescentis

153 4211 259 4281 vorbis,
284 4228 359 4284 quae
383 4211 418 4271 de
442 4229 530 4269 causa
545 4210 724 4288 Kepleriana
747 4228 762 4268 e
783 4209 955 4268 consistorio
972 4226 1045 4266 unus
1063 4208 1099 4267 ad
1119 4210 1327 4286 professorem
1343 4211 1485 4282 Tubiogtt·

151 4314 213 4354 scm
236 4299 365 4372 scripsit:
389 4298 563 4373 Betreffend
586 4297 775 4374 Kepplcrnm
795 4296 939 4355 balmon
953 4295 1106 4354 svnaorebr
1131 4301 1190 4356 mit
1213 4301 1359 4376 selbipem
1376 4295 1485 4357 snos

151 4383 317 4440 delicis-rolin
348 4386 421 4460 lang
443 4386 618 4462 gyeirondlot,
650 4387 722 4444 aber
744 4383 960 4458 verpcbenlirb,
989 4383 1057 4441 aad
1085 4383 1162 4442 losse
1190 4403 1228 4444 er
1257 4389 1322 4447 inm
1343 4389 1388 4445 nit
1405 4394 1484 4455 suga

152 4468 230 4529 Mon
244 4471 328 4528 loon
343 4472 416 4531 docte
431 4473 532 4530 beioer
546 4473 682 4531 anderen
697 4475 845 4547 meinung
866 4469 933 4529 orob
947 4473 1040 4527 seinos
1054 4470 1253 4549 ietzbiiptlins
1269 4475 1370 4534 usellen
1382 4466 1483 4530 undet

255 4558 333 4614 Dum
357 4559 450 4618 Lincii
475 4567 545 4631 crat,
569 4560 689 4636 Kepleri
712 4560 869 4636 praecipua
892 4574 980 4633 opera
1002 4555 1082 4615 edita
1106 4569 1194 4617 sunt:
1222 4561 1421 4623 Astronomiss
1439 4551 1483 4611 G&

151 4646 323 4720 pernieanao
347 4646 495 4723 Epitome,
518 4646 688 4720 Hannonis,
717 4648 784 4705 libri
808 4644 1017 4720 chronologici,
1042 4643 1279 4722 premerides,
1309 4638 1482 4710 stereomerir

150 4730 306 4805 doliorum,
341 4732 529 4810 Logarithmi.
579 4735 713 4794 Tabulae
748 4732 953 4811 liudolplrinac
982 4729 1092 4791 ibidem
1125 4735 1274 4797 editionis
1310 4752 1392 4797 causa
1416 4741 1480 4807 pm·

64 4877 65 4881 ,
151 4827 269 4898 persiae
291 4827 368 4884 suot.
400 4820 512 4899 Quibus
529 4822 637 4882 tabulis
653 4826 789 4904 (quarum
811 4829 898 4900 typos
918 4819 1086 4881 numerales
1110 4837 1170 4884 sua
1191 4827 1325 4902 pecunia
1339 4809 1479 4904 ipselintii
