3308 5534
94 424 98 432 '
151 431 219 505 ete
523 438 527 445 ’
662 433 727 490 vie
743 433 859 492 sonus
876 431 996 505 rerer.

256 609 503 689 Bernepgerus
522 608 675 680 Kopiero
694 609 721 666 S.
739 610 770 666 P.
789 609 825 666 D.
861 607 942 677 Quod
959 607 1034 674 ieiix,
1050 608 1173 666 iatrstum
1191 609 1428 682 fortunatumque
1442 614 1508 669 beas

151 712 213 755 esse
227 695 332 769 jubeat,
357 695 505 766 aliquando
523 696 633 752 taudem
650 696 685 752 ad
703 703 744 767 te,
763 697 804 751 vir
820 711 939 766 summe,
963 698 1035 751 viam
1060 696 1219 767 adfectant,
1246 699 1332 755 hodie
1350 714 1415 756 sese
1429 701 1507 757 Μ

150 783 321 842 commissuri
338 782 504 853 neonymphi
522 784 622 853 nostri,
643 798 726 854 gener
747 800 808 840 cum
826 782 897 852 illia;
922 784 969 854 qni
986 782 1051 840 licet
1068 785 1206 855 epistolae
1231 786 1294 842 vice
1312 786 1393 857 iungi
1410 796 1507 856 queat.

151 889 201 943 pro
222 886 284 926 mea
301 875 392 925 tamen
411 870 438 925 ln
459 878 486 925 te
505 871 590 926 veteri
609 871 782 927 observantia
799 877 828 926 et
845 871 936 927 studio
954 872 1029 927 nolui
1047 887 1095 927 eos
1111 873 1221 943 absque
1246 873 1338 929 literis
1355 874 1393 929 ad
1408 882 1435 929 te
1451 875 1506 928 nsit

150 959 297 1023 dimittam
315 957 339 1012 si
357 956 426 1011 nihil
444 955 519 1011 aliud
538 956 742 1025 significatoria,
761 958 857 1019 saltem
876 957 911 1013 de
929 959 1049 1029 peractis
1065 958 1229 1017 felicissime
1253 963 1416 1031 nsptiam
1431 962 1506 1017 wira

151 1046 233 1105 uibus
250 1044 411 1114 ampliorem
433 1042 548 1103 iacturis
565 1042 656 1099 tidem.
690 1044 760 1099 Nam
778 1051 843 1116 post
860 1060 942 1114 aegre
960 1048 1116 1103 submotum
1139 1048 1274 1115 rivalem,
1297 1050 1390 1104 siresa
1412 1049 1505 1119 qaid·

150 1131 228 1191 illum
248 1131 380 1201 optimum
398 1136 426 1185 et
439 1129 589 1199 optabilem
602 1130 712 1185 omnino
730 1128 813 1195 filiae,
831 1129 882 1186 nisi
894 1131 1041 1201 optabilior
1051 1133 1121 1189 alius
1140 1136 1357 1204 supervenisset
1374 1136 1418 1191 rel
1429 1136 1506 1207 parisi

150 1220 344 1290 antevenisset
361 1218 482 1286 itemque
500 1224 564 1287 post
583 1215 708 1287 dispulsa
725 1217 920 1287 impedimenta
936 1219 999 1288 alia,
1019 1235 1091 1289 quae
1109 1220 1169 1288 isti,
1186 1239 1293 1279 munus
1312 1241 1397 1280 sunm
1413 1224 1507 1291 obieeta

150 1306 244 1379 aliqua
260 1302 424 1367 difficultate
442 1303 672 1374 commendaturi,
699 1319 809 1360 morosa
831 1304 986 1376 heuigoitsa
1010 1305 1191 1375 interposuit,
1218 1308 1325 1364 nudius
1344 1309 1505 1377 desi-usa

150 1396 204 1453 tuit
221 1394 248 1453 2.
266 1392 373 1463 Martii)
397 1409 432 1448 ex
450 1399 514 1448 voto
533 1398 627 1449 nostro
645 1393 674 1448 in
692 1392 821 1462 primerio
844 1393 920 1449 urbis
939 1395 1040 1461 templo
1060 1393 1217 1449 Christiano
1242 1396 1299 1449 ritu
1326 1396 1455 1452 ielicahss
1468 1412 1505 1451 aa

151 1482 246 1554 spiciis
263 1482 400 1538 firmatum
425 1479 478 1534 iuit
496 1481 568 1534 inter
585 1487 648 1535 tuos
666 1479 728 1535 illos
745 1479 955 1536 matrimonium.
991 1480 1099 1550 Sponso
1123 1481 1254 1550 parentis
1273 1482 1340 1538 loco
1359 1484 1505 1553 madeas

93 1566 102 1585 '
151 1568 308 1627 memus
325 1574 424 1631 rector,
442 1567 475 1622 D.
496 1566 634 1636 Casperus
653 1564 791 1623 Bitsohius
808 1566 835 1623 J.
855 1566 886 1622 c.
904 1565 1000 1635 adfuit,
1019 1574 1047 1621 et
1065 1574 1213 1637 praeterea
1231 1570 1268 1624 D.
1287 1570 1429 1625 hielchior
1444 1570 1505 1627 Se*

151 1656 227 1730 aius,
239 1672 293 1727 quo
312 1654 447 1711 brabeuta
464 1653 492 1709 in
510 1668 609 1724 magna
627 1652 836 1710 lectissimorum
848 1654 988 1725 hominum
1004 1652 1161 1723 frequentia
1177 1655 1283 1712 medici
1301 1657 1461 1713 demontus
1474 1658 1505 1711 ἰ-

150 1743 210 1801 iula
228 1742 324 1799 eodem
343 1741 390 1796 illo
408 1755 487 1797 mane
506 1747 565 1797 erat
583 1747 705 1808 ornatus,
725 1745 753 1794 et
763 1741 798 1796 Ι).
810 1742 922 1797 Ιιιιιιιιι
933 1739 1089 1799 Malleolus.
1107 1740 1153 1796 coi
1170 1740 1199 1795 in
1219 1743 1403 1812 professione
1418 1740 1505 1799 ntit-

152 1831 254 1888 matioa
278 1844 328 1886 seu
350 1828 468 1885 vicarius
491 1842 540 1883 scu
563 1845 613 1899 pro
632 1843 661 1884 re
679 1834 746 1883 nata
769 1844 912 1885 successor
934 1827 1083 1885 academici
1105 1828 1216 1883 consiiii
1243 1828 1362 1887 decreto
1379 1832 1505 1903 sspu'asa

152 1932 247 1973 mense
265 1916 424 1987 designatus
443 1923 515 1984 erat,
534 1924 563 1971 et
581 1916 698 1984 denique
717 1914 803 1972 irater
820 1914 880 1983 ejus
890 1913 1055 1970 Fridericus.
1081 1915 1152 1984 Ego,
1170 1924 1259 1985 prout
1277 1917 1432 1987 imperasti,
1447 1918 1505 1975 ves

151 2011 217 2061 tuas
236 2002 462 2074 qualitercunque
480 2003 606 2074 sustinrd,
625 2002 737 2072 adjutus
754 2003 789 2058 ab
802 2002 904 2072 optimo
915 2000 1002 2058 fratre
1019 2008 1067 2057 tuo
1081 2002 1287 2072 christophoro
1306 2013 1339 2060 et
1356 2005 1415 2061 tilio
1431 2004 1504 2061 ests

150 2091 220 2149 vieo.
256 2090 381 2163 Sponsae
399 2107 462 2147 cum
481 2098 643 2145 ornamento
666 2097 725 2146 tum
742 2087 879 2160 pracsidio
897 2088 1009 2145 inerunt
1026 2090 1221 2146 ornatissimae
1246 2102 1397 2150 matronas
1413 2095 1503 2162 lma

150 2178 230 2236 rethe
247 2193 326 2233 soror
343 2183 372 2234 et
389 2177 505 2246 patrium
522 2183 571 2231 tua
588 2177 623 2233 D.
643 2174 875 2232 Murohtrencheri
893 2191 971 2232 uxor.
1007 2175 1071 2230 ldca
1089 2177 1175 2247 enim,
1201 2195 1288 2248 quam
1306 2182 1459 2251 pronuba·
1470 2180 1504 2235 'si-

150 2266 213 2323 dem
231 2266 329 2322 adesse
347 2263 467 2333 voluisti,
485 2264 539 2321 hoc
555 2279 611 2318 non
629 2264 728 2334 potuit,
747 2263 867 2320 secundo
885 2271 967 2336 partu
985 2263 1097 2319 filiolam
1115 2278 1208 2335 nuper
1219 2267 1316 2331 enixa,
1335 2270 1417 2339 cujrss
1432 2270 1502 2325 isit'se

151 2354 225 2413 tione
239 2352 393 2409 Christiana
410 2351 517 2407 solenni
534 2357 619 2408 testes
635 2357 665 2407 et
683 2350 761 2421 quasi
780 2365 926 2421 sponsores
938 2366 1069 2421 sponsum
1087 2367 1282 2423 sponsamque
1299 2357 1502 2427 propsidisq

151 2440 252 2498 tiarum
270 2447 301 2496 ut
318 2438 490 2502 adhiberem,
508 2436 537 2492 et
554 2443 665 2492 nostrae
683 2437 892 2494 necessitudinis
904 2439 1005 2494 metius
1018 2438 1070 2493 hoc
1088 2437 1165 2494 tacto
1179 2440 1295 2497 vinculo
1308 2441 1502 2513 adaniae*

152 2536 181 2587 et
199 2544 263 2587 vero
281 2527 353 2583 bene
371 2525 406 2582 de
424 2526 487 2581 nori
506 2523 670 2581 maumonii
687 2523 823 2580 fructibus
851 2523 989 2580 ominandi
1013 2540 1096 2579 causa
1121 2526 1285 2585 iaciendum
1309 2531 1417 2601 putari.
1447 2528 1502 2587 ei

150 2631 220 2687 quos
239 2630 347 2686 quoque
365 2611 527 2669 deducentis
544 2625 661 2682 pompae
679 2610 824 2668 comitatus
844 2626 878 2667 ex
898 2611 1017 2668 omnium
1036 2613 1162 2670 ordinum
1181 2616 1348 2673 lectissimis
1367 2618 1501 2675 hon‘d·

150 2702 276 2772 adeoque
294 2698 362 2755 flore
379 2700 466 2754 totius
484 2697 650 2767 reipublicae
669 2698 799 2770 constitit,
818 2698 890 2755 undo
908 2699 1166 2770 unumquemq
1185 2711 1327 2770 quantam
1346 2722 1402 2761 noa
1418 2716 1501 2761 tut

149 2787 276 2854 vidimus,
295 2784 418 2856 undique
434 2785 504 2854 viae,
522 2800 578 2853 qua
594 2785 802 2855 incesseramus,
820 2787 957 2857 oppletae,
974 2794 1005 2842 ut
1016 2786 1165 2845 cliusorum
1177 2791 1215 2845 ud
1230 2792 1419 2863 spectanda·
1433 2790 1502 2849 Η·

149 2891 215 2933 num
239 2889 370 2933 uumerus
394 2870 614 2941 grandiusculum
638 2872 757 2943 aliquam
781 2875 875 2931 urbem
899 2874 1012 2945 implere
1036 2892 1119 2947 posse
1143 2877 1298 2935 videretur.
1338 2882 1420 2937 llrssc
1433 2881 1501 2937 isse

150 2977 209 3017 rem
226 2975 292 3017 cave
309 2967 389 3030 putes
408 2958 532 3015 habitum
550 2959 597 3013 uni
616 2974 718 3028 sponso
737 2974 918 3032 sponsaeque,
938 2976 1029 3016 verum
1047 2961 1173 3031 inprimis
1191 2972 1221 3020 ct
1240 2967 1324 3035 Tibi,
1344 2968 1424 3038 cnjus
1438 2982 1499 3039 qaae

150 3048 236 3106 sentis
254 3045 463 3118 exoptatissimo
482 3052 632 3114 conspectu
650 3060 710 3100 cnm
729 3042 783 3099 frui
801 3045 881 3101 nobis
898 3044 974 3101 haud
991 3047 1107 3118 licuerit,
1125 3048 1226 3105 sutem
1246 3053 1276 3108 in
1294 3055 1354 3110 tuis
1373 3054 1500 3111 κω

150 3135 260 3191 dinibus
278 3132 503 3204 imaginibusque,
522 3131 580 3187 filia
591 3132 703 3201 inquam
715 3147 825 3202 sponsa,
844 3149 915 3202 quae
932 3134 960 3188 in
974 3135 1103 3191 comitatu
1121 3136 1243 3194 femineo
1263 3141 1344 3196 velut
1361 3144 1500 3211 insessa

148 3224 230 3280 Luna
247 3222 365 3279 minores
383 3219 535 3289 effulserat,
554 3221 674 3290 itemque
692 3218 785 3289 fratre,
805 3235 908 3287 sorore,
927 3219 992 3292 fluo,
1011 3238 1079 3292 quos
1097 3222 1161 3279 aliis
1173 3225 1224 3280 alii
1242 3236 1324 3297 nutu,
1343 3228 1498 3299 eligitqu-

149 3311 275 3368 strabant
291 3309 348 3379 alii,
366 3316 393 3367 te
408 3307 610 3378 iucundissime
629 3307 804 3377 contemplati
823 3324 926 3365 sumus.

253 3398 374 3453 Assera
392 3395 557 3453 solennitate
580 3392 716 3463 digressos
743 3395 895 3450 ceodrium
920 3396 1040 3467 excepit,
1064 3397 1178 3469 opipare
1205 3404 1292 3472 satis,
1319 3414 1351 3461 ut
1369 3416 1500 3477 tempu

148 3482 269 3543 conditio
287 3484 403 3556 ferebat,
421 3485 594 3550 instructum,
613 3479 648 3535 ud
667 3480 736 3535 baec
755 3481 861 3539 duabus
879 3482 935 3538 vini
947 3481 1088 3540 nobilioris
1101 3486 1246 3555 amphoris
1265 3492 1303 3547 ab
1315 3492 1498 3565 amplissr'q

148 3572 309 3645 naqtsustu
328 3573 434 3628 muneri
453 3570 525 3628 datis
543 3569 716 3634 honoratum,
734 3575 763 3622 et
780 3567 854 3639 quod
866 3576 950 3638 caput
961 3576 1012 3641 est,
1030 3569 1186 3640 frequentia
1206 3578 1388 3635 conrii-uun
1405 3580 1499 3637 om·—

148 3660 278 3719 simorum
296 3660 411 3717 illustre.
448 3660 507 3715 Nec
530 3654 676 3725 quicquam
703 3655 739 3710 ad
757 3655 923 3713 hilaritatem
947 3657 1000 3712 nisi
1017 3659 1123 3714 musica
1145 3658 1253 3731 detuit,
1277 3665 1323 3721 cui
1340 3666 1397 3734 jam
1413 3664 1497 3737 psilen

148 3752 192 3803 est
210 3763 272 3803 cum
290 3745 400 3817 publice
418 3745 558 3800 silentium
576 3743 780 3812 imperavimus,
798 3759 833 3800 ue
851 3744 956 3802 scilicet
974 3746 1156 3802 llanuibelcm
1175 3749 1296 3817 imitati,
1317 3754 1385 3809 dun
1401 3756 1497 3827 paitrus

147 3831 272 3890 cladibus
290 3832 489 3888 illacrimantur
507 3829 562 3898 elii,
583 3830 634 3885 soli
652 3830 743 3885 ridere
761 3828 909 3887 videamur.

254 3920 381 3976 Ceterum
399 3919 452 3974 hoc
469 3917 562 3974 nobile
579 3916 814 3988 neonymphorum
832 3916 946 3974 invicem
966 3919 1218 3978 amantissimorum
1237 3942 1290 3995 par
1309 3929 1339 3982 in
1357 3932 1424 3985 rin
1440 3944 1496 3984 ιιι

147 4024 277 4079 pronum,
302 4006 412 4080 quando
436 4022 491 4062 non
517 4004 581 4061 licet
599 4003 660 4059 aliis
678 4001 790 4074 officiis,
815 4004 914 4061 saltem
935 4007 1024 4076 plenis
1047 4007 1139 4062 omine
1164 4008 1241 4067 hono
1265 4015 1341 4073 rotis
1358 4030 1495 4089 prosequ.

147 4096 237 4152 Deum
256 4111 291 4151 ex
309 4095 400 4150 animo
419 4099 623 4164 comprecatus,
650 4098 681 4147 ot
699 4107 747 4148 eos
771 4107 822 4163 per
847 4092 916 4149 haec
939 4093 1039 4151 iuiests
1062 4095 1162 4150 itinera
1179 4108 1345 4158 nnmerum
1362 4104 1494 4171 melu·
1543 4136 1545 4141 ·

146 4196 259 4239 suorum
276 4181 415 4252 praesidio
433 4197 489 4236 non
501 4187 577 4237 tutos
590 4179 680 4246 modo,
699 4178 747 4234 sed
760 4187 789 4234 et
800 4194 912 4237 securos
923 4187 1055 4251 praestet,
1076 4181 1168 4239 salsos
1180 4184 1393 4263 incolumesque
1404 4202 1430 4247 st
1439 4206 1493 4247 ιιι

148 4266 258 4323 domum
276 4267 424 4337 perducat,
448 4272 477 4321 et
494 4264 559 4321 olim
577 4265 733 4322 amdemlae
752 4271 861 4323 nostrae
879 4267 1019 4335 restituat,
1043 4278 1072 4326 et
1089 4284 1121 4322 se
1139 4279 1168 4325 et
1185 4288 1291 4342 magno
1310 4276 1363 4333 ills
1380 4276 1493 4350 Erash·

148 4354 231 4422 digna
247 4352 342 4410 sobole
364 4354 460 4410 beatos
479 4354 607 4424 omnique
625 4352 801 4410 maximarum
826 4353 988 4413 felicitatum
1011 4373 1112 4427 genere
1135 4378 1222 4429 quam
1246 4365 1403 4437 largissine
1418 4382 1492 4425 us

146 4440 219 4496 latos
237 4439 346 4497 efficiat.
384 4441 446 4498 Tibi
464 4456 538 4515 vero,
557 4441 605 4497 Vir
623 4458 737 4512 summe,
755 4443 790 4498 de
808 4443 857 4500 tali
873 4461 975 4515 genero
992 4447 1096 4516 talique
1114 4447 1182 4517 tilia,
1201 4451 1305 4520 quales
1324 4471 1362 4509 oe
1377 4452 1492 4523 eruqt'·

149 4524 259 4596 quidem
277 4528 348 4581 votis
367 4536 463 4598 optare
480 4527 609 4587 meliores
627 4544 722 4601 queas,
742 4531 878 4603 animitas,
898 4540 929 4588 ut
948 4533 1030 4590 serbo
1049 4535 1138 4590 dum
1156 4539 1261 4609 omnia
1281 4542 1467 4611 gratulari
1542 4578 1545 4621 ;

252 4735 276 4802 *i
295 4743 514 4804 Bsrnsuerus
532 4747 714 4798 Schicksrdum
731 4748 771 4798 his
789 4749 938 4799 mutarent
956 4749 990 4798 ad
1009 4750 1111 4814 nuptias
1130 4751 1275 4805 Bamcblt:
1296 4757 1327 4808 8.
1347 4759 1376 4811 l’.
1388 4758 1417 4810 o.
1433 4758 1488 4807 §aar

148 4805 285 4883 plurimum
303 4811 521 4865 Excellentisslms
539 4820 575 4867 ml
592 4819 748 4869 Scbtcksrts.

254 4877 329 4953 quoe
346 4881 426 4948 vies,
444 4884 561 4936 rause·
578 4886 612 4947 se
631 4890 735 4959 napea
753 4888 846 4951 sessu
863 4888 913 4939 uu
929 4886 964 4943 υ.
982 4883 1159 4961 altsraeu,
1174 4880 1274 4947 astte
1290 4906 1317 4949 a
1334 4900 1488 4951 ιιι-ιιι
