3308 5534
487 425 529 483 De
546 422 641 483 amicis
659 430 688 483 et
703 423 855 483 iautanbus
873 422 993 496 Kopleri.
1354 424 1437 501 977,

61 618 140 681 quos
162 601 356 665 condemnare
371 604 499 682 Keplero
524 613 552 667 et
574 606 682 682 injuria
703 614 733 667 et
755 609 874 667 minime
889 625 924 666 ex
940 624 971 666 rs
987 605 1155 666 Lutheraua
1177 623 1242 666 esso
1264 604 1421 671 rideretur.

63 688 125 751 Sed
147 707 198 750 cur
221 691 298 753 idern
322 694 350 749 in
373 695 460 755 rebus
483 696 687 754 astronomicis
711 694 833 755 eandem
848 695 1024 769 cautionem,
1049 692 1173 753 eandem
1190 696 1419 755 taciturnitatem

62 779 242 855 praebuerit,
267 779 359 839 altera
381 798 472 840 causa
495 790 539 841 est
562 781 700 841 deficiens
722 800 817 842 rerum
839 801 858 841 a
880 781 1009 858 Koplero
1033 780 1190 841 allatarum
1212 780 1418 859 intelligentia,

66 864 162 925 altera
186 884 277 925 causa
300 876 330 927 et
351 870 551 947 interpretatio
575 870 603 927 in
628 870 761 946 epistolis
784 873 861 930 inest
890 871 1051 928 amicorum
1073 869 1322 946 Tubingeusium,
1345 885 1420 946 quos

63 950 214 1031 Keplerus
237 956 355 1031 saepius
379 955 509 1029 adierat,
538 964 570 1015 ut
600 974 654 1015 sua
677 956 877 1017 admonitione
899 955 1091 1015 Maestlinum
1122 956 1160 1017 ad
1189 956 1418 1016 continuandum

61 1038 214 1101 literarum
244 1044 448 1102 commercium
478 1043 678 1121 perducerent.
723 1043 793 1106 Jam
821 1043 1186 1127 aun0‚1605.Besoldns
1218 1046 1333 1105 scribit:
1367 1042 1420 1126 „Si

64 1126 243 1188 Massiliam
266 1130 295 1187 in
319 1147 414 1191 rerum
437 1138 542 1190 natura
564 1148 623 1190 nou
646 1140 738 1205 esset,
768 1132 855 1191 nobis
877 1133 997 1208 propius
1021 1149 1110 1191 esses.
1156 1131 1274 1191 Cortum
1297 1138 1357 1205 est,
1390 1140 1420 1193 ts

64 1216 200 1276 obtinere
223 1218 270 1275 hic
293 1234 379 1293 posse
404 1220 614 1295 professionem
637 1218 871 1298 philosophicam
894 1236 1099 1296 quamcunque
1116 1221 1239 1295 primum
1257 1228 1419 1294 vacantem,

65 1306 197 1362 omnium
220 1307 296 1363 cnim
320 1304 456 1364 horarum
479 1306 566 1365 homo
590 1302 669 1365 cloes
692 1309 802 1383 quique
825 1308 903 1365 omni
921 1309 1030 1366 servire
1054 1309 1148 1384 possit
1163 1308 1298 1367 scenae.“
1337 1305 1420 1366 Idem

65 1389 278 1451 dshlaestlino
303 1402 407 1469 postca
422 1396 536 1468 (1619)
561 1396 603 1453 sic
622 1392 753 1469 judicat:
779 1392 974 1469 „blaestlinus
999 1402 1096 1452 noster
1119 1396 1272 1470 antiquum
1297 1394 1418 1466 obtinet,

65 1475 193 1551 dubitat,
217 1482 300 1537 timet
323 1488 352 1537 ct
374 1489 544 1555 cunctatur,
567 1498 622 1540 nec
646 1480 742 1540 adhue
764 1480 880 1563 aliquid
899 1480 958 1540 cdit
961 1525 1093 1541 ......
1139 1480 1334 1541 Schichardus
1356 1479 1419 1561 (qui

65 1580 145 1625 anno
172 1568 265 1626 1618.
289 1566 454 1643 Tubingam
487 1576 610 1627 vocatus
634 1566 689 1647 est)
719 1583 777 1627 uon
808 1570 861 1627 erit
889 1566 1039 1627 Maestlini
1071 1567 1202 1644 collega,
1234 1577 1335 1645 utpote
1367 1568 1419 1644 qui

62 1668 168 1731 parem
190 1670 249 1710 uon
270 1654 342 1712 serre
358 1656 483 1730 potcst.“
516 1655 548 1713 ln
565 1654 685 1714 Besoldi
708 1655 835 1731 denique
857 1654 948 1714 literis
972 1672 1048 1713 anno
1075 1661 1167 1715 1626.
1191 1658 1306 1732 scriptis
1328 1655 1420 1715 verba

21 1788 25 1794 .
64 1742 167 1799 insunt
188 1740 275 1800 haec:
302 1775 363 1815 „—
378 1740 535 1818 Exemplar
550 1740 802 1815 Harmonicorum,
826 1742 906 1818 quod
922 1742 1132 1801 Bidembachio
1156 1738 1239 1825 (duci
1255 1742 1419 1804 Wiirttem-

64 1826 186 1904 bergico
210 1846 228 1887 a
252 1826 392 1906 consiliis)
422 1827 601 1902 destinaras,
628 1830 691 1905 jam
722 1829 772 1889 diu
796 1838 856 1904 est,
887 1830 966 1905 quod
988 1828 1147 1888 Macatlino
1172 1832 1215 1905 (et
1238 1829 1357 1906 quidem
1379 1848 1417 1907 cx

63 1920 119 1975 tuo
138 1915 237 1991 jussu)
262 1932 355 1991 eoque
379 1918 434 1974 line
457 1916 537 1987 dedi,
562 1923 594 1974 ut
610 1918 688 1993 operi
712 1916 881 1996 praeficeret
904 1915 1168 1977 commendatitiam
1193 1918 1419 1995 praelationem3

64 2000 120 2063 sed
143 2001 242 2061 mullis
265 2002 512 2061 admonitionibus
536 2003 566 2061 itl
589 2005 744 2081 impetrare
768 2005 897 2080 nequivi.
932 2004 1033 2076 Sanc,
1065 2014 1097 2062 ut
1120 2006 1172 2063 tibi
1197 2004 1267 2081 quid
1291 2006 1417 2064 seutiam

63 2088 96 2149 lb
120 2106 222 2150 aurem
245 2088 357 2163 dicam,
389 2101 440 2148 aut
471 2088 583 2149 insidia
605 2100 657 2149 aut
679 2090 875 2150 aemulatione
906 2091 1037 2163 laborat,
1068 2099 1120 2149 aut
1149 2108 1207 2150 non
1237 2093 1334 2170 placet
1362 2092 1420 2171 ipsi

65 2176 166 2237 audax
193 2184 262 2236 tuus
285 2176 336 2235 sed
360 2178 503 2253 ingenuus
527 2180 664 2253 omnique
692 2177 780 2239 lande
812 2177 917 2254 dignus
948 2179 995 2238 hic
1018 2180 1171 2238 conatus.“
1219 2178 1276 2237 Vix
1300 2178 1419 2254 quidem

62 2271 112 2325 cst
134 2264 281 2337 credibile,
306 2266 453 2324 hominem
477 2264 558 2323 illum
581 2266 690 2325 bonum
713 2276 742 2325 et
765 2265 930 2339 candidum,
955 2267 1006 2343 qui
1028 2267 1207 2344 temporibus
1224 2267 1419 2326 anterioribus

63 2368 133 2413 oum
157 2352 292 2411 omnibus
315 2355 375 2410 suis
400 2353 510 2411 viribus
533 2351 694 2431 Koplerum
714 2352 827 2429 juverit
849 2360 878 2412 et
901 2355 1029 2425 auserit,
1057 2351 1233 2431 procedente
1255 2361 1354 2412 aetate
1376 2356 1419 2413 sic

62 2453 164 2499 mores
188 2450 217 2498 et
240 2442 368 2497 animum
391 2448 595 2513 commutasse,
619 2447 652 2498 ut
674 2439 786 2499 invidia
809 2439 937 2516 quadam
960 2452 989 2501 ct
1012 2439 1208 2499 aemulatione
1228 2457 1279 2518 per
1294 2439 1416 2519 Kepleri

60 2525 190 2603 gloriam
214 2528 243 2582 ln
267 2525 328 2585 dics
351 2526 491 2600 rrrrrjorem
515 2530 643 2587 excitata
666 2527 879 2603 prohiberetur,
911 2527 1060 2586 literarum
1092 2531 1297 2587 commercium
1319 2530 1362 2586 sic
1385 2535 1421 2588 ut

60 2620 154 2673 autea
178 2614 357 2672 continuare.
388 2612 446 2672 Sed
470 2622 566 2674 tamon
590 2633 608 2672 a
632 2615 754 2675 ueritate
777 2631 835 2673 non
858 2612 1028 2690 longissime
1052 2614 1156 2674 abesse
1173 2614 1297 2688 videtur,
1322 2614 1419 2674 honri-

59 2716 133 2762 nem
161 2702 245 2760 annis
270 2699 413 2759 iulirmum
437 2703 478 2775 (a.
507 2708 600 2761 1620.
624 2704 811 2780 septuaginta
839 2719 931 2761 annos
959 2712 1076 2774 natum,
1101 2703 1151 2777 qui
1175 2701 1298 2761 docendi
1322 2703 1419 2763 olficiu

57 2788 127 2865 jam
148 2804 207 2846 non
238 2795 271 2846 ut
300 2798 387 2847 antea
410 2789 604 2863 satisfaceret)
636 2807 694 2848 uon
725 2789 881 2863 habuisse,
914 2788 985 2865 quid
1017 2791 1079 2848 viro
1103 2789 1271 2848 doctissimo
1295 2805 1419 2867 respou-

62 2875 149 2936 deret
173 2884 210 2947 et,
235 2882 267 2932 ut
290 2885 358 2932 sunt
380 2893 465 2935 senos
489 2879 664 2953 suspicaocs,
688 2893 898 2952 nonnunquam
922 2877 1063 2948 timuisse,
1087 2894 1123 2935 nc
1147 2874 1337 2936 dilectissimo
1362 2893 1416 2937 suo

60 2961 216 3043 quondam
239 2962 398 3039 discipulo,
430 2964 579 3041 permultis
610 2970 639 3023 ct
661 2963 899 3039 Tuhingonsibus
931 2970 961 3021 et
982 2962 1258 3039 Stuttgartiensihus
1281 2966 1418 3023 amicitiis

60 3048 185 3127 adjuto,
210 3051 404 3125 contingeret,
429 3049 583 3124 Turbingae
607 3050 779 3127 professoris
801 3067 907 3108 munus
931 3048 1054 3126 adipisci
1078 3052 1192 3128 etipse
1215 3050 1289 3110 sorte
1312 3069 1417 3130 super-

60 3137 143 3198 fluus
168 3137 324 3196 rideretur.
371 3137 431 3195 Sed
454 3150 612 3213 utcumque
635 3154 680 3196 res
705 3140 774 3210 erit,
797 3135 944 3214 Koplerus
967 3140 1057 3198 reteri
1082 3140 1221 3213 magistro
1246 3156 1361 3216 semper
1383 3156 1416 3200 se

58 3223 238 3285 fidissimum
260 3225 409 3300 praebuit,
440 3227 466 3283 ei
491 3229 588 3283 omnia
611 3224 732 3284 credidit
754 3226 935 3300 apertissime
964 3242 1040 3300 qnae
1063 3234 1125 3284 erat
1148 3224 1292 3300 editurus,
1325 3226 1418 3301 nullo,
1468 3253 1474 3267 ·

59 3310 163 3391 qualis
192 3318 253 3369 tunr
283 3313 357 3370 inter
387 3314 465 3371 viros
497 3312 598 3370 doctos
629 3320 722 3385 essct,
753 3312 837 3389 prasi
865 3329 935 3370 usus
963 3314 1064 3371 timore
1098 3311 1133 3370 de
1165 3312 1269 3372 strrdiis
1298 3322 1350 3373 aut
1372 3316 1419 3372 in-

57 3400 163 3461 dentis
189 3401 320 3474 scripsit,
352 3399 415 3474 ejus
439 3401 567 3458 animum
595 3401 656 3459 suis
686 3400 837 3458 sententiis
861 3399 1017 3459 conciliare
1048 3398 1160 3458 studuit
1189 3418 1313 3476 eumque
1337 3402 1420 3462 exci-

58 3488 156 3559 tarlt,
187 3492 220 3543 ut
242 3485 451 3562 amplissimam
482 3504 566 3545 snam
588 3488 848 3547 astronomicarum
872 3495 923 3544 aut
946 3486 1217 3561 chronologicarum
1247 3506 1342 3547 rerum
1366 3506 1420 3549 ex·

58 3574 242 3653 perlentium
265 3581 315 3631 aut
339 3572 438 3632 ederet
461 3582 512 3632 aut
535 3574 639 3634 saltem
661 3591 760 3633 secum
783 3575 1018 3634 communicaret.
1058 3574 1140 3633 Idem
1163 3591 1228 3633 euru
1251 3577 1371 3654 saepius
1387 3577 1415 3633 iu

57 3660 318 3735 Wilrttembcrgia
348 3670 526 3732 versaretur,
558 3660 706 3721 hlaestlini
738 3677 901 3723 sermonem
940 3670 969 3720 et
998 3660 1176 3736 colloquium
1211 3661 1415 3721 ardentissime

59 3748 216 3827 cupiebat.
262 3747 419 3823 Nunquam
442 3748 485 3806 illi
509 3752 636 3809 nranima
659 3748 781 3825 chleri
811 3750 905 3824 gratia
936 3755 965 3807 ct
987 3750 1152 3807 aestimatio
1177 3746 1292 3821 deerat,
1326 3756 1357 3808 ut
1381 3766 1418 3809 ex

57 3838 139 3915 ipsis
163 3835 296 3911 epistolis
320 3844 449 3911 apparet,
474 3853 547 3910 quas
572 3854 671 3895 omncs
696 3835 903 3917 „Praeceptori
918 3851 983 3894 mco
1008 3834 1233 3894 colendissimo“
1260 3837 1416 3897 inscribere

58 3930 93 3986 et
128 3924 332 3999 ,gratissimus
363 3921 543 4000 discipulus“
575 3923 682 3983 soleret
713 3923 904 3984 subscribere.
957 3920 1037 3996 Quas
1069 3922 1210 3998 epistolas
1238 3921 1415 3983 Maestlinus

55 4010 193 4072 maxime
216 4012 384 4069 aestimarit
407 4018 436 4069 et
459 4010 681 4085 diligentissime
704 4011 849 4084 servarit,
879 4018 910 4068 ut
940 4010 1124 4086 paucissimis
1154 4014 1284 4085 exceptis
1315 4027 1415 4070 omncs

55 4098 230 4177 posteritati
261 4096 383 4156 traditae
413 4098 480 4158 sint.
534 4099 575 4157 Eo
604 4099 697 4173 magis
727 4105 825 4156 autern
854 4095 909 4156 hoc
932 4106 1069 4172 putamus
1099 4099 1224 4156 maxime
1248 4097 1419 4157 desideran-

57 4186 151 4259 dum,
183 4183 370 4242 Maestlinunr
402 4184 596 4261 respondendi
623 4186 713 4244 luisse
742 4186 961 4260 parcissimum,
994 4202 1058 4243 cum
1081 4186 1190 4243 nemini
1219 4182 1340 4243 dubium
1370 4187 1417 4259 sit,

56 4275 135 4353 qula
160 4270 209 4330 hic
232 4272 392 4330 uberrimus
422 4272 617 4349 cognoscendi
645 4274 754 4346 ingenii
777 4270 947 4348 chleriani
976 4272 1041 4331 lons
1071 4274 1159 4330 etium
1181 4271 1299 4331 uberior
1321 4274 1416 4333 lactus

57 4366 155 4439 esset,
178 4360 234 4417 nisi
256 4358 407 4418 Maestlini
431 4362 630 4419 taciturnitate
646 4358 790 4435 Koplerus
813 4376 832 4417 a
854 4358 1049 4434 frequentiore
1072 4357 1221 4417 literarum
1245 4360 1417 4419 commercio

40 4440 221 4511 'deterritus
253 4455 338 4505 esset.
385 4445 471 4521 Quod
499 4450 595 4524 ipsum
619 4464 653 4506 eo
677 4447 772 4505 minus
802 4445 992 4505 dubitandum
1017 4456 1076 4519 est,
1109 4464 1174 4505 curn
1198 4445 1325 4523 Keplero
1349 4461 1419 4523 pro·

34 4536 163 4615 prium
187 4540 272 4607 esset,
296 4535 491 4610 cogitationes
515 4553 583 4593 suas
607 4535 635 4591 in
659 4537 756 4592 animo
779 4534 908 4592 noudum
926 4534 1070 4609 perlectas
1093 4540 1123 4592 et
1145 4540 1305 4593 maturatas
1328 4550 1419 4593 causa

59 4618 197 4701 quadam
221 4623 400 4680 extrinsecus
423 4621 589 4694 accedente,
614 4621 745 4697 inprimis
760 4622 785 4679 si
803 4622 889 4679 amici
912 4638 964 4697 per
987 4620 1088 4680 literas
1104 4622 1131 4679 ei
1146 4628 1198 4680 aut
1221 4619 1419 4681 dubitationes

59 4716 118 4772 aut
132 4710 323 4785 quaestiones
338 4709 480 4782 alierrcnt,
505 4710 587 4769 brevi
603 4708 792 4784 perscribere,
815 4707 1021 4783 interrogando
1044 4716 1073 4768 et
1088 4717 1190 4768 contra
1212 4704 1419 4785 interrogando

62 4814 117 4859 eus
140 4794 300 4872 explanare
324 4804 353 4855 et
375 4798 417 4855 sic
440 4797 468 4852 in
492 4798 590 4855 animo
614 4811 812 4871 concoquere,
845 4794 939 4854 donec
961 4796 1025 4870 ejus
1048 4797 1167 4871 ingenio
1194 4812 1312 4871 prorsus
1333 4803 1420 4872 pate·

62 4890 141 4947 reue
172 4882 271 4959 Quam
292 4883 414 4960 chleri
437 4882 679 4947 cousuetudinem
701 4890 731 4943 st
753 4900 790 4945 er
813 4882 887 4959 ipsis
909 4880 1043 4959 epistolis
1065 4898 1124 4943 uon
1146 4881 1234 4943 moda
1251 4880 1290 4943 ad
1304 4880 1419 4943 Maest-

115 4982 378 5039 &panormum
620 5008 623 5013 -
1176 4982 1211 5041 63
