3308 5534
148 383 215 455 714
663 384 729 441 Vita
744 384 861 443 Jomrir
877 384 998 456 chieri.
1063 460 1067 471 Ι

252 564 288 623 iu
310 563 368 626 bac
389 563 589 642 disputatione
619 581 739 627 amnmo
770 563 845 626 haec
875 580 1017 626 concessa
1043 566 1203 625 axiomata
1249 560 1397 635 Priman,
1423 558 1493 638 orsi

150 652 285 714 cunstat
308 656 469 713 etiamnum
491 651 579 714 bodie
609 653 675 730 lege
697 661 822 714 naturae
843 653 875 711 in
898 669 958 713 uuo
981 659 1061 713 certo
1083 660 1114 712 et
1134 650 1259 710 dednito
1287 649 1358 711 loeo
1383 649 1494 721 habitat,

151 750 185 802 ut
207 741 301 818 ajunt,
324 739 466 801 localiter.
494 741 600 818 itaque
616 743 726 817 ubique
741 750 787 804 est
809 757 867 801 non
889 738 1033 815 localiter,
1056 740 1105 801 vel
1120 739 1208 800 abest
1221 737 1496 799 localiteracstrr‘!

150 829 227 889 locis
249 829 395 888 omnibus.
449 828 580 903 Deinde,
607 829 688 906 qnod
720 828 840 890 modum
871 830 1136 905 omnipraesentiae
1165 828 1318 902 acceperit
1344 841 1398 903 per
1415 826 1495 884 anie·

60 952 66 969 ι
149 933 216 976 nem
237 915 416 976 Naturamm
437 924 468 977 ct
489 919 784 979 communicationem
806 914 993 976 idiomatumr
1017 917 1132 977 scilicet
1151 930 1211 973 non
1234 922 1282 974 est
1303 911 1383 974 alins
1401 911 1495 973 aad·

148 1005 391 1080 omnipraesentis
414 1006 519 1080 caruis,
543 1021 631 1081 quan
655 1012 700 1064 cst
722 1005 965 1082 omnipraesentis
988 1005 1080 1064 verbi.
1124 1002 1217 1063 Hisce
1238 1002 1350 1077 positia
1369 1002 1495 1061 uim

149 1091 310 1167 disputatio
339 1091 502 1152 revolvitur
531 1091 570 1152 ad
599 1091 720 1152 modum
751 1093 1015 1169 omnipraesentiae
1044 1090 1172 1151 divinae.
1217 1088 1277 1148 Illa
1305 1104 1367 1147 nou
1395 1096 1439 1148 est
1462 1104 1494 1147 ea

148 1178 343 1256 Philosophia
364 1178 501 1257 petenda,
523 1178 576 1240 sed
599 1196 636 1240 ex
649 1179 740 1241 Sacra
755 1178 914 1257 Scriptura.
952 1176 1097 1255 Quamvis
1109 1178 1237 1238 libenter
1250 1176 1379 1236 admitto
1392 1178 1494 1235 terti·

148 1266 225 1328 bauc
247 1267 425 1345 hypothesin
447 1267 698 1346 philosophicam,
729 1266 810 1344 quod
830 1267 914 1327 Dens
936 1268 980 1327 sic
1002 1269 1041 1326 ait
1062 1269 1093 1326 in
1120 1264 1272 1338 omnibns,
1302 1272 1339 1324 ut
1358 1263 1444 1324 ainai
1460 1264 1494 1321 sit

150 1362 234 1415 extra
255 1358 364 1415 omnia.
409 1354 477 1416 Hoc
498 1372 557 1416 non
581 1361 625 1415 est
646 1372 744 1415 crasse
766 1353 1000 1431 intelligendum,
1023 1355 1110 1432 quasi
1130 1360 1227 1414 totum
1241 1351 1387 1413 mundun
1405 1348 1494 1411 adra

149 1443 284 1520 partibus
306 1444 452 1503 amentiae
474 1459 545 1502 snae
568 1442 645 1502 mole
667 1442 780 1521 repleat
802 1450 832 1502 et
851 1442 952 1501 multis
973 1442 1106 1520 partibus
1119 1440 1257 1514 inundet,
1282 1439 1405 1512 sedala,
1425 1435 1492 1516 pi

151 1529 279 1606 quodam
301 1539 435 1606 respectu
457 1531 497 1589 sit
518 1532 548 1588 in
570 1530 715 1604 omnihus,
740 1529 868 1607 quodam
890 1546 961 1590 vero
982 1539 1117 1608 respectu
1140 1537 1224 1590 extra
1245 1530 1358 1589 omnia.
1400 1526 1492 1602 ltaqas

150 1616 261 1678 Sacrae
283 1617 450 1694 Scripturae
472 1618 532 1677 iere
553 1624 714 1696 perpetuus
735 1634 801 1677 mos
816 1625 870 1691 est,
893 1625 926 1677 ut
947 1619 989 1678 ibi
1010 1626 1195 1695 praesentem
1214 1616 1315 1676 Deum
1337 1614 1431 1689 dieat,
1449 1613 1491 1673 abi

151 1711 288 1783 operatur
309 1712 339 1766 et
360 1707 555 1781 praesentiam
578 1722 630 1783 pro
653 1707 823 1783 operatione
844 1712 951 1766 sumat.
996 1705 1110 1766 Deinde
1133 1704 1238 1764 tribuit
1258 1703 1328 1764 Deo
1349 1701 1490 1763 codun

151 1794 316 1869 regionem,
346 1791 427 1869 quod
450 1800 574 1851 testatur
596 1809 757 1853 concensus
779 1793 921 1853 locorum.
960 1791 1101 1867 „Coelnm
1121 1791 1238 1852 coelum
1251 1790 1377 1865 domini,
1397 1798 1489 1850 terta·

150 1890 249 1940 autem
265 1879 345 1940 dedit
358 1879 425 1939 filiis
439 1877 620 1940 hominum,“
661 1880 769 1961 „Pater
787 1889 888 1941 noster
902 1882 954 1956 qni
970 1898 1001 1941 es
1016 1883 1047 1940 in
1061 1880 1191 1953 Goelis‘,
1215 1886 1246 1938 et
1259 1878 1397 1939 cbristus
1416 1892 1489 1937 ot·

150 1969 182 2028 in
196 1966 318 2028 coelum
334 1969 475 2044 suspexit
504 1967 651 2046 Imprimis
667 1975 697 2032 3.
713 1968 786 2046 Reg.
802 1973 839 2031 8:
859 1965 912 2043 ,st
934 1970 1082 2028 oraverint
1096 1970 1126 2026 in
1139 1965 1207 2028 loco
1223 1968 1293 2041 isto,
1316 1974 1350 2026 tu
1363 1962 1489 2026 cauda

150 2057 178 2113 in
201 2056 267 2115 loco
291 2054 454 2115 habitaculi
468 2057 513 2114 tui
527 2058 559 2115 in
573 2053 695 2128 coelis“,
717 2072 784 2115 cum
799 2064 898 2115 umen
917 2063 1008 2116 antea
1021 2056 1175 2132 negaverit
1188 2053 1284 2113 ullum
1306 2053 1405 2114 locum
1418 2050 1488 2111 sass-

148 2144 272 2203 cientem
296 2159 360 2204 esse
383 2141 526 2219 capiendo
542 2143 618 2204 Deo.
657 2143 691 2202 id
705 2143 851 2220 Theologi
867 2142 953 2218 aJnnt
972 2142 1035 2202 lieri
1051 2143 1098 2202 vel
1113 2142 1152 2201 ad
1167 2140 1393 2217 significandam
1407 2140 1488 2215 majc·
1527 2174 1529 2183 =

147 2239 254 2291 statem
270 2231 337 2305 Dei,
362 2248 450 2306 quam
465 2230 590 2306 figurate
604 2229 719 2291 coelum
739 2242 768 2291 et
782 2228 966 2291 altitudinem
988 2229 1088 2290 dicant
1102 2228 1133 2290 S.
1149 2229 1295 2290 Litterae:
1318 2229 1367 2289 vel
1389 2228 1487 2305 qnh'a

147 2317 238 2378 coelis
260 2317 401 2377 illustrior
415 2318 471 2376 Dei
488 2320 629 2393 operatio.
660 2318 760 2378 Tertio
782 2319 826 2378 sic
838 2319 929 2378 etiam
950 2317 1081 2393 loquitur
1101 2317 1162 2378 iere
1177 2315 1349 2377 Jobannes:
1373 2315 1486 2376 Vert-

149 2422 217 2466 earo
240 2406 350 2466 lactum
373 2415 418 2466 est
440 2412 470 2464 et
492 2405 641 2465 habitavit
659 2407 689 2463 in
708 2406 804 2477 nobis,
827 2408 857 2464 in
872 2423 932 2482 quo
947 2404 1011 2466 solo
1027 2412 1110 2466 textu
1124 2404 1276 2466 stabilitur
1295 2403 1402 2464 localis
1414 2418 1485 2481 prae

147 2496 251 2553 sentia.
289 2493 409 2553 Scilicet
430 2501 463 2552 ut
486 2494 608 2553 verbum
630 2509 700 2553 caro
722 2492 832 2552 iactum
855 2501 909 2567 est,
931 2492 1013 2571 quod
1034 2492 1138 2566 videri,
1160 2491 1279 2570 palpari
1300 2502 1430 2570 poterat,
1453 2490 1484 2549 sit

147 2580 274 2641 illocalis
304 2579 407 2640 localis
435 2581 530 2640 iactus
553 2589 600 2639 est
625 2581 656 2638 in
685 2596 773 2640 carne
802 2578 903 2640 locali.
945 2579 1006 2641 Sed
1027 2583 1058 2639 iu
1080 2583 1175 2656 primo
1198 2587 1230 2640 et
1255 2577 1388 2640 secundo
1414 2574 1483 2637 raab

146 2668 229 2728 nulla
252 2668 349 2728 adhuc
372 2669 492 2727 insertur
515 2668 660 2728 essentiae
674 2667 733 2727 Dei
755 2669 1012 2745 omnipraesentia
1057 2666 1185 2744 Quartot
1209 2669 1236 2727 si
1258 2676 1359 2744 autern
1380 2678 1483 2743 unm

148 2775 186 2815 an
210 2755 294 2816 ullibi
316 2758 345 2813 in
362 2756 392 2816 S.
411 2755 530 2815 Litteris
552 2755 721 2816 stabiliatur
742 2758 888 2816 essentiae
911 2758 1092 2833 praeseutia,
1113 2756 1303 2817 inveniemus
1334 2762 1363 2819 a.
1384 2753 1481 2831 liepi.

147 2847 249 2920 negari
270 2846 373 2921 primo,
398 2843 496 2904 Deum
517 2842 651 2902 hahitare
676 2841 831 2920 intemplo
846 2842 1108 2922 ierosolymitano,
1131 2842 1238 2904 deinde
1254 2846 1285 2902 in
1304 2844 1397 2915 terris,
1417 2839 1482 2901 teis

148 2931 179 2990 id
201 2948 260 2991 non
283 2930 319 2991 de
343 2934 514 3008 operatione
543 2929 593 2990 vel
615 2932 711 3007 gratia
733 2938 832 2992 sonat.
875 2929 951 2989 Nam
974 2949 1012 2992 ea
1033 2931 1144 3007 ubique
1169 2939 1230 3003 cst,
1259 2940 1350 2991 sonat
1376 2926 1482 3007 ergab

148 3019 294 3093 Eraentia,
318 3018 370 3079 scd
393 3036 490 3096 noque
513 3017 549 3078 de
573 3017 661 3078 locali
683 3020 851 3095 praesentia
872 3025 959 3078 sonat
979 3018 1126 3078 distincte.
1156 3018 1231 3077 cnm
1247 3035 1320 3094 ergo
1334 3016 1483 3096 pauloptt

150 3116 280 3183 negetur,
303 3107 436 3168 hahitare
453 3108 550 3166 Deum
572 3108 602 3163 in
618 3105 709 3165 coelis
724 3106 881 3179 coelorum,
906 3105 955 3166 vel
976 3107 1007 3165 iu
1030 3114 1091 3165 toto
1113 3105 1235 3180 mundo,
1260 3124 1297 3167 er
1320 3105 1378 3166 boc
1391 3102 1483 3165 videta

147 3212 207 3254 uon
229 3197 328 3271 inepte
344 3194 459 3255 ostendi
480 3210 569 3270 posce
591 3192 755 3269 multopere
777 3194 896 3252 axioma
916 3192 990 3252 iilud
1011 3192 1259 3270 philosophicum,
1284 3194 1382 3253 Deum
1393 3194 1483 3252 ιιιὶιιι

149 3283 294 3342 essentiae
318 3282 421 3342 nullibi
444 3282 578 3341 habitare
601 3283 630 3337 ia
652 3279 772 3340 mundo.
815 3280 892 3340 tiam
916 3288 1111 3340 neumatum
1135 3278 1236 3339 nullus
1261 3280 1369 3340 modas
1392 3288 1484 3357 praeta

149 3379 334 3430 enumeratos
348 3377 514 3430 recensetur
528 3370 559 3426 in
574 3366 732 3445 Scriptura,
754 3367 807 3428 scd
823 3371 912 3428 etiam
927 3367 976 3428 hic
991 3375 1088 3428 textus
1102 3375 1205 3444 aperte
1218 3384 1338 3442 omnes,
1361 3368 1411 3444 qui
1430 3381 1485 3425 aaa·

148 3456 217 3534 tingi
234 3467 362 3534 possent,
385 3458 487 3534 rejicit.
518 3456 623 3531 ltaque
638 3457 663 3513 si
681 3457 893 3532 omnipotentia
915 3465 945 3518 et
960 3456 1100 3532 maJ'estas
1116 3456 1199 3515 verbi
1223 3459 1436 3516 communicata
1452 3460 1484 3511 ra

150 3548 239 3619 carni,
263 3554 296 3603 nt
319 3553 395 3604 certe
415 3554 473 3617 est,
496 3542 610 3601 nulium
632 3544 724 3619 igitur
744 3542 903 3602 absurdum
925 3547 1058 3621 seqnitur
1080 3546 1110 3602 ia
1130 3538 1484 3620 omnipraesentiamcud

151 3632 265 3705 datam,
296 3650 372 3709 qnae
395 3631 436 3689 nii
460 3629 541 3690 alind
565 3639 626 3703 est,
657 3647 746 3706 quam
769 3632 912 3707 operatio.
958 3630 1071 3691 Sedens
1100 3632 1190 3708 igitur
1212 3630 1350 3692 Christus
1372 3634 1401 3689 iu
1420 3625 1484 3689 eseli
1527 3646 1529 3693 ι

149 3719 282 3780 localiter
311 3728 448 3796 operatur
476 3720 575 3776 omnia
605 3720 634 3775 in
658 3718 794 3777 omnibns
822 3717 956 3778 localiter
977 3720 1098 3790 absens,
1129 3718 1275 3794 quamdin
1298 3719 1380 3781 Deus
1399 3715 1484 3777 ude!
1527 3768 1529 3797 ,

150 3806 254 3867 nullibi
273 3815 410 3884 operatur
425 3804 527 3866 eodem
537 3805 625 3865 modo
635 3805 811 3865 localiter...
830 3808 915 3877 (Haec
936 3816 1087 3878 amnentur
1105 3822 1196 3877 pauca
1210 3807 1293 3863 nimis
1306 3808 1424 3873 dudm.)
1527 3818 1529 3825 ·

253 3906 314 3960 Vol.
334 3907 410 3961 xxi.
435 3906 503 3959 lisa.
522 3903 637 3959 Pullrov.
662 3908 754 3960 erstm
776 3902 884 3973 longior
904 3911 1040 3959 tractatus
1064 3903 1178 3972 Kepleri
1197 3903 1268 3972 (uon
1287 3905 1325 3960 ad
1350 3906 1426 3962 dnn
1440 3912 1483 3973 p

150 3993 262 4063 ductas)
282 3996 329 4063 qui
348 3995 390 4049 bis
409 3993 516 4062 incipit:
540 3987 644 4048 Mense
666 3986 774 4048 Martio
803 3990 872 4048 anni
897 3993 947 4048 99.
972 4004 1008 4046 ex
1031 3987 1158 4048 lectione
1180 3986 1392 4067 Navigatioria
1410 3986 1483 4047 aas

150 4079 234 4136 vicse
257 4077 347 4135 incidi
371 4081 400 4135 in
424 4075 700 4153 contemplationem
732 4074 1015 4135 declinationis
1041 4075 1244 4152 magnetis,
1277 4076 1330 4136 nbi
1360 4093 1422 4137 cam
1446 4070 1482 4131 fl

149 4164 332 4240 multumque
356 4165 503 4240 fatigarer,
526 4171 679 4240 pertaesus
695 4162 801 4224 calculi
816 4171 846 4224 et
860 4165 1022 4239 imperitior
1035 4161 1126 4240 paulo
1141 4160 1222 4223 iliius
1237 4180 1376 4241 praeca,
1397 4158 1482 4240 hp*
1525 4190 1529 4239 1

151 4253 234 4310 initio
257 4250 369 4323 incidit,
393 4269 451 4310 non
476 4253 530 4311 abs
552 4268 584 4310 re
606 4250 676 4323 iore,
700 4253 725 4310 si
749 4268 842 4312 canon
866 4249 1047 4324 conderetur,
1071 4267 1133 4326 qua
1154 4267 1216 4311 una
1229 4267 1324 4328 opera
1337 4254 1367 4311 br
1387 4252 1481 4311 unire·
1525 4270 1529 4325 ,·

151 4357 216 4398 sum
239 4338 298 4398 iere
322 4356 449 4398 canones
470 4341 589 4398 sinuum
611 4348 641 4399 et
662 4336 798 4399 foecundi
821 4340 1052 4416 antiquarerrtnr,
1075 4338 1196 4415 ingenia
1218 4339 1335 4401 nobilia
1354 4338 1392 4399 ad
1410 4337 1479 4397 triu·
1524 4338 1529 4375 ³

149 4426 285 4504 gniornm
314 4425 590 4503 contemplationem
612 4434 642 4486 et
664 4428 868 4487 tractationem
898 4425 1086 4487 allicerentur
1111 4434 1226 4488 remoto
1256 4431 1383 4488 marimo
1401 4424 1478 4485 isim

152 4512 405 4590 multiplicationis
429 4525 458 4573 et
481 4514 646 4573 divisionis.
691 4513 779 4574 Initio
803 4521 832 4575 7.
857 4515 928 4593 Apr.
951 4515 1097 4575 rationem
1119 4514 1173 4572 inii
1196 4513 1404 4594 magnitudinis
1420 4506 1476 4569 libi

151 4612 263 4668 Calculo
282 4612 417 4668 subducto
436 4613 572 4683 prodeunt
589 4612 708 4683 lieplcro
727 4614 779 4669 tou
790 4611 861 4683 birri,
879 4611 977 4685 singuli
995 4612 1049 4668 eto
1061 4610 1199 4683 foliorum,
1218 4630 1306 4684 quare
1323 4620 1417 4669 mutam
1429 4618 1474 4663 αὑ
1524 4638 1529 4665 .·

152 4699 212 4754 silio
231 4709 294 4769 post
312 4700 386 4753 varia
410 4702 558 4756 tentamina
579 4700 688 4757 reducit
711 4714 843 4756 canonem
860 4699 896 4757 ad
913 4714 999 4755 unum
1024 4698 1152 4756 volumen
1169 4700 1226 4758 ato
1243 4700 1376 4757 lolium
1405 4688 1472 4751 Μ

151 4786 187 4842 ad
203 4786 276 4842 idem
294 4803 425 4844 conamen
444 4789 471 4845 d.
483 4790 525 4848 20.
539 4789 659 4863 Augusti
676 4788 741 4846 anni
759 4789 836 4863 tout,
854 4801 1026 4861 requerere
1044 4785 1119 4843 ultra
1135 4786 1216 4843 initia
1233 4788 1362 4860 paveni,
1376 4796 1424 4839 rsa
1436 4778 1469 4833 1·
1525 4828 1529 4869 3

151 4872 300 4945 perlectam
317 4874 483 4948 relinquens.
519 4876 664 4950 specimen
680 4874 778 4938 borum
795 4880 943 4936 conatuum
959 4874 1135 4935 exhibuimus
1151 4880 1239 4949 snpra
1254 4892 1317 4951 pap
1331 4872 1418 4935 22⁸⁸
1526 4876 1529 4905 ²
