3308 5534
449 393 562 469 llsplari
576 394 716 455 litmarunr
732 393 825 453 nume
841 399 870 454 st
885 392 1021 455 doctrina.
1324 390 1411 464 1017

54 589 106 635 ms
127 572 185 635 hec
206 574 271 636 vice
290 573 402 635 iactum
425 591 491 637 esse
513 571 655 656 minime),
687 576 762 637 haec
788 576 1008 656 memphyticae
1033 576 1173 638 scientiae
1195 592 1263 653 pars
1286 574 1412 653 denique

55 660 201 722 illustrior
224 671 253 722 et
275 662 450 740 locupletior
471 665 664 740 omnibusque
687 667 814 724 numeris
836 665 1000 725 absolutior
1021 665 1160 724 constitui
1182 666 1306 741 possit.“

163 749 223 809 lias
246 768 319 828 quas
342 749 430 810 modo
458 751 610 811 retulimus
632 750 752 829 Kepleri
783 753 936 829 opiniones
965 768 1023 810 non
1049 749 1322 828 praetermittendas
1347 767 1412 812 esse

56 838 304 900 existimavimus.
349 837 406 914 Qui
429 838 506 898 enirn
530 840 584 896 viri
606 855 676 899 aera
697 841 796 915 magni
819 841 911 899 vitam
935 839 999 898 nult
1021 840 1221 911 conscribere,
1254 839 1281 897 ci
1304 855 1341 898 ne
1363 840 1412 897 irr-

55 924 212 985 llrrnitates
234 923 352 1003 quidem
376 932 464 1001 atque
487 940 597 985 errores
620 926 685 1003 ejus
707 926 778 987 licet
791 926 910 988 silentio
925 929 1092 1004 praeterire,
1115 926 1229 1003 majora
1251 926 1328 987 enim
1344 932 1413 985 sunt

57 1012 124 1090 elue
147 1014 259 1086 merita,
283 1029 371 1088 quarn
393 1012 609 1088 quae·illarnm
631 1017 907 1076 commemoratione
922 1014 1081 1075 eleventur.
1113 1013 1248 1073 Ceterum
1270 1012 1413 1072 admone·

56 1116 126 1159 mus
153 1100 278 1161 lectores
308 1098 502 1159 conclusionis
532 1101 628 1176 quarti
660 1100 726 1160 libri
754 1103 882 1162 anobis
910 1103 1033 1176 citatae,
1065 1101 1115 1160 uiri
1146 1102 1412 1178 experimenta

58 1195 175 1248 nutum
198 1204 230 1247 se
254 1188 295 1246 ait
316 1188 443 1263 prolerre
466 1202 561 1263 neque
584 1203 699 1264 cupere,
723 1197 756 1248 ut
778 1198 918 1265 tanquam
941 1206 1016 1264 opus
1038 1189 1125 1264 plane
1140 1189 1299 1265 perlectum
1324 1187 1414 1263 ,lima

55 1270 208 1345 liberrima
236 1275 357 1334 radonis
387 1275 529 1334 censura“
560 1276 770 1337 examinentur.
816 1274 900 1352 Quae
930 1279 1127 1352 experimenta
1157 1276 1318 1335 arctissime
1340 1291 1413 1333 con·

53 1360 162 1439 Jnnera
184 1368 253 1420 sunt
275 1377 341 1421 cnm
363 1363 475 1421 cunctis
497 1359 616 1439 Keplsri
637 1361 743 1423 studiis
766 1365 795 1422 in
817 1363 1008 1440 astrologiam
1030 1362 1180 1440 impensis.
1217 1360 1315 1436 Quum
1336 1364 1414 1422 enim

57 1464 120 1509 son
141 1446 237 1508 solum
260 1442 387 1508 mnn'eris
410 1449 474 1524 ejus
498 1456 583 1522 esset,
607 1464 673 1509 eam
695 1466 838 1524 exercere,
861 1451 914 1512 sed
937 1453 1026 1511 etiam
1047 1466 1152 1526 saepe,
1177 1457 1208 1507 nt
1230 1458 1282 1508 aut
1303 1465 1351 1508 res
1373 1447 1430 1509 ad.

57 1538 154 1595 vitam
175 1538 357 1596 necessarias
384 1536 439 1596 eibi
469 1543 652 1613 compararet
680 1547 733 1597 aut
759 1540 918 1600 amicornm
944 1539 989 1597 nei
1019 1539 1164 1598 lautorum
1187 1534 1275 1596 alieni
1297 1542 1413 1613 gratum

57 1622 183 1698 laceret,
214 1621 252 1682 ad
275 1641 341 1684 cam
364 1623 521 1699 coningere
544 1631 711 1700 cogeretur,
741 1642 874 1704 semper,
905 1643 963 1703 quo
992 1628 1085 1702 magis
1116 1623 1299 1684 tolerabilem
1328 1623 1412 1697 banc,

57 1726 151 1789 quarn
174 1712 267 1771 altare
289 1728 348 1771 non
371 1719 479 1788 posset,
504 1712 727 1789 occupationem
749 1713 806 1772 eibi
828 1714 944 1781 taceret,
970 1715 997 1770 in
1014 1729 1050 1773 eo
1065 1711 1246 1783 elaborabat,
1268 1719 1301 1770 ut
1316 1716 1414 1771 astro·

56 1796 172 1874 logiam
194 1798 294 1859 multis
314 1799 461 1859 'erroribus
483 1806 623 1876 purgaret
648 1806 679 1860 et
700 1800 894 1861 rationalibus
924 1802 1030 1860 tinibus
1058 1798 1304 1861 circumscriberet
1333 1803 1363 1858 et
1383 1799 1413 1855 ln

57 1883 298 1965 philosophicam
321 1885 468 1963 quandam
491 1886 612 1946 lerneam
634 1886 788 1963 redigeret.
836 1888 955 1947 Accedit
979 1887 1057 1963 qnod
1079 1887 1176 1946 studia
1198 1884 1414 1962 philosophice,

59 1972 214 2051 quasillo
238 1981 368 2052 tempore
391 1974 540 2050 vigebant,
563 1990 678 2051 semper
701 1976 779 2034 circa
800 1976 944 2052 eJuemndi
967 1973 1145 2035 subtilitates
1161 1974 1362 2044 versabantur,
1384 1978 1415 2032 et

59 2057 259 2139 quadrarum
282 2061 460 2121 naturalium
484 2063 607 2121 scientia
630 2063 718 2122 stiam
749 2069 810 2121 tum
834 2060 1052 2140 quodammodo
1081 2064 1110 2119 in
1133 2060 1319 2121 incunabulis
1343 2066 1415 2122 erat.

58 2146 103 2209 iic
121 2147 351 2225 petriflcationee
374 2148 490 2225 quidem
513 2156 575 2207 turn
597 2157 721 2211 naturas
744 2150 826 2209 lusus
841 2153 1000 2211 censebant
1015 2166 1088 2222 esse,
1111 2159 1164 2208 ant
1185 2164 1250 2207 cunr
1273 2147 1416 2225 partubus

58 2238 256 2296 monetmoeis
279 2235 327 2297 rel
352 2238 433 2295 vitiis
455 2235 655 2312 corporalibus
678 2254 714 2297 ex
737 2240 838 2297 matris
859 2238 1001 2314 gravidae
1017 2238 1225 2312 imaginatione
1249 2236 1319 2295 ortis
1334 2250 1417 2294 com·

57 2322 217 2402 parabant.
263 2324 319 2383 Vel
341 2324 475 2383 homines
497 2340 685 2399 nequaquam
706 2324 778 2384 latui
801 2333 990 2403 tempestates
1012 2331 1042 2385 et
1063 2323 1208 2401 procellas
1230 2340 1249 2382 a
1270 2323 1365 2398 magis
1386 2328 1417 2382 et

58 2410 235 2471 mulieribus
258 2410 397 2471 veneticis
420 2408 540 2470 conflari
562 2409 733 2486 credebant,
765 2428 861 2488 neque
884 2411 1029 2487 chlerue
1052 2412 1115 2489 ipae
1138 2410 1263 2470 aliorum
1286 2409 1417 2469 auctori·

58 2499 118 2559 tati
140 2496 227 2558 iidem
251 2497 364 2559 babens
388 2497 511 2572 dubitat,
536 2499 606 2573 quin
629 2496 725 2574 lapilli
745 2500 776 2559 in
799 2498 897 2558 hiatus
920 2502 1063 2559 montium
1085 2505 1137 2559 arrt
1158 2498 1241 2558 lacus
1261 2504 1417 2557 monuncs

58 2584 190 2661 conjecti
211 2588 241 2643 in
265 2587 301 2644 iis
320 2585 393 2644 locis
416 2591 606 2661 tempestates
628 2587 784 2647 concitent.
813 2586 947 2663 Vaporee
963 2595 1061 2647 antem
1084 2605 1119 2647 ex
1141 2594 1217 2645 terra
1240 2587 1366 2645 orientes
1385 2590 1415 2642 et

57 2670 191 2733 nebulae
213 2690 232 2731 a
254 2672 403 2732 montibus
425 2672 586 2749 pendentes
609 2681 640 2733 ct
661 2670 721 2733 alia
744 2672 888 2750 ejusmodi
906 2674 996 2733 sudor
1012 2672 1131 2751 quidem
1152 2680 1246 2732 terrae
1262 2672 1415 2733 existima-

59 2759 181 2821 bantur.
210 2760 358 2820 Beatiolas
374 2759 465 2818 intimi
486 2762 602 2836 generis
625 2761 654 2818 in
677 2759 754 2837 pelle
768 2760 894 2821 alionrm
916 2761 1086 2821 animalium
1103 2760 1241 2837 degentes
1256 2767 1287 2819 et
1300 2757 1416 2836 plantas

58 2848 237 2924 parasiticae
253 2847 452 2924 inexplicabili
469 2847 595 2924 quadam
614 2848 643 2905 vi
657 2847 819 2924 generabili
834 2860 956 2908 naturae
971 2849 1114 2925 putabant
1125 2848 1280 2924 procreari,
1296 2845 1417 2907 eadem·

58 2950 122 3010 que
144 2935 258 2994 ratione
280 2943 475 2995 monstrorum
497 2937 674 2995 marinorum
704 2934 788 2995 relat
817 2936 1007 2997 balaenardm
1028 2944 1058 2995 et
1078 2936 1257 3012 serpentium
1286 2933 1416 2993 manuc-

59 3038 128 3083 rtrm
152 3024 294 3098 originem
317 3021 520 3099 explicandam
543 3039 617 3083 esse.
664 3019 721 3097 Qui
745 3018 882 3097 Oa'rdani,
905 3022 1032 3097 Portas,
1062 3020 1093 3082 J.
1117 3022 1150 3081 C.
1174 3020 1318 3098 Scaligeri
1338 3019 1417 3081 alio·

59 3127 187 3188 rumque
210 3127 300 3187 opera
322 3109 442 3186 legerit,
474 3110 501 3168 ei
524 3125 583 3168 non
605 3108 770 3169 mirandum
797 3109 960 3182 videbitur,
991 3112 1016 3170 si
1038 3109 1199 3186 Keplerns,
1231 3111 1340 3186 qnippe
1364 3108 1416 3185 qai

58 3214 160 3276 neque
181 3198 312 3269 haberet,
335 3196 413 3256 unde
436 3213 536 3257 verum
558 3196 691 3268 disceret,
714 3213 810 3273 neque
833 3199 896 3274 ipse
918 3214 969 3257 eas
992 3214 1037 3256 res
1053 3198 1228 3273 perscrutari
1250 3202 1365 3273 posset,
1386 3201 1417 3255 et

59 3291 126 3367 ipso
148 3285 260 3344 talibus
291 3285 437 3344 erroribus
468 3284 628 3360 implicitus
657 3300 768 3360 eosque
797 3287 976 3362 argumentis
1004 3284 1217 3363 philosophicis
1245 3282 1416 3345 confirmare

58 3381 188 3439 eonarue
210 3381 264 3434 est.
310 3371 341 3432 Si
364 3380 517 3448 praeterea
539 3372 731 3447 reputaveris,
754 3381 934 3449 quantopere
956 3371 1103 3450 Keplerus
1134 3373 1244 3448 ingenii
1265 3371 1344 3431 lusui
1367 3372 1416 3429 in-

59 3461 185 3539 dulgere
207 3468 237 3520 ct
259 3459 370 3535 ubique
392 3459 547 3535 analogias
568 3457 710 3535 indagare
732 3458 836 3518 solitus
858 3461 905 3532 sit,
929 3461 1001 3519 eatis
1025 3459 1133 3523 dictum
1158 3457 1347 3519 videaturad
1362 3473 1415 3519 sx-

57 3547 231 3631 plicandam
251 3556 281 3607 et
302 3548 408 3623 partim
431 3545 627 3606 excusandam
649 3562 749 3607 aarum
771 3547 942 3623 opinionum
956 3549 1128 3619 novitatem,
1152 3562 1229 3624 qnae
1251 3547 1306 3606 sub
1328 3544 1415 3605 tinem

59 3638 159 3719 quarti
182 3643 212 3696 et
235 3636 318 3694 initio
343 3634 435 3710 quinti
459 3633 524 3693 libri
547 3634 772 3711 perscribuntur.

174 3723 309 3782 Ceterum
332 3737 510 3798 magnopere
534 3723 680 3795 erraverit,
704 3721 755 3796 qui
780 3720 895 3805 credat,
919 3719 1037 3781 eaedem
1060 3737 1137 3796 quae
1160 3722 1189 3777 in
1214 3727 1319 3795 quarto
1341 3717 1416 3777 libro

58 3812 152 3875 etiam
182 3813 213 3868 in
234 3810 339 3869 ultimo
362 3808 541 3869 Harmoniae
570 3808 645 3868 libro
675 3808 863 3884 quaestiones
893 3809 1044 3868 contineri.
1089 3806 1147 3866 llic
1170 3809 1246 3866 enirn
1269 3805 1416 3882 Kepleras

57 3897 163 3961 mundi
185 3896 367 3956 harmoniam
389 3898 487 3954 animo
510 3912 564 3955 suo
587 3895 756 3968 observans,
781 3912 870 3970 quarn
893 3894 960 3956 inde
982 3912 1001 3954 a
1022 3894 1176 3953 Prodromi
1198 3896 1244 3954 sui
1267 3894 1417 3970 conscrip-

57 3991 142 4049 tione
160 4001 224 4044 non
246 3985 400 4055 omiserat,
430 3980 482 4042 sed
506 3985 534 4039 in
557 3981 693 4042 omnibus
721 3985 858 4059 operibus
888 3983 1091 4043 ashonomicis
1114 3982 1325 4057 posterioribus
1346 3987 1416 4039 tan·

58 4090 152 4153 qnam
174 4088 319 4132 summurn
341 4069 503 4129 studiorum
525 4086 643 4128 suornm
665 4068 753 4128 linem
768 4072 861 4145 primo
876 4070 942 4130 loco
957 4078 1105 4146 posuerat,
1129 4071 1326 4129 astronomiae
1345 4083 1417 4127 nens

57 4159 248 4223 adminiculis
271 4160 474 4236 proportiones
496 4165 627 4216 motuum
650 4162 681 4216 et
702 4156 906 4217 distantiarum
921 4158 1114 4235 planetarum,
1139 4173 1214 4233 quas
1230 4157 1417 4216 observatio·

56 4248 149 4309 nibne
173 4255 410 4325 computarerat,
442 4261 507 4303 curn
529 4244 689 4305 harmoniis
711 4244 902 4305 musicalibus
924 4244 1120 4321 comparando
1144 4246 1284 4320 consequi
1307 4240 1415 4303 studet.

58 4336 158 4414 Quem
180 4334 219 4394 ad
242 4334 328 4393 tinem
351 4349 530 4409 quamquam
552 4347 590 4391 ne
612 4331 669 4391 hac
691 4330 809 4407 quidem
834 4335 883 4391 ris
911 4334 1045 4409 pervenit
1067 4333 1175 4410 (neque
1198 4333 1275 4391 enim
1298 4329 1328 4389 ld
1351 4346 1416 4388 orn·

57 4427 132 4485 nino
155 4421 253 4498 pertici
276 4437 364 4498 posse
387 4415 522 4499 ridetur),
545 4431 643 4479 tamen
666 4424 769 4479 mirum
786 4419 854 4478 tulit
867 4419 978 4480 laboris
993 4420 1170 4497 praemium3
1192 4435 1260 4479 narn
1274 4435 1327 4495 per
1344 4417 1417 4475 haee

58 4508 162 4573 studia
182 4507 375 4568 immortalem
399 4524 482 4565 suam
505 4508 620 4565 tertiam
643 4505 739 4582 legem
757 4509 878 4581 invenit,
902 4524 978 4584 quse
993 4509 1198 4584 proportiones
1213 4505 1280 4564 illas
1301 4502 1416 4582 simpli·

59 4600 179 4661 decime
194 4598 329 4673 exprimit
352 4603 381 4654 et
396 4594 541 4653 Nentonii
566 4593 602 4655 de
626 4595 821 4664 grasitetione
845 4594 993 4654 doctrinae
1016 4596 1102 4669 quasi
1124 4592 1343 4653 laudamentum
1359 4608 1417 4666 pn·

60 4684 155 4747 tanda
177 4691 232 4745 cst.
264 4682 373 4758 Rejicit
396 4684 424 4738 in
448 4681 499 4740 illo
515 4681 591 4740 libro
614 4680 760 4758 Kepietus
783 4685 957 4741 sententiam
981 4681 1018 4741 ab
1035 4684 1099 4757 ipso
1115 4683 1304 4757 propositam,
1327 4694 1417 4754 quarn

60 4774 114 4834 diu
136 4788 238 4832 reram
261 4772 493 4841 existimaverat,
525 4768 563 4827 ad
587 4784 710 4845 corpora
732 4767 879 4843 regularia
899 4777 981 4828 ratus
1001 4767 1170 4829 referendas
1192 4783 1257 4829 esse
1278 4764 1416 4844 planeta·

59 4876 128 4923 rmu
149 4860 272 4935 orbitas,
295 4874 448 4920 nummum
470 4864 570 4919 antem
593 4872 693 4918 eorum
708 4858 860 4917 etiamtum
882 4873 917 4919 er
940 4855 999 4916 iiiia
1020 4863 1122 4919 censet
1134 4855 1271 4934 pendere
1307 4853 1418 4915 &ohe
