3308 5534
540 394 811 468 sarmatarum
829 395 1117 454 admonuerim.
1417 398 1502 467 1005

146 578 376 655 lta-utrumqne
397 577 427 637 in
449 593 545 638 errore
568 573 771 640 venabatur.“
817 574 972 637 Exclamat
994 583 1097 637 auctor
1115 577 1251 653 juvenis:
1277 576 1376 658 „Quid
1397 579 1424 638 si
1445 577 1504 638 ali·

146 665 270 744 qnando
292 665 369 727 diem
383 665 465 725 illum
482 664 643 740 videamus,
667 682 726 742 quo
749 664 825 730 haec
847 664 968 724 inventa
990 664 1147 725 conciliata
1168 663 1288 724 eruntl“
1315 662 1503 739 „Vidimns“,

147 752 309 832 respondet
332 769 444 828 censor,
470 761 557 830 „post
580 759 620 814 22
643 770 738 812 annos
761 760 790 813 et
805 754 901 828 gavisi
916 770 1027 825 sumus,
1051 752 1155 811 saltem
1171 770 1235 827 ego,
1259 761 1331 829 puto
1347 761 1377 813 et
1390 752 1505 813 Maest-

146 841 229 903 llnns
252 849 282 902 et
303 841 420 917 plurimi
443 838 508 911 alii,
538 844 590 917 qui
612 841 719 900 librum
741 841 875 916 quintum
896 839 1090 899 Harmoniccs
1119 848 1187 898 sunt
1209 839 1322 913 lecturi,
1345 843 1505 917 participes

149 935 240 991 munt
260 924 393 1005 gaudii.“
440 927 487 986 dd
510 930 713 1002 quaestionem
736 925 873 987 dubiumr
898 927 997 1008 „Quid
1020 930 1045 986 si
1067 926 1136 986 hinc
1157 929 1232 986 ratio
1256 930 1504 987 ecccntricitatnm

145 1016 218 1079 alisi
232 1012 371 1094 possitu‘
395 1024 509 1075 monet:
535 1015 602 1090 „lta
616 1015 800 1076 somniabam
815 1012 852 1075 do
868 1015 1000 1088 veritate,
1025 1016 1129 1091 opinor
1152 1016 1229 1074 bono
1245 1014 1310 1074 Deo
1333 1017 1502 1092 inspirante.

149 1104 259 1165 Eliclta
280 1111 325 1163 est
346 1118 406 1162 non
425 1103 492 1162 hinc
507 1102 634 1178 quidem,
658 1101 709 1161 sed
733 1118 768 1160 er
791 1101 951 1161 harmoniis
967 1104 1041 1161 ratio
1058 1103 1314 1173 eccentricitatum,
1338 1102 1389 1162 sed
1406 1110 1503 1164 tamen

148 1191 300 1252 mediante
322 1190 379 1250 hoc
401 1192 537 1264 invent03
560 1207 614 1248 nec
638 1189 709 1247 illud
731 1195 799 1247 ante
820 1188 883 1249 fieri
906 1191 1010 1265 potuit,
1034 1206 1123 1264 quam
1137 1189 1195 1249 hoc
1210 1190 1395 1250 emendatum
1409 1189 1504 1251 lrabe-

146 1287 239 1341 retur.
283 1276 359 1337 Nam
386 1276 460 1336 libro
485 1280 587 1353 quinto
610 1275 854 1335 [daemonicorum
877 1278 973 1351 capite
996 1278 1082 1335 tertio
1111 1280 1230 1353 ponitur
1258 1279 1333 1336 inter
1361 1279 1505 1354 principia

149 1365 411 1429 demonstrationis
434 1364 508 1425 haec
522 1362 715 1440 sesquialtera
735 1360 914 1439 proportio.“
945 1363 1002 1421 Hir
1025 1362 1112 1423 finem
1133 1364 1203 1425 facit
1224 1367 1393 1425 aestimator
1408 1366 1505 1443 operis

147 1454 200 1515 siit
218 1452 375 1529 juvenilis:
401 1451 544 1528 „Ceterae
567 1451 724 1511 errantium
745 1466 931 1509 numerorum
953 1449 990 1510 ad
1005 1453 1158 1511 veritatem
1180 1451 1342 1512 suasiones
1364 1453 1503 1513 fortuitae

147 1549 230 1613 anna
251 1555 307 1599 neo
329 1538 434 1615 dignae
457 1556 534 1615 qnae
556 1540 754 1611 excutiantnr3
774 1537 923 1613 jucundae
947 1548 1043 1597 tamen
1066 1538 1138 1597 milri
1160 1542 1320 1614 recognita,
1344 1542 1414 1616 quia
1437 1558 1503 1603 nro·

148 1634 232 1700 neat,
255 1627 363 1704 quibus
383 1624 557 1699 maeandris,
581 1642 704 1702 qnorum
728 1627 872 1701 parietum
894 1624 1065 1702 palpatione
1086 1643 1138 1705 per
1161 1628 1296 1686 tenebras
1319 1629 1502 1703 ignorantiae

147 1714 191 1777 ad
212 1713 362 1791 pellucens
385 1715 491 1773 ostium
515 1715 647 1772 veritatis
671 1712 838 1773 devenerim
840 1754 947 1775 .....
996 1711 1100 1786 Vides,
1124 1713 1215 1773 lector
1237 1714 1377 1788 studiose,
1400 1715 1502 1776 libello

147 1801 208 1863 lanc
229 1803 342 1862 semim
363 1817 466 1877 sparsa
489 1818 553 1860 esse
576 1801 705 1860 omnium
728 1808 759 1859 et
778 1798 970 1874 singulorum,
995 1817 1071 1876 qnae
1090 1818 1124 1860 er
1139 1818 1175 1861 eo
1198 1809 1328 1877 tempore
1352 1805 1381 1860 in
1404 1812 1501 1864 astro·

149 1891 253 1950 nomia
275 1904 355 1947 nova
376 1896 407 1948 et
427 1888 518 1963 vulgo
540 1887 670 1948 absurda
691 1905 727 1947 ar
751 1888 920 1947 certissimis
934 1887 1042 1947 Brahei
1061 1888 1317 1949 observationibus
1333 1908 1351 1949 a
1367 1908 1413 1951 ine
1428 1908 1501 1951 con·

148 1979 257 2039 stituta
279 1983 309 2037 et
331 1975 530 2035 demonstrata
552 1983 629 2037 sunt
658 1975 762 2050 ltaque
785 1991 882 2050 spero,
907 1984 937 2033 te
956 1975 1057 2051 jocum
1080 1993 1178 2036 meum
1201 1976 1276 2036 libro
1300 1987 1404 2053 quarto
1421 1978 1501 2041 Har·
1613 1994 1617 2007 ·

147 2066 333 2127 monitorum
355 2081 414 2124 non
437 2065 539 2138 iniqua
561 2078 685 2122 censura
706 2060 943 2137 flagellaturum“
965 2066 1032 2134 (vol
1047 2072 1079 2122 v.
1098 2084 1127 2136 p.
1147 2067 1220 2132 262).

256 2151 300 2211 Ex
323 2153 368 2224 iis,
393 2168 470 2227 quae
493 2149 591 2211 adhuc
613 2149 704 2209 allata
726 2156 794 2207 sunt
815 2156 845 2208 et
867 2150 998 2226 inprimis
1014 2167 1050 2210 er
1066 2151 1185 2227 Keplerl
1203 2152 1299 2211 serbis
1313 2152 1400 2212 modo
1417 2152 1503 2214 dictis

149 2237 211 2301 hoc
233 2255 270 2299 ne
292 2240 321 2297 in
343 2240 495 2297 minimam
518 2235 636 2313 quidem
659 2235 871 2296 dubitationem
895 2239 994 2297 vocari
1016 2241 1139 2314 poterit,
1162 2237 1322 2314 Koplerum
1345 2243 1504 2315 cogitatio·

147 2325 322 2387 nomiliam
351 2327 381 2383 in
409 2327 503 2402 primo
530 2340 584 2385 suo
613 2340 702 2400 opera
730 2325 893 2399 expositam
922 2327 952 2382 in
982 2327 1117 2385 omnibus
1146 2343 1264 2401 qnoque
1294 2328 1504 2403 posterioribus

147 2413 236 2473 libris
258 2429 373 2490 semper
394 2420 526 2473 secutum
555 2429 620 2472 esse
648 2410 831 2487 eandemque
858 2414 981 2488 primam
1005 2430 1123 2472 cansam
1151 2414 1257 2485 fuisse,
1286 2431 1337 2473 cur
1365 2413 1402 2476 de
1425 2414 1503 2475 Hur-

147 2502 252 2561 monia
273 2499 379 2561 librum
401 2500 558 2576 scripserit.
601 2498 678 2559 Nam
705 2515 764 2557 non
794 2494 894 2558 modo'
910 2508 944 2559 ut
964 2502 1177 2559 astronomicas
1200 2501 1327 2561 rationes
1351 2509 1502 2569 statueret.

148 2586 191 2649 sd
213 2587 399 2664 Tyohonicas
422 2588 641 2647 observationes
664 2587 830 2645 accuratius
853 2586 1074 2662 cognoscendas
1096 2586 1241 2647 adductus
1256 2596 1309 2661 est,
1333 2588 1385 2648 sed
1409 2589 1502 2667 (quod

148 2676 178 2737 cl
201 2677 399 2751 praestantius
428 2676 556 2734 omnium
587 2676 793 2748 quaestionum
820 2672 969 2733 videretur
998 2677 1173 2749 praemium)
1204 2684 1237 2733 nt
1267 2694 1302 2735 ex
1334 2680 1501 2753 cognitione
1594 2692 1598 2697 ·

148 2760 221 2821 inde
244 2761 398 2837 depromta
412 2772 491 2821 certa
506 2769 677 2836 argumenta
691 2760 807 2821 afferret
821 2758 861 2820 ed
876 2759 1132 2821 demonstrandam
1147 2760 1227 2820 illam
1243 2765 1271 2820 ln
1287 2781 1381 2824 rerum
1398 2773 1503 2824 natura

149 2848 345 2922 harmoniam,
369 2867 457 2924 qnam
481 2857 597 2907 veteres
618 2846 826 2924 Pythagoraei,
850 2847 950 2920 Plato,
974 2847 1161 2908 Ptolemaeus
1185 2849 1290 2909 frustra
1313 2855 1410 2910 consti
1433 2861 1502 2912 sunt

149 2936 298 3013 sategere.
343 2936 446 3013 Neque
469 2935 629 3012 quidquam
652 2936 802 3011 antiquins
824 2935 928 2995 habuit
950 2954 1038 3011 quam
1069 2935 1142 3009 hcc,
1174 2946 1207 2994 ut
1228 2938 1450 3000 mathematicas
1472 2947 1503 3000 et

149 3025 353 3085 astronomiae
376 3040 432 3100 ope
448 3023 667 3094 demonstraret,
691 3039 785 3082 rernm
808 3023 1038 3098 universitatem,
1062 3024 1156 3084 oculis
1178 3027 1285 3084 nostris
1307 3028 1501 3102 perspicuam,

151 3111 326 3172 hemoniae
351 3110 468 3171 vinculo
491 3112 567 3170 inter
588 3126 620 3169 se
643 3126 803 3169 connexam
827 3127 921 3187 eaque
944 3103 1189 3187 ipsa'harmonia
1212 3111 1378 3173 Creatorem
1401 3113 1503 3174 mundi

149 3205 183 3261 st
205 3207 348 3271 ornatum,
372 3202 591 3274 congruentiam
614 3204 643 3255 et
666 3197 874 3271 aequalitatem
906 3196 1027 3257 fundare
1051 3199 1189 3259 voluisse.
1234 3200 1381 3278 Keplcrns
1402 3204 1501 3279 igitur,
1572 3208 1578 3217 ’

150 3303 244 3363 qnnm
266 3287 385 3346 auxiliis
409 3285 527 3362 adjutus
543 3303 562 3343 a
576 3283 717 3360 Tyclrone
740 3281 855 3344 traditis
870 3285 1024 3360 diligenter
1039 3289 1211 3361 exquireret,
1235 3306 1321 3363 quem
1338 3291 1366 3348 in
1382 3289 1501 3350 modum

148 3372 337 3453 planetarum
360 3383 389 3433 et
407 3375 507 3450 justae
530 3371 687 3431 distantiae
710 3378 740 3432 et
763 3373 824 3430 verl
846 3380 944 3431 motus
970 3376 1164 3450 pervestigari
1191 3385 1327 3451 possent,
1356 3376 1394 3437 ad
1423 3378 1501 3438 hunc
1600 3426 1603 3430 a

150 3461 300 3538 duplicem
322 3463 457 3538 persenit
479 3462 598 3518 exitum.
644 3458 739 3517 Veros
761 3460 874 3518 invenit
902 3459 1086 3535 planetarum
1116 3478 1217 3522 cursus
1238 3471 1269 3524 et
1298 3464 1344 3523 his
1376 3467 1502 3525 inventis

148 3565 185 3610 se
207 3549 311 3625 quales
333 3552 363 3607 in
385 3556 489 3609 natura
512 3546 681 3607 harmoniae
703 3545 783 3619 leges
806 3546 926 3607 valeant
949 3547 1093 3608 detexisse
1116 3548 1246 3609 credidit.
1294 3551 1367 3611 (inm
1390 3555 1502 3629 integro

150 3637 253 3699 animo
276 3653 371 3712 neque
394 3637 532 3712 opinione
554 3632 757 3710 praejudicata
777 3633 816 3693 ad
837 3637 1019 3711 propositum
1043 3636 1237 3709 contenderet,
1261 3656 1328 3697 mor
1345 3641 1502 3716 perspexit,

148 3724 375 3784 observationes
387 3723 582 3800 tyrannicas,
593 3738 667 3799 quas
682 3723 918 3781 accuratissimas
933 3739 998 3783 esse
1014 3740 1072 3798 quo
1085 3732 1164 3783 certo
1179 3723 1309 3801 liaberet,
1325 3744 1343 3785 a
1360 3726 1503 3803 Copeml·

148 3826 236 3883 cans,
260 3828 338 3887 quae
360 3810 484 3870 circulos
507 3809 672 3880 adhiberet,
697 3809 810 3869 rationo
832 3808 1006 3886 discrepare.
1045 3809 1188 3884 Quamvis
1212 3811 1390 3893 differentis,
1414 3831 1502 3890 quam

149 3899 229 3958 lrrter
250 3897 354 3957 Martis
384 3897 560 3958 calculatum
583 3904 613 3956 et
635 3897 823 3957 obseruatum
852 3895 949 3956 locum
979 3897 1241 3971 animadverterat,
1273 3902 1394 3960 ruinima
1422 3908 1502 3962 essct

147 4001 249 4061 neone
270 3984 336 4063 plns
360 4002 448 4062 quam
472 3993 538 4045 octo
561 3983 699 4061 scrupula
727 3983 821 4060 prima
842 3983 985 4056 efficeret,
1016 3983 1146 4061 Keplero
1176 3993 1274 4046 tamen
1297 3990 1370 4047 satis
1393 4002 1501 4065 magna

149 4071 319 4147 ridebatur,
343 4080 376 4131 nt
398 4073 507 4132 multos
529 4089 580 4150 per
602 4088 697 4130 curios
720 4070 863 4131 conferret
884 4078 915 4131 et
930 4074 1018 4130 variis
1033 4072 1129 4131 modis
1143 4090 1213 4133 snas
1230 4073 1413 4152 aliorumque
1428 4093 1501 4137 con·

147 4160 283 4239 jacturas
305 4162 347 4219 sic
369 4161 524 4220 immutare
547 4169 576 4219 et
598 4176 725 4234 aequare
747 4157 887 4231 studeret,
911 4166 944 4218 nt
965 4159 1133 4220 observatio
1156 4168 1187 4221 et
1202 4161 1358 4222 calculatio
1381 4166 1456 4224 inter
1471 4182 1503 4225 se

147 4249 358 4309 comentirent.
389 4247 448 4308 Sed
470 4250 598 4307 maxima
612 4246 765 4323 diligentia
788 4255 817 4306 et
839 4244 1011 4307 assiduitate
1033 4255 1063 4307 et
1086 4250 1252 4326 incorrupta
1267 4253 1356 4309 animi
1379 4253 1503 4328 integri·

148 4341 214 4397 tate
237 4341 267 4396 et
288 4338 362 4395 mira
384 4336 445 4409 illa,
469 4336 564 4412 qualis
579 4333 701 4411 Kepleri
725 4340 797 4405 erat,
821 4333 930 4410 ingenii
952 4333 1116 4396 mobilitate
1139 4353 1213 4413 opus
1236 4343 1308 4408 erat,
1332 4346 1365 4397 ut
1386 4341 1503 4415 experi-
1587 4404 1594 4416 Ι

147 4423 258 4484 mentis
273 4426 431 4482 innumeris
447 4426 553 4483 frustra
569 4422 662 4494 factis,
687 4438 890 4498 quaecumque
905 4422 960 4498 ipsi
977 4424 1049 4481 mira
1063 4424 1244 4498 imaginandi
1259 4424 1386 4485 facultas
1401 4426 1503 4487 odom

147 4516 283 4591 potarat,
313 4510 459 4569 indefesso
488 4510 587 4571 studio
609 4512 714 4569 iterum
737 4508 834 4569 denno
857 4525 996 4584 quaerere
1019 4517 1049 4569 ct
1070 4512 1192 4570 scrutari
1221 4513 1377 4587 inciperet,
1409 4513 1502 4573 donec

148 4596 272 4659 tandem
294 4599 369 4657 ratio
393 4600 477 4657 unice
500 4615 570 4657 vera
592 4597 713 4657 inventa
736 4603 766 4655 et
787 4612 898 4656 errores
920 4612 1058 4674 prospere
1081 4601 1195 4657 excussi
1218 4608 1326 4660 essent
1371 4600 1409 4659 Et
1430 4601 1503 4661 lraec

149 4686 204 4745 vis
225 4686 310 4745 unice
333 4702 404 4745 rera
426 4685 586 4762 ellipsis
611 4693 663 4745 eet.
700 4682 793 4743 Varia
816 4683 868 4743 ills
888 4686 1096 4760 experimenta,
1119 4702 1241 4761 quornm
1265 4703 1322 4764 ope
1344 4686 1502 4747 modoad·

146 4772 248 4835 lrlbita
269 4771 460 4851 Tychoniana
483 4771 571 4831 modo
594 4771 797 4848 (lopernicans
825 4773 955 4845 ratione,
985 4770 1072 4831 modo
1098 4776 1245 4849 „vicaria“
1271 4774 1441 4849 conjectura
1462 4778 1502 4837 alr

148 4862 220 4945 ipso
241 4863 411 4941 excogitata
434 4860 616 4939 quaestionis
637 4876 783 4922 summam
806 4856 1008 4921 difficultatem
1030 4859 1164 4941 frangam
1186 4860 1289 4940 vallet,
1321 4862 1396 4925 rarii
1417 4862 1502 4927 danl-
1596 4870 1604 4879 “
