3308 5534
754 373 832 432 rete.
1399 375 1465 446 817

128 575 202 633 am,
224 556 338 634 eritque
359 572 475 617 rursum
496 553 659 614 Novembri
681 559 712 614 et
733 553 891 615 Deccmbri
912 554 1113 630 sequentibus.
1144 553 1195 629 At,
1218 556 1243 615 si
1266 554 1323 616 hae
1346 572 1465 630 caussa

128 644 258 709 .omodo
280 644 395 723 agunt?
432 644 510 703 Num
532 643 629 703 locum
651 641 763 702 habent
784 660 868 702 meae
891 642 1112 719 explicationes,
1137 660 1213 719 quas
1235 642 1310 704 aliae
1333 644 1466 722 usurpo?

128 751 187 797 xm
213 733 299 793 astris
322 733 379 793 Dei
406 747 528 804 munus,
561 729 706 789 formandi
737 729 873 804 effectus,
901 747 1089 806 nequaquam
1119 732 1327 792 transscribere
1357 735 1465 809 cogito.

128 830 183 887 rto
204 821 293 896 igitur
314 822 345 878 in
367 826 512 879 astrorum
526 820 624 884 ,etiam
648 818 771 890 ratione,
793 820 850 877 sim
869 816 926 877 hoc
940 808 1072 894 tempor'e
1096 816 1284 879 vehementer
1305 820 1337 877 in
1351 821 1468 880 allecti·

128 926 162 969 rs
189 924 271 969 meae
294 916 418 967 naturae
440 905 643 978 familiaribus,
667 907 697 961 in
721 903 903 978 credulitate,
927 907 958 963 in
980 908 1178 967 ostentatione
1200 908 1330 983 pietatis,
1353 909 1469 967 miseri·

128 993 242 1071 ardiae,
272 996 302 1055 in
325 996 493 1072 captatione
521 993 617 1061 lamae
640 1009 677 1051 ex
698 995 785 1052 norls
808 998 839 1053 et
859 992 1018 1069 paradoxis
1048 993 1179 1054 consiliis
1202 1002 1233 1054 et
1261 994 1467 1070 singularitate

128 1089 261 1155 ictorum,
286 1083 316 1143 in
330 1082 458 1165 sollicita
471 1082 618 1139 rationum
634 1079 783 1139 variarum
797 1081 1022 1156 conquisitione,
1040 1083 1268 1164 comparatione,
1283 1079 1468 1156 excussione,

128 1188 144 1229 a
167 1173 312 1231 anxietate
335 1172 425 1229 animi
448 1170 526 1228 cirea
550 1167 734 1227 electionem.
780 1166 842 1227 Sim
864 1168 1002 1244 exemplo
1026 1177 1056 1227 et
1078 1171 1157 1245 ipse,
1191 1170 1289 1229 Deum
1311 1187 1377 1229 raro
1399 1188 1468 1230 cur-

128 1274 183 1317 mm
195 1266 313 1333 naturae
330 1261 527 1325 intervertere,
553 1263 582 1313 et
597 1262 695 1313 tamen
709 1255 835 1314 formare
849 1262 938 1331 etque
955 1256 1110 1331 disponere
1127 1258 1317 1315 consiliorum
1334 1265 1467 1317 eventus.

128 1344 250 1419 Agnosco
278 1344 467 1423 marrifcstum
497 1345 614 1418 signum
644 1343 758 1417 gratiae
781 1342 839 1401 Dei
868 1344 897 1402 in
925 1341 982 1402 hec
1011 1345 1106 1418 prima
1133 1361 1274 1419 persona,
1306 1344 1386 1421 quod
1408 1362 1468 1403 non

128 1433 221 1506 evenit,
243 1432 324 1508 quod
348 1435 466 1493 evenire
488 1436 613 1506 poterat,
637 1435 670 1487 ut
691 1427 744 1487 illa
766 1428 839 1487 mibi
861 1429 994 1491 nuberet
1033 1429 1202 1506 Sequuntur
1224 1431 1311 1503 aliae.

218 1518 292 1579 Cum
312 1528 407 1579 matre
430 1518 502 1578 milri
524 1524 593 1577 suat
615 1517 785 1591 propositae
809 1515 884 1576 dirae
906 1516 993 1591 ultae,
1018 1517 1096 1579 malo
1120 1521 1232 1591 omine,
1257 1522 1282 1577 si
1305 1519 1469 1580 honestetis

130 1602 209 1665 uero
230 1606 444 1684 qualiscunque
467 1609 497 1663 in
520 1603 591 1663 mali
615 1605 721 1662 ominis
735 1612 817 1680 parte
839 1604 976 1680 ponenda
998 1613 1052 1664 est.
1091 1605 1129 1665 Et
1144 1610 1219 1667 ratio
1236 1606 1336 1679 dietat,
1359 1607 1469 1666 melum

131 1693 305 1769 portendisse,
328 1693 381 1754 esd
403 1693 513 1752 malum
535 1700 703 1766 cognatum,
728 1690 842 1750 scilicet
863 1694 1011 1751 sinistram
1035 1691 1252 1753 abhorrentium
1267 1695 1358 1755 enimi
1380 1713 1401 1754 a
1421 1712 1471 1754 re-

132 1782 248 1855 ceptione
275 1781 405 1856 consilii,
436 1798 539 1857 parum
569 1779 692 1838 honeste
714 1784 733 1837 a
755 1780 886 1855 petronis
916 1781 1089 1839 laminarum
1115 1779 1217 1840 oblati.
1264 1782 1304 1841 Αι
1326 1780 1400 1840 illud
1422 1799 1470 1842 me

131 1868 219 1927 mirum
240 1869 340 1942 babet,
364 1871 389 1927 si
412 1869 521 1929 malurn
545 1866 601 1925 boc
625 1883 710 1925 omen
735 1874 794 1940 est,
818 1883 870 1925 cnr
892 1867 1073 1943 portenderit
1095 1867 1204 1927 malum
1227 1867 1315 1944 plane
1338 1867 1467 1929 alienum

130 1970 238 2015 acaum
261 1958 320 2016 ieta
340 1954 440 2016 laesae
463 1955 637 2014 honestatis.
669 1955 745 2013 Ecce
761 1948 839 2013 e'nim
861 1953 996 2013 fortunae
1010 1954 1180 2029 ludibrium,
1205 1955 1287 2015 nulla
1301 1973 1367 2016 mea
1383 1955 1471 2032 culpa

132 2034 304 2105 uariatum.
346 2043 413 2103 Non
437 2050 550 2102 tantum
573 2043 657 2101 initio
680 2058 746 2099 cum
769 2049 862 2100 matre
883 2039 945 2100 lilia
968 2041 1071 2101 dotata
1092 2043 1156 2113 fuit,
1180 2041 1232 2103 scd
1255 2046 1344 2104 ctiam
1367 2052 1473 2119 postea

130 2128 154 2189 ln
173 2133 440 2208 compensationem
462 2131 564 2188 matris
588 2130 767 2187 recusantis:
794 2126 980 2189 vehementer
995 2146 1041 2187 me
1064 2129 1190 2205 perculit
1212 2130 1382 2191 deformitas
1398 2148 1471 2195 conr

130 2216 188 2289 tilii,
209 2226 240 2279 et
260 2226 359 2279 mmen
381 2219 467 2294 coepi
490 2217 526 2276 de
549 2214 717 2275 conditione
746 2217 900 2291 inquirere.
945 2215 1064 2276 Interim
1088 2216 1157 2276 dum
1180 2219 1310 2278 animum
1332 2237 1352 2278 a
1373 2218 1472 2277 viduis

129 2302 161 2367 td
179 2306 307 2382 uirgines
329 2306 471 2365 transfero
495 2312 525 2363 et
547 2303 583 2363 de
606 2303 727 2362 absente
750 2319 809 2361 non
831 2311 900 2362 ante
923 2305 988 2363 risa
1011 2306 1126 2379 cogito,
1159 2307 1238 2381 cepit
1265 2324 1311 2366 me
1335 2313 1472 2381 aspectus

129 2394 280 2467 mentis
304 2399 334 2453 el
355 2392 480 2469 probata
502 2389 717 2467 physignomia.
762 2388 842 2451 Satis
870 2389 906 2450 de
931 2390 1105 2451 educatione
1136 2393 1306 2467 constabat,
1339 2391 1473 2469 splendi-

131 2475 186 2539 Μ
206 2481 303 2555 magis
332 2497 397 2539 esse
427 2496 516 2555 quam
547 2477 619 2535 mihi
649 2476 762 2536 utilem.
807 2475 930 2537 Deliciis
959 2486 1022 2538 erat
1048 2480 1177 2539 enutrita
1204 2497 1294 2556 supra
1315 2481 1472 2552 fortunam,

130 2580 176 2627 nec
195 2566 297 2628 admet
318 2575 402 2627 aetas
425 2574 496 2642 apta
519 2567 595 2623 curis
619 2563 797 2625 domesticis.
842 2564 889 2624 De
911 2564 1011 2624 indole
1035 2574 1132 2626 temen
1159 2584 1195 2626 ex
1225 2567 1310 2627 vultu
1329 2567 1475 2644 judicium

131 2651 213 2715 ferens
247 2657 359 2731 optima
388 2670 524 2729 quaeque
554 2652 724 2727 sperabam,
755 2653 781 2710 si
805 2654 893 2711 etiam
915 2654 1024 2712 sororis
1048 2652 1220 2714 accederent
1247 2654 1473 2728 admonitiones,

132 2738 243 2805 frmlnae
266 2745 404 2818 optimae.
450 2736 591 2800 Consului
620 2756 776 2815 personam
807 2741 959 2815 utriusque
987 2748 1119 2800 nostrum
1149 2742 1355 2817 peritissimam
1377 2759 1474 2817 aeque

133 2844 161 2887 ac
182 2829 437 2889 studiosissimam.
490 2826 591 2886 Visum
622 2835 667 2886 est
694 2826 751 2900 illi,
783 2826 953 2886 tentandam
983 2826 1102 2903 puellae
1131 2838 1262 2888 matrem.
1313 2830 1389 2889 Nam
1419 2829 1473 2888 etsi

133 2910 272 2977 haberem
300 2935 440 2994 generum
470 2921 530 2974 tam
558 2917 695 2974 teneritcr
723 2913 842 2973 habitae
872 2931 1014 2989 quaerere
1045 2915 1214 2989 ridebatur,
1245 2924 1359 2992 optare·
1375 2924 1474 2977 tamen

135 3005 214 3081 nqis
242 3022 331 3081 quam
362 3021 479 3081 sperare
510 3008 641 3079 poterat,
671 3001 709 3060 ob
732 3019 778 3059 res
807 3002 921 3061 accisas
944 3008 974 3061 ct
997 3001 1154 3061 Caesarem
1175 3011 1332 3064 nrorluum.
1378 3005 1476 3063 Etiam

135 3100 213 3151 nater
235 3093 421 3152 deliberavit.
465 3089 540 3148 Mihi
571 3090 628 3148 hoe
650 3097 714 3148 eret
735 3086 904 3161 consilium,
933 3090 1062 3149 rabones
1084 3107 1166 3149 meas
1189 3090 1384 3150 dissuasorias
1407 3108 1475 3167 per-

136 3178 377 3239 altercatorum
400 3180 509 3250 mairie,
533 3178 658 3237 feminae
682 3184 712 3234 ct
726 3174 970 3251 prudentissimae
994 3174 1116 3236 etliliae
1131 3181 1361 3238 amantissimae.
1399 3178 1475 3238 Nam

136 3264 306 3345 dproharet
328 3285 424 3327 meum
447 3264 617 3337 consilium,
649 3279 707 3320 non
730 3263 791 3321 fore
812 3262 920 3321 falsam
943 3280 1144 3341 mcumspcm
1167 3266 1203 3325 do
1227 3265 1333 3329 indole.
1377 3264 1474 3326 Unum

135 3348 216 3425 bata
238 3372 286 3414 me
316 3361 394 3414 recte
425 3353 551 3425 lactnm3
585 3349 691 3409 melius
720 3358 817 3409 tamen
845 3350 952 3412 luisset
983 3368 1041 3409 non
1072 3360 1186 3428 petere,
1220 3354 1299 3429 quod
1322 3351 1475 3430 probabile

136 3446 194 3515 ext,
213 3459 271 3500 non
294 3440 472 3517 placiturum
496 3442 590 3499 matri.
634 3437 709 3496 Nam
732 3446 825 3497 meter
848 3437 989 3514 denique,
1013 3442 1145 3498 excussis
1168 3443 1347 3511 rationibus,
1370 3441 1476 3500 statuit

135 3540 213 3588 aanor
234 3529 315 3591 filiae
338 3529 436 3605 plures
459 3534 645 3602 exspectare,
669 3531 698 3583 et
714 3527 891 3585 tuteomuia
905 3525 1118 3600 administrate,
1141 3527 1220 3586 fama
1235 3529 1317 3587 nulla
1339 3531 1475 3587 excitata.

136 3608 232 3675 lfeusis
254 3617 328 3677 abiit
350 3633 402 3692 pet
424 3616 478 3674 bas
502 3631 595 3680 curas,
620 3613 792 3688 interimque
814 3610 913 3688 Prega
936 3629 991 3688 ego
1016 3613 1151 3673 discessi:
1175 3632 1243 3674 narn
1267 3622 1319 3674 aut
1333 3632 1472 3691 sponsum
1556 3630 1560 3637 ·

137 3699 261 3777 abunere,
284 3712 338 3762 aut
360 3711 453 3762 toturn
476 3702 657 3778 propositum
682 3717 748 3758 cum
771 3702 836 3775 ipsa
859 3701 930 3760 urbo
945 3701 1119 3775 relinquere,
1144 3704 1239 3760 visum
1263 3711 1308 3761 cet
1331 3703 1476 3762 edictum-

136 3802 180 3865 que
192 3793 285 3853 matri.
311 3791 409 3866 Atque
426 3791 499 3849 haec
515 3785 645 3849 sectanda
659 3794 713 3859 cst,
730 3785 768 3845 ad
784 3789 899 3846 tertiam
916 3790 1012 3849 venio.
1035 3787 1101 3846 Non
1118 3791 1195 3847 enirn
1212 3799 1316 3849 noceat
1335 3799 1475 3866 repetere,

136 3876 200 3951 quod
221 3877 333 3937 illustri
357 3877 557 3937 Generositati
580 3874 663 3933 Tuae
682 3874 745 3949 jam
762 3883 849 3935 antea
865 3882 1001 3934 oretenus
1016 3876 1112 3949 retuli,
1136 3877 1249 3936 scilicet
1263 3887 1295 3935 ut
1310 3895 1347 3936 ex
1363 3879 1475 3948 itincre,

136 3964 200 4037 quod
221 3965 354 4024 Lincium
379 3967 576 4034 institueram,
609 3964 637 4018 in
661 3961 827 4021 llorariam
850 3962 1034 4036 deflexerim,
1064 3972 1195 4023 resumto
1224 3965 1365 4038 consilio,
1397 3962 1476 4040 quod

134 4047 203 4111 uiuo
223 4060 344 4129 propter
366 4051 580 4111 deformitatem
604 4041 802 4124 displicuerat.
833 4048 892 4109 Hic
908 4051 1023 4111 animus
1039 4051 1163 4125 calebat,
1187 4051 1291 4122 fateor,
1316 4052 1477 4127 quaerebat

135 4139 354 4217 tupplemeutum
378 4142 562 4216 nuperrimae
590 4137 733 4211 jacturae,
757 4136 830 4195 nihil
854 4145 953 4197 tamen
975 4137 1051 4197 adeo
1075 4156 1110 4198 ex
1134 4138 1241 4199 calore.
1273 4138 1349 4199 Veni
1371 4141 1400 4196 iu
1416 4155 1477 4198 rem

135 4236 313 4303 armantem,
338 4227 449 4304 placuit
472 4229 570 4302 uirgo,
595 4232 657 4282 erat
680 4223 806 4283 educata
828 4224 866 4283 ad
890 4225 1075 4284 commodum
1098 4244 1209 4300 meum,
1234 4227 1309 4286 mira
1332 4227 1476 4303 prompti·

136 4312 221 4375 ludina
244 4315 383 4393 amplexa
406 4323 452 4375 cst
472 4315 581 4373 liberos
605 4328 703 4370 nreos:
728 4311 757 4368 id
779 4314 972 4391 praecipuum
995 4321 1057 4371 erat
1080 4312 1294 4373 firmamentum
1317 4319 1478 4388 conceptae

137 4393 259 4478 fiduciae,
283 4418 319 4462 ex
342 4402 399 4462 lrac
421 4419 547 4478 propera
570 4398 686 4469 fiducia,
711 4397 780 4458 dum
804 4402 855 4458 uni
871 4402 913 4459 rei
928 4402 1050 4458 nimium
1072 4419 1137 4459 sum
1153 4404 1291 4475 intentus,
1315 4400 1478 4460 firmandae

136 4488 233 4551 trilicet
256 4491 424 4567 sponsioni,
455 4492 484 4547 in
508 4488 567 4547 alia
590 4504 619 4547 re
643 4504 746 4562 parum
770 4494 874 4547 cautus
898 4487 955 4561 fni,
986 4505 1044 4551 non
1075 4487 1189 4548 scilicet
1210 4490 1283 4548 satis
1306 4491 1372 4548 cavi
1396 4505 1478 4548 com-

136 4576 216 4639 bod'u
237 4580 324 4639 meis.
368 4576 445 4636 Nam
466 4577 576 4635 liberos
600 4573 705 4649 reliqui
728 4574 843 4634 futurae
865 4576 965 4648 matri,
990 4593 1065 4651 quos
1088 4584 1192 4651 postea
1214 4594 1280 4635 cum
1303 4584 1403 4636 sumtu
1425 4592 1479 4634 ac-

136 4674 232 4729 itrtete
255 4665 298 4724 fui
323 4673 453 4725 coactus.
500 4664 546 4723 De
568 4663 701 4737 reliquo,
734 4669 766 4719 ut
788 4677 879 4739 snpra
901 4662 971 4735 dixi,
994 4663 1112 4722 fortuna
1134 4666 1164 4721 iu
1188 4663 1276 4740 culpa
1300 4672 1355 4724 cst.
1400 4662 1477 4721 Nam

133 4743 433 4833 amnuntiandum
456 4767 540 4812 suam
568 4758 637 4809 ante
660 4765 768 4808 aunum
792 4750 988 4810 obstrinxerat
1011 4751 1078 4825 alli,
1112 4753 1162 4827 qui
1191 4753 1305 4810 interim
1333 4758 1478 4811 scortator

131 4844 214 4903 sinit
240 4838 398 4918 filiumque
421 4857 455 4901 ex
484 4838 591 4919 pellice
620 4843 790 4914 susceperat
819 4854 915 4916 eoque
944 4840 1027 4900 nisus
1058 4846 1104 4900 est
1136 4837 1232 4900 deseri
1258 4855 1363 4915 posse:
1392 4844 1479 4917 grata

170 4940 433 4999 apamaenum.
1234 4939 1269 4997 ω
