3308 5534
144 426 211 499 792
654 426 718 482 Vita
733 423 849 482 loannis
866 421 988 493 Kepleri.

146 610 194 670 dte
217 608 302 669 Wort
331 606 389 684 bey
413 604 478 666 dem
510 606 662 681 gemeincn
687 604 778 665 Maon
805 603 963 665 entlehnen
992 605 1129 677 mhssen,
1157 619 1194 663 so
1217 600 1267 662 wil
1297 600 1350 661 der
1369 600 1482 679 gustas

144 697 236 757 Mann
260 696 303 754 sie
325 694 406 753 nicht
428 692 545 752 auderet
568 691 741 764 verstehen,
773 691 850 752 dano
879 695 935 751 wie
958 710 989 751 er
1010 690 1181 767 gewohnct,
1215 693 1304 751 weiss
1328 689 1418 750 nichea
1436 704 1485 747 rra

146 785 202 845 den
225 783 471 843 abstractionibus
494 781 690 857 generalium,
721 782 816 841 sichel
837 798 893 840 nur
914 780 978 839 nali
997 779 1044 839 dis
1068 786 1223 851 concreta,
1254 777 1320 837 lobt
1343 778 1393 837 ahl
1418 778 1488 836 siau

146 871 290 932 Ostendet
312 873 341 927 iu
364 872 459 929 ciuem
483 869 680 928 nutrcffenden
696 868 772 943 Fall,
795 869 848 927 sul
860 867 990 928 welches
1013 866 1064 926 der
1087 866 1195 925 author
1216 866 1267 924 'nic
1288 864 1420 941 gedaelrt
1440 862 1489 921 nd

87 1014 94 1029 ,
149 959 238 1020 sehilt
260 959 410 1034 hingegen
434 950 572 1027 aul’ihn,
596 973 681 1015 wana
706 955 759 1016 das
782 956 898 1016 Wetter
919 955 1000 1015 nicht
1022 955 1142 1033 kbmpt,
1164 956 1223 1013 wie
1245 970 1280 1013 er
1301 952 1377 1012 ihrna
1397 968 1492 1029 cyagr-

147 1046 254 1120 hildet,
283 1063 317 1103 so
348 1043 422 1102 doch
455 1052 531 1102 etna
554 1043 605 1102 der
623 1042 771 1102 Galender
794 1047 823 1101 in
849 1045 954 1103 seiner·
973 1041 1139 1117 mhglichen
1162 1039 1352 1101 Generaliter
1378 1056 1428 1116 gar
1445 1037 1492 1097 aul

147 1133 344 1209 augctrolien:
368 1129 507 1192 Welcher
529 1130 666 1190 serdruss
688 1131 765 1190 rnich
782 1131 977 1204 verrrsaehet,
1002 1130 1070 1190 dass
1085 1130 1133 1189 ich
1148 1128 1282 1189 endrltch
1296 1127 1358 1187 hab
1370 1126 1494 1187 sehim

147 1219 292 1282 Calender
312 1237 350 1278 zu
373 1218 536 1278 schreiben.

127 1330 131 1336 ·
252 1307 286 1365 Iu
311 1306 440 1379 suntme,
464 1324 495 1364 es
518 1305 607 1381 gebel
629 1307 684 1363 wie
707 1306 765 1382 bey
788 1305 843 1365 dcn
867 1304 1056 1381 Philosophis
1072 1303 1236 1363 Platonicis
1258 1304 1315 1361 snit
1336 1300 1392 1362 den
1412 1302 1494 1361 uasi-

106 1385 111 1397 '
148 1398 204 1455 hus
226 1394 287 1453 vad
311 1402 417 1464 mente,
441 1410 527 1452 waun
551 1393 602 1451 der
624 1393 700 1452 Herr
722 1394 761 1451 im
777 1392 878 1452 Hauss
893 1396 939 1452 ein
955 1392 1029 1451 Nerr
1050 1395 1097 1463 ist,
1122 1391 1181 1450 vad
1197 1391 1280 1450 nicht
1295 1389 1393 1450 selber
1405 1390 1492 1449 bam

148 1486 244 1557 weiss,
269 1483 323 1540 nie
347 1499 377 1540 er
401 1483 466 1541 eine
488 1498 598 1557 anssge
623 1480 776 1540 verstehen
801 1481 859 1539 rud
882 1480 1067 1539 auffrrchmen
1090 1477 1174 1549 sollo,
1199 1496 1234 1538 so
1256 1479 1317 1536 kan
1341 1477 1417 1537 thura
1436 1477 1491 1535 le'u

148 1572 220 1631 Bott
242 1569 323 1629 recht
344 1568 427 1639 than,
452 1568 523 1628 oder
544 1586 708 1645 gnugsarnc
731 1567 943 1643 nechriehtang
964 1569 1102 1642 bringen,
1135 1566 1214 1626 donn
1237 1565 1290 1625 der
1313 1564 1384 1624 Bott
1403 1564 1492 1634 selbra

151 1658 202 1719 der
223 1674 338 1728 sensus,
362 1659 400 1714 ist
424 1655 482 1714 viel
504 1674 541 1715 zu
565 1657 638 1733 grob
663 1654 720 1715 sod
746 1655 956 1731 vnvcnrendrg
978 1655 1089 1714 hierna.

252 1755 401 1825 Keplerum
420 1771 491 1810 anuo
513 1757 579 1813 1609
598 1754 660 1810 daei
679 1755 925 1823 librttcmbergieo
944 1754 1107 1810 sententiam
1127 1768 1205 1809 auam
1225 1753 1259 1809 dc
1277 1751 1335 1809 hdr
1353 1752 1492 1809 hortm

152 1844 344 1915 proposuisse,
363 1858 447 1912 supra
466 1842 597 1909 diximum
620 1840 758 1912 theologis
776 1840 1016 1910 Whrtembergicis
1034 1842 1105 1896 hanc
1124 1841 1329 1897 contessionem
1347 1842 1432 1897 minua
1446 1838 1491 1911 ptr

151 1933 250 2002 coisse,
269 1929 341 1985 intra
359 1930 474 1999 patebit,
493 1929 564 1984 sicut
583 1927 666 1984 etiem
684 1944 718 1982 ax
736 1927 779 1984 his
798 1926 833 1983 ad
850 1927 995 1984 Motthism
1014 1927 1234 1985 Hstcnretterum
1252 1928 1329 1985 datis
1346 1928 1438 1986 hterh.

255 2070 392 2141 Kepleras
411 2070 493 2138 igitur
510 2069 578 2124 haee
597 2067 709 2139 scripsit
725 2067 925 2125 Hatenretlero.

254 2247 427 2310 Reverendo
451 2256 481 2308 et
503 2249 672 2307 charissime
695 2248 734 2311 1),
750 2247 936 2324 Praeceptor.
974 2249 1048 2309 Cum
1071 2250 1101 2308 in
1124 2249 1204 2308 hunc
1227 2249 1414 2310 tabellarium
1426 2247 1492 2309 Har·

149 2334 328 2413 pachensem
351 2336 527 2409 incidissem,
551 2338 613 2395 sine
637 2336 728 2394 literis
751 2334 788 2394 ad
811 2334 847 2394 R.
872 2335 907 2395 T.
931 2353 990 2394 non
1014 2340 1113 2397 censui
1137 2337 1356 2411 dimittendum,
1378 2354 1493 2415 praetu-

149 2427 204 2485 tim
227 2426 297 2499 quia
324 2442 407 2502 spem
435 2427 480 2484 sui
510 2423 621 2482 reditus
650 2423 718 2482 lecit
741 2424 818 2482 intra
844 2425 1025 2500 septimanas
1047 2444 1108 2484 sex.
1155 2426 1261 2501 ltaque
1283 2426 1431 2501 significo.
1457 2438 1492 2485 ι

151 2510 190 2572 ad
212 2510 313 2571 literas
341 2522 421 2584 tuas,
454 2512 561 2589 quibus
590 2528 673 2587 spem
701 2511 833 2586 responsi
862 2510 900 2571 ad
930 2529 1075 2588 personne
1106 2530 1188 2573 meae
1218 2514 1403 2588 objectiones
1426 2512 1490 2581 lasz

151 2601 334 2676 rescripsisse
364 2618 416 2676 per
438 2607 553 2675 postem
577 2615 671 2673 eoque
694 2615 780 2674 spero
811 2605 839 2658 te
867 2599 933 2657 illas
961 2603 1117 2676 recepisse.
1162 2600 1280 2675 Quum
1303 2601 1374 2679 qaid
1402 2603 1491 2659 interra

151 2694 325 2763 conceptum
348 2697 393 2747 est
414 2705 433 2746 a
455 2704 603 2763 quoquam
627 2692 678 2744 tuo
702 2685 750 2746 vel
767 2686 803 2745 l).
825 2686 862 2745 b.
879 2686 1053 2746 Cancellarii
1076 2688 1205 2759 hortatu,
1231 2687 1272 2762 id,
1297 2706 1356 2747 uon
1378 2690 1490 2749 aba*

152 2775 293 2851 quiequid
316 2776 486 2834 acerbitatis
509 2775 582 2833 torte
605 2774 723 2846 habeat,
746 2771 835 2832 modo
859 2773 894 2834 de
918 2783 1014 2834 cetero
1037 2775 1119 2835 Tuae
1142 2786 1172 2836 et
1196 2776 1374 2836 euocatum
1394 2784 1490 2836 seat*

151 2866 211 2922 tiae
233 2864 272 2921 sit
295 2872 538 2932 consentaneum,
567 2879 638 2936 rogo
667 2864 865 2937 praesentium
893 2861 978 2921 lutari
1011 2862 1118 2924 tradas.
1164 2862 1261 2923 Simul
1286 2876 1386 2925 autern
1405 2876 1432 2924 et
1450 2862 1490 2921 har

152 2967 233 3026 rogo,
259 2958 291 3008 ut
314 2950 453 3026 quiequid
477 2949 556 3025 apud
579 2949 613 3008 lc.
638 2948 733 3008 Tuam
763 2949 867 3025 reliqui
896 2950 1070 3009 schedarum
1099 2968 1151 3012 seu
1180 2955 1355 3025 germanico
1376 2951 1489 3011 rhenus
1525 2996 1527 3011 .

151 3055 204 3097 seu
228 3037 335 3109 latino,
366 3038 438 3096 illud
460 3038 521 3112 jum
545 3037 652 3109 adulas,
682 3046 714 3095 ut
738 3035 855 3096 taudem
877 3037 1037 3113 aliquando
1061 3037 1098 3098 sd
1121 3056 1210 3099 suum
1233 3040 1387 3100 dominam
1406 3054 1487 3099 rerer·

152 3131 261 3185 matur.
306 3124 381 3183 Nem
404 3127 430 3183 si
454 3143 552 3184 esrum
577 3124 733 3199 Tubingse
757 3123 804 3183 vel
828 3122 1017 3186 Stucosrdiae
1041 3145 1110 3185 usus
1133 3144 1199 3186 esse
1223 3132 1342 3204 potuit,
1367 3146 1429 3188 eun
1444 3125 1490 3201 it!

152 3220 225 3290 puto
248 3215 421 3288 exspirasse.
460 3212 513 3272 Sin
537 3220 650 3281 autern,
677 3220 707 3269 ut
731 3211 882 3271 extiteris
906 3213 1059 3288 eujusdam
1083 3213 1266 3275 intellexisse
1292 3216 1405 3285 videor,
1423 3214 1490 3273 Stat·

152 3299 280 3358 cordiam
304 3299 406 3376 aliqua
429 3299 464 3360 de
488 3302 523 3357 iis
547 3298 685 3374 ablegata
707 3318 726 3357 a
749 3307 778 3358 te
801 3300 917 3359 suerunt
940 3304 968 3356 in
985 3319 1081 3361 rueram
1096 3303 1300 3377 commodum,
1322 3322 1359 3364 ea
1380 3316 1489 3381 quoen-

153 3404 210 3462 que
232 3390 417 3462 pervenerint
439 3394 519 3446 sarta
542 3396 620 3445 tecta
643 3388 704 3446 lore
728 3395 810 3462 puto,
833 3404 928 3463 eoquo
950 3397 980 3447 st
996 3390 1051 3450 troc
1070 3407 1151 3465 rogo,
1176 3400 1209 3449 ut
1232 3390 1488 3451 tabellariorum

153 3491 219 3535 eum
242 3473 351 3534 scheda
373 3475 411 3533 ad
435 3474 485 3532 illa
508 3475 666 3550 repetendo
681 3474 866 3550 Pragsmque
889 3475 1070 3552 deportanda
1093 3478 1225 3554 ableges.
1258 3480 1490 3557 requiemque·

153 3578 269 3636 cunque
292 3561 344 3622 illu
366 3561 489 3621 lectores
513 3572 600 3621 nacta
623 3564 744 3635 tuerint,
770 3579 820 3620 eos
843 3562 900 3621 hoc
922 3574 1073 3639 reputasse
1095 3574 1182 3641 puto,
1207 3584 1255 3626 me
1279 3584 1341 3626 non
1364 3567 1490 3643 reliquisse

153 3649 206 3708 illa
228 3657 261 3707 ut
283 3651 319 3707 iis
342 3650 450 3709 chartis
474 3653 611 3725 privarer,
637 3652 722 3724 quasi
745 3649 815 3708 mihi
839 3649 917 3709 domi
941 3670 1044 3711 marrus
1067 3653 1104 3712 ad
1128 3653 1257 3712 urendas
1282 3655 1431 3721 defuerint.
1449 3646 1488 3711 ad

152 3745 186 3794 ut
206 3737 360 3813 scrupulis,
383 3754 459 3812 quos
481 3736 589 3797 elrartis
613 3739 757 3813 cupressi,
786 3746 901 3813 promte
924 3738 1129 3814 theologorum
1153 3744 1344 3803 institutione
1366 3744 1488 3803 liberaret.

152 3822 211 3883 Sed
234 3827 302 3900 qui,
333 3835 366 3883 ut
383 3843 478 3901 ‚supra
501 3824 619 3897 dictum,
644 3841 763 3901 operans
787 3824 834 3884 hic
856 3826 926 3883 rnihi
950 3827 1121 3899 collocavit,
1145 3831 1173 3889 ci
1197 3828 1235 3888 dc
1259 3830 1416 3891 honorario
1434 3844 1489 3885 are·

152 3910 275 3984 demtse,
299 3914 325 3970 si
348 3921 493 3988 repertam
516 3922 545 3972 et
567 3921 715 3987 receptum
738 3914 840 3985 suerit,
871 3930 923 3988 pro
946 3915 1066 3973 arbitrio
1089 3926 1141 3974 tuo
1163 3934 1232 3977 mco
1255 3922 1378 3979 nomine
1398 3908 1487 3991 aluei

152 3996 252 4058 dones.
298 3998 349 4056 Sin
374 4009 472 4058 autem
495 4002 594 4074 periit,
617 3999 789 4059 dilationem
812 4011 880 4076 peto
904 4000 973 4059 dum
996 4003 1084 4079 paulo
1105 4004 1264 4065 liberalius
1289 4007 1362 4065 mihi
1383 4024 1416 4066 er
1433 4000 1486 4061 sah

151 4094 260 4159 nostro,
285 4089 327 4143 uti
349 4104 418 4161 spes
441 4105 533 4163 nuper
556 4087 642 4158 tactu,
666 4088 753 4146 tuerit
776 4095 972 4164 prospectum.

257 4171 331 4231 Cum
353 4174 501 4232 audissem
524 4174 709 4250 respondisse
725 4174 999 4250 Heidelbergenses,
1022 4175 1128 4254 puduit
1146 4179 1285 4239 nonnihil
1309 4181 1377 4241 talei
1397 4176 1486 4237 hild:

152 4258 221 4317 mihi
246 4262 323 4319 enim
348 4270 411 4320 erat
433 4261 552 4332 dictum,
576 4279 634 4320 non
650 4279 850 4338 responsuros.
882 4261 921 4323 Ut
943 4263 1011 4340 legi,
1035 4266 1156 4325 miratus
1171 4284 1241 4325 sum
1257 4268 1328 4329 illos
1341 4286 1397 4329 nea
1410 4266 1486 4343 pes·

152 4349 182 4404 in
204 4345 332 4405 solidum
356 4351 492 4419 tacuisse,
516 4366 604 4425 quam
628 4358 660 4408 ut
681 4353 800 4409 arrectis
824 4350 965 4410 lectorum
981 4352 1173 4413 sollicitorum
1190 4358 1301 4417 animis
1315 4350 1485 4418 rehu&

151 4432 316 4494 illuderent.
363 4434 438 4494 Nam
462 4436 533 4511 quid
556 4437 627 4496 mihi
650 4437 769 4514 prodest
792 4438 830 4498 de
852 4438 937 4499 saetis
953 4442 1109 4500 resciscere
1123 4459 1330 4518 personarum,
1353 4436 1485 4521 quini·

152 4523 247 4578 cinam
271 4533 409 4598 exspecto
434 4522 604 4597 dogmatum
628 4533 658 4583 et
680 4543 782 4601 pacem
807 4528 920 4602 capto?
958 4527 1049 4586 Vides
1066 4543 1210 4603 quantum
1234 4524 1485 4607 argumentost·

152 4606 223 4684 quid
247 4609 364 4684 publice
386 4611 542 4684 scribendi,
566 4616 592 4669 si
614 4615 660 4671 eui
684 4613 892 4675 concederetur
915 4615 1103 4688 catthenos,
1127 4635 1220 4691 quam
1234 4620 1296 4678 sibi
1317 4620 1412 4679 sumit
1430 4626 1483 4673 t*

152 4703 268 4770 ceptum
299 4714 396 4757 meam
422 4702 637 4775 germanicum,
669 4711 699 4761 et
719 4703 745 4761 si
769 4704 887 4763 occasio
917 4712 1047 4779 pateret,
1080 4703 1194 4781 aliquid
1224 4704 1336 4767 edendi
1355 4714 1483 4783 supr*

151 4786 278 4845 nomine.
1522 4786 1527 4809 ⁴

254 4869 358 4933 Scribo
376 4874 441 4953 jam
461 4874 595 4938 οιοιιὶιίἱ
616 4892 709 4939 cama
729 4884 833 4939 eontra
847 4877 1016 4943 Hubertaru
1031 4877 1205 4959 Stormlm
1227 4881 1318 4963 cuju
1329 4896 1403 4945 ana
1415 4878 1479 4941 teet
