3308 5534
791 397 873 459 tute.
1437 398 1503 471 863

145 592 179 645 te
200 584 233 643 in
252 580 403 659 colloquio
424 580 583 640 subsecuto
606 576 695 640 ealda
716 575 889 655 scrupulose
911 591 1069 652 quaerere,
1096 593 1193 653 neque
1221 583 1320 637 tamea
1347 579 1507 655 quiequam

146 687 300 734 accusate.
323 669 488 747 ¹Repetam
519 670 622 743 igitur:
655 683 721 725 cum
750 666 780 723 in
801 663 904 725 libello
928 662 1085 723 Chemnitii
1113 673 1209 725 exstet
1238 667 1382 741 integrum
1405 672 1507 744 caput,
1576 716 1580 723 .

146 758 309 821 adhortans
330 767 365 817 ut
386 756 478 816 rerba
501 753 610 816 Christi
631 753 812 813 institutoria
832 749 1087 828 scrupulosissime
1102 761 1132 811 et
1146 755 1345 814 concisissime
1366 770 1420 830 per
1441 771 1507 814 om·

146 864 205 907 uss
225 847 324 923 apices
348 842 582 905 consideremus:
605 840 682 901 idem
706 857 761 917 ego
785 856 903 917 quoque
924 839 1091 899 iaciendum
1112 847 1203 914 ratus,
1227 840 1507 919 diligenternotavi,

146 928 311 995 Christum
326 933 357 991 in
381 948 474 991 coena
502 947 561 989 non
590 928 686 988 dicere
717 930 857 988 continue
886 928 1018 987 oratione
1042 926 1142 1002 „edita
1164 945 1270 1006 corpus
1300 932 1429 1003 menm“,
1452 945 1508 989 nec

149 1022 260 1099 ,maie
282 1026 328 1081 eet
354 1035 463 1096 corpus
483 1018 619 1091 meum“;
641 1015 694 1076 sed
717 1032 783 1077 cum
805 1014 887 1093 prins
909 1015 1087 1090 porrexisset
1113 1032 1222 1091 panem
1244 1024 1275 1079 et
1296 1019 1421 1077 seorsim
1438 1016 1506 1092 jus·

146 1111 248 1181 susat,
272 1108 427 1184 „accipite
451 1105 560 1174 edite“,
585 1112 646 1164 tum
669 1102 787 1163 demum
810 1109 840 1162 et
861 1118 974 1160 rursum
998 1099 1154 1177 sejunctim
1176 1106 1399 1180 pronunciavit,
1432 1104 1508 1180 ,hoc

153 1201 203 1257 est
226 1212 331 1272 corpus
354 1190 528 1272 meum“*);
553 1200 583 1252 et
605 1190 635 1249 id
660 1191 831 1250 observarit
845 1187 982 1264 religiose
997 1187 1118 1260 Paulae,
1143 1208 1270 1271 „panem
1284 1209 1371 1269 quem
1394 1192 1508 1269 trangi-

147 1300 229 1357 mus‚
253 1290 299 1343 est
320 1284 486 1341 communio
509 1281 647 1356 corporis,
672 1277 809 1355 poculum
825 1276 1020 1349 benedictum,
1045 1280 1091 1336 cui
1109 1270 1316 1353 benedicimus,
1341 1283 1508 1339 commuuio

148 1371 305 1447 sauguinis
326 1371 403 1429 est“.
448 1367 533 1427 Haec
564 1369 652 1442 igitur
674 1382 734 1424 non
761 1372 807 1425 est
834 1363 1046 1441 scrupulositas
1077 1365 1285 1427 mathematica
1314 1367 1367 1426 sed
1396 1369 1509 1444 origine

149 1457 367 1529 Chemuitiaua,
391 1453 526 1532 exemplo
548 1452 690 1524 Paulina,
714 1469 769 1511 neu
793 1451 924 1528 vulgaris
947 1450 1152 1523 theologorum
1175 1455 1367 1530 Augustanae
1390 1456 1508 1515 contes-

148 1547 252 1618 sionie,
276 1545 328 1621 qni
349 1562 386 1603 ex
400 1542 457 1603 hoc
479 1543 546 1600 loco
569 1547 809 1617 argumentantur
831 1547 933 1598 contra
952 1538 1134 1615 pontificios:
1157 1544 1243 1618 panis
1258 1559 1378 1616 coenae,
1401 1559 1509 1619 quam·

150 1635 201 1693 ris
221 1638 416 1703 consecretur,
438 1631 464 1689 si
487 1637 585 1690 umen
609 1645 666 1687 non
690 1626 793 1687 edatur
815 1643 851 1687 ex
873 1635 1031 1704 praecepto
1055 1627 1172 1704 Christi,
1194 1646 1254 1688 non
1278 1637 1323 1691 eet
1344 1632 1388 1690 sic
1402 1647 1508 1708 corpus

152 1718 273 1781 Christi.
312 1718 376 1778 Imo
399 1717 537 1776 Hunnius
558 1715 656 1776 adhuc
678 1714 877 1791 scrupulosius
899 1712 1038 1789 loquitur,
1061 1723 1151 1791 nogat
1173 1733 1279 1793 corpus
1296 1716 1402 1778 Christi
1419 1734 1509 1779 manu

151 1807 281 1869 ministri
302 1806 370 1867 lerri
393 1803 517 1865 deloco
540 1802 700 1877 inlocum,
723 1801 775 1862 sed
798 1800 868 1861 dum
888 1804 975 1878 panis
997 1804 1133 1863 inseritur
1156 1804 1184 1861 in
1208 1822 1242 1865 os
1265 1806 1508 1866 communicantis

151 1892 227 1977 (hec
247 1899 294 1955 eet
315 1888 429 1971 edere),
460 1890 594 1951 Christus
624 1890 688 1967 ipse
710 1891 783 1949 citra
803 1887 863 1949 loci
884 1891 1027 1949 rationem
1050 1906 1189 1966 praesens
1211 1892 1332 1952 exhibet
1353 1910 1413 1953 nna
1436 1893 1508 1969 (hoe

151 1992 202 2045 ast
224 1978 405 2058 communio)
428 1995 534 2054 corpus
561 1995 656 2040 suum.
702 1976 833 2037 Dicimur
860 1977 949 2053 igitur
977 1976 1062 2037 edere
1093 1995 1199 2056 corpus
1229 1978 1355 2054 domini,
1387 1982 1509 2058 quiesi

151 2071 243 2148 panis
265 2071 322 2128 iste
345 2085 381 2127 ex
404 2072 561 2143 praecepto
577 2064 685 2125 Christi
708 2063 812 2136 editur,
836 2074 915 2123 certo
938 2071 968 2123 ot
989 2063 1107 2124 realiter
1122 2064 1173 2126 'est
1187 2070 1354 2127 communio
1378 2070 1509 2145 eorporis

148 2157 229 2235 ejus.
272 2154 357 2215 Haec
387 2160 485 2227 erant,
517 2170 593 2228 quae
621 2160 691 2211 tunc
720 2151 757 2210 R.
779 2151 870 2226 Dign.
894 2149 978 2211 Tuae
1006 2155 1204 2228 suspicionem
1233 2163 1401 2230 moverant,
1432 2172 1509 2232 quse

148 2252 231 2307 uerte
251 2260 311 2303 non
334 2244 363 2300 in
386 2258 451 2301 mco
474 2240 593 2301 cerebro
615 2247 695 2313 nata,
718 2238 770 2298 sed
786 2256 822 2299 ex
837 2237 1042 2314 theologorum
1056 2244 1231 2303 nostratium
1253 2246 1386 2321 scriptis,
1408 2245 1435 2302 si
1450 2258 1508 2304 non

148 2332 189 2393 de
213 2331 304 2391 verbo
327 2329 365 2389 sd
388 2329 510 2389 verbum
540 2327 663 2399 hausta,
693 2326 798 2386 saltem
826 2326 1052 2386 occasionaliter
1081 2327 1215 2389 derivata
1241 2340 1326 2405 sunt,
1355 2333 1508 2393 curiositas

150 2420 223 2498 ipsa
243 2435 311 2478 mea
333 2434 391 2477 uon
415 2423 470 2476 est.
516 2412 692 2491 Quanquam
714 2430 773 2473 non
789 2415 913 2473 ¹memini
937 2421 965 2473 te
988 2421 1089 2490 aperte
1112 2416 1182 2492 quid
1206 2417 1426 2494 reprehendere.

257 2503 318 2566 Sed
336 2504 400 2580 jem
422 2500 604 2563 concludam.
649 2500 683 2560 In
714 2502 834 2578 negotio
856 2500 887 2561 S.
911 2500 1029 2561 Coenae
1057 2519 1144 2578 spero
1174 2520 1229 2564 voe
1250 2505 1324 2564 nihil
1346 2505 1509 2581 habituros,

148 2591 235 2673 qnod
258 2594 288 2650 in
311 2609 359 2653 mc
382 2582 637 2670 desideretis**);
660 2591 689 2646 in
712 2589 844 2649 articulis
866 2590 971 2649 ceteris
994 2590 1129 2650 omnihus
1143 2592 1299 2668 acquiesco
1317 2594 1510 2667 Augustanos

148 2680 333 2745 confessioni
362 2686 391 2738 et
418 2675 575 2738 Formnlae
600 2675 798 2752 Concordiae3
829 2676 858 2733 in
885 2674 951 2736 solo
981 2675 1103 2737 articulo
1127 2676 1163 2739 de
1192 2680 1322 2756 generali
1344 2683 1511 2757 praesentia

149 2769 250 2831 carnis
272 2783 332 2827 non
355 2783 476 2843 possum
499 2765 637 2823 damnare
660 2763 742 2836 illos,
774 2763 824 2840 qui
853 2763 1014 2839 loquuntur
1041 2781 1107 2824 cum
1130 2768 1262 2841 patribus
1290 2785 1379 2845 supra
1402 2770 1508 2841 citatis,

147 2858 277 2935 ipseque
306 2854 382 2913 adeo
412 2851 471 2911 illie
498 2852 655 2927 phrasibus
681 2859 766 2926 utor;
796 2852 822 2910 si
845 2849 901 2910 hoc
922 2849 992 2911 licet
1013 2853 1161 2928 excipere,
1192 2862 1313 2931 paratus
1344 2873 1409 2915 sum
1436 2855 1509 2914 euh-

147 2944 281 3007 euicere
298 2939 479 3001 Concordiae
503 2947 535 2997 ut
557 2939 651 2997 laicus
673 2945 703 2996 et
726 2940 776 3013 qui
791 2937 927 3009 intuatur,
949 2955 981 2997 se
1003 2937 1071 2997 hinc
1095 2938 1161 3000 inde
1177 2940 1322 3025 haesitare
1345 2945 1422 3003 circa
1436 2959 1510 3004 con·

148 3030 345 3093 structionem
368 3035 397 3088 et
419 3027 545 3086 relativa
568 3024 715 3085 vocabula
737 3041 795 3084 non
817 3023 948 3099 liquidae
971 3023 1133 3089 relationis.
1177 3027 1248 3088 Jarn
1270 3028 1402 3107 theologi
1424 3048 1510 3091 suam

148 3117 364 3181 conscientiam
386 3132 474 3191 super
496 3114 645 3173 iunctione
673 3129 736 3186 sua,
759 3131 779 3171 a
801 3111 918 3172 Christo
940 3113 997 3172 sihi
1022 3116 1193 3189 commissa,
1218 3116 1406 3193 dispensandi
1430 3118 1509 3177 illius

148 3206 308 3284 mysteria,
339 3204 520 3274 examinent,
552 3218 589 3260 an
617 3200 683 3276 jure
707 3206 737 3259 et
759 3217 795 3259 ex
816 3199 969 3259 voluntate
993 3200 1100 3260 Christi
1124 3219 1170 3262 me
1200 3221 1297 3266 arcere
1320 3205 1413 3265 velint
1435 3222 1455 3265 a
1477 3204 1508 3267 S.

150 3291 266 3355 Coena.
312 3290 349 3349 Et
373 3291 443 3365 quia
465 3288 501 3347 R.
525 3289 613 3364 Dign.
636 3286 702 3345 Tua
724 3286 879 3363 'l'uhingae
902 3286 973 3346 mihi
997 3286 1085 3362 dixit,
1109 3293 1260 3366 negotium
1284 3310 1349 3353 esse
1371 3292 1508 3369 plurium,

148 3381 330 3456 rogavitque
352 3394 390 3436 an
412 3377 521 3453 patiar,
552 3375 582 3433 id
605 3391 671 3435 curn
694 3373 752 3433 illis
775 3376 997 3448 communicari,
1028 3393 1111 3451 spem
1139 3380 1228 3451 igitur
1254 3379 1323 3439 iecit
1350 3380 1421 3439 mihi
1453 3380 1509 3439 ad-

148 3467 321 3529 vocationis
350 3463 429 3541 apud
458 3463 653 3538 theologicam
677 3460 847 3523 facultatem
874 3470 903 3521 et
933 3465 1233 3541 consistorium***);
1266 3467 1317 3526 ills
1343 3485 1396 3544 spe
1419 3469 1509 3527 iretns

150 3571 211 3632 ego
234 3553 332 3613 adhuc
353 3553 429 3611 insto
452 3552 598 3610 submisse
621 3549 699 3626 apud
721 3548 757 3611 R
780 3549 870 3625 Dign.
893 3549 988 3609 Tuam
1019 3568 1149 3628 rogoque
1171 3561 1203 3611 ut
1226 3556 1256 3611 in
1279 3572 1363 3615 sacro
1389 3558 1509 3632 negotio

149 3650 276 3721 prepter
298 3639 453 3710 Christum,
478 3638 562 3713 cujus
585 3639 714 3713 corporis
736 3638 897 3697 membrum
920 3639 963 3696 uti
986 3656 1031 3698 me
1054 3657 1119 3699 esse
1140 3658 1242 3719 spero,
1265 3643 1307 3701 itu
1330 3649 1360 3701 et
1382 3644 1420 3702 ab
1443 3642 1509 3702 aliis

154 3729 225 3806 ejus
249 3727 385 3787 membris
408 3726 510 3786 haberi
534 3728 635 3801 cupio,
668 3726 709 3784 uti
733 3725 788 3784 hoc
810 3726 1006 3801 patrocinium
1029 3744 1125 3786 areum
1148 3731 1177 3785 in
1201 3746 1232 3786 ee
1255 3731 1398 3804 suscipiat
1420 3729 1509 3788 mihi·

148 3833 212 3894 que
235 3817 457 3891 responsionem
479 3816 623 3889 impetret,
646 3830 704 3872 rron
729 3829 805 3887 quse
829 3822 969 3888 evagetur
992 3812 1110 3889 aliaque
1133 3816 1253 3873 crimina
1280 3816 1409 3875 cumulet
1430 3817 1509 3898 (nem

146 3906 262 3980 siqua
289 3909 390 3974 erunt,
420 3909 543 3978 possunt
574 3900 643 3959 mihi
673 3899 762 3975 objici
792 3908 860 3959 ante
894 3899 1074 3959 definitivam
1101 3905 1278 3962 sententiam
1315 3920 1429 3979 egoque
1458 3912 1510 3964 aut

149 3990 266 4052 diluam
288 3997 340 4049 aut
364 3988 542 4065 deprecabor
564 3988 690 4064 probata
713 3994 743 4046 et
765 3988 893 4064 agnita),
923 3986 975 4047 sed
1000 4006 1075 4064 quac
1104 3989 1183 4049 hisce
1205 4008 1224 4049 a
1247 4008 1293 4051 me
1317 3993 1459 4051 confessis
1480 3998 1510 4052 et

147 4077 317 4156 suppositis
340 4076 382 4154 (in
405 4093 494 4136 sensu
517 4093 604 4151 quom
628 4076 719 4135 verba
741 4073 837 4134 ierunt
859 4082 889 4135 et
918 4092 976 4133 non
1006 4079 1035 4133 in
1059 4076 1116 4136 aiio
1141 4076 1256 4137 detorto
1279 4081 1398 4155 sumtis)
1429 4080 1508 4139 inni·

148 4161 281 4244 tatur†).
326 4163 411 4240 Rogo
443 4166 548 4223 iterum
578 4170 697 4239 propter
720 4161 880 4236 Christum,
908 4170 941 4221 ut
963 4161 1040 4222 hanc
1062 4183 1157 4224 meam
1180 4167 1381 4241 exceptionem
1406 4168 1509 4243 eequis

148 4254 300 4315 oeusmtis
331 4251 439 4324 oculis,
478 4268 573 4326 neque
604 4251 771 4326 superbiam
809 4251 1037 4326 interpretemini
1073 4261 1175 4312 contra
1205 4262 1424 4329 praeceptores,
1455 4262 1508 4314 aut

148 4340 367 4403 contumaciam
391 4345 492 4398 contre
515 4339 687 4410 monitores,
720 4345 773 4397 aut
794 4340 985 4413 pertinaciam
1009 4340 1037 4397 in
1069 4357 1164 4399 errore
1188 4343 1277 4400 etiam
1304 4344 1420 4419 agnito:
1443 4359 1509 4402 euru

147 4427 339 4489 mandatum
366 4427 406 4485 eit
433 4443 468 4486 er
497 4425 553 4486 hac
583 4442 650 4486 msa
677 4425 903 4486 denunciatione
936 4428 999 4486 sive
1025 4429 1234 4504 promissione,
1256 4446 1317 4490 rem
1343 4430 1393 4507 agi
1418 4429 1507 4508 longe

256 4596 285 4662 *l
302 4599 466 4648 Harenrehsri
484 4594 631 4659 marginata:
650 4598 741 4658 Stulta,
759 4598 888 4663 quodnam
905 4598 952 4649 hoc
971 4604 1009 4649 set
1027 4615 1117 4664 corpus
1135 4599 1245 4651 chnuht

246 4666 285 4733 ⁸)
304 4668 502 4718 ilsienrctierns:
522 4669 632 4718 Maxime
652 4668 828 4720 desideramus.
866 4670 893 4719 Si
912 4670 979 4718 enim
997 4668 1122 4731 generalis
1145 4672 1356 4736 omnipraessutls
1373 4671 1445 4723 nulls
1462 4680 1508 4737 est,

151 4739 223 4792 nulla
241 4754 344 4806 quoque
362 4741 387 4787 in
407 4754 492 4791 coena.

231 4808 276 4841 ”⁸
306 4808 502 4859 lieisnreilerns:
520 4809 622 4857 Erranti
639 4809 801 4873 pertinaciter
817 4823 948 4877 nunqnam
966 4825 1022 4862 snm
1039 4812 1194 4864 advocatus.

256 4877 277 4947 †
304 4880 502 4931 ilatsuratlsrnsr
520 4880 549 4931 Si
564 4877 728 4943 intelligeret:
747 4880 860 4933 Verbum
877 4882 942 4934 Caro
959 4885 1056 4935 mnus
1071 4889 1119 4951 est,
1136 4883 1203 4935 nihil
1218 4888 1351 4953 pateretur
1366 4891 1486 4941 torturas
1583 4944 1590 4958 ,
