3308 5534
448 374 629 439 Summarium
646 380 786 440 Historiae
803 382 995 442 Astronomiae
1012 380 1106 443 murlo
1122 380 1196 442 XVI.
1439 379 1504 451 591

140 563 207 606 nvn
224 552 426 611 metonomicos
443 554 605 627 aequalitati
622 558 698 627 prius
716 558 953 628 conformandam,
971 566 1004 615 ut
1020 558 1055 615 ud
1073 558 1157 615 talem
1174 556 1377 629 inquisitionem
1395 554 1432 612 sit
1447 555 1506 613 ido·

139 652 207 695 nea.
245 638 392 711 Triplicem
415 642 499 713 igitur
521 644 631 699 modum
655 647 812 705 docebimus
835 646 1019 703 commutandi
1042 661 1179 717 apparens
1201 655 1309 715 tempus
1327 646 1356 701 iu
1373 644 1503 717 amasis:

142 726 263 793 primum
281 726 463 785 universalem
481 738 564 804 atque
583 736 702 791 omnium
720 738 915 805 rectissimum,
937 737 1005 807 ipsis
1021 734 1153 791 ιιιίιιιιιιιι
1170 733 1320 789 artificibus
1337 732 1504 803 Ptolemaeo,

144 812 298 883 copernico
317 823 345 871 et
362 818 423 874 aliia
450 820 497 891 qui
520 822 572 878 hos
589 831 753 893 aequantur,
777 824 840 879 inde
865 824 1040 893 subjiciemus
1057 820 1127 876 alios
1145 820 1215 877 duos
1232 819 1342 891 modos,
1362 835 1431 891 quos
1449 834 1505 875 uon

143 900 245 971 injuria
263 904 366 961 dixeris
382 908 576 976 particulares,
602 912 666 982 quia
687 911 801 981 singulis
818 912 955 968 aetatibus
973 927 1058 966 novos
1083 908 1241 965 desiderant
1265 922 1399 975 canones,
1424 922 1505 975 repu-

144 987 229 1047 diatis
247 990 410 1061 prioribus.“
447 996 523 1051 llaec
540 998 663 1069 sequitur
679 998 787 1067 longior
804 1000 951 1069 explicatio
969 999 1051 1055 trium
1074 998 1172 1053 horum
1195 994 1351 1063 modorum,
1374 992 1504 1049 adhibitis

145 1077 257 1147 tabuiis,
275 1094 344 1149 quas
361 1082 473 1138 exhibet
491 1100 555 1152 quare
574 1086 709 1153 posterior
728 1086 800 1158 libri,
824 1089 924 1145 additis
943 1086 1076 1157 exemplis
1094 1084 1129 1139 ad
1147 1084 1233 1139 Ducis
1249 1082 1397 1138 Bonussiae
1422 1080 1504 1136 vitam

146 1164 301 1236 applicatis.

248 1256 281 1311 ln
300 1265 477 1328 „praecepto“
496 1261 542 1315 Dc
553 1260 677 1331 Epocdis
689 1270 714 1319 et
726 1280 822 1319 eorum
833 1264 987 1319 intervallis
997 1262 1128 1331 legimus:
1146 1259 1229 1317 Nulla
1241 1258 1295 1314 iuit
1305 1272 1373 1327 gens
1385 1272 1504 1328 uuquam

146 1346 202 1397 leur
219 1342 351 1415 barbara,
370 1346 413 1400 vel
431 1346 501 1403 odeo
519 1349 578 1401 siue
597 1366 680 1405 seusu
699 1352 772 1405 omui
790 1350 981 1420 humanitatis,
1007 1351 1071 1420 quin
1097 1346 1180 1401 veliet
1198 1347 1328 1417 originem
1346 1362 1424 1401 suam
1441 1345 1505 1399 sciri

146 1436 175 1483 et
190 1428 312 1500 aliquem
329 1433 373 1487 sui
390 1435 545 1489 memoriam
559 1437 704 1504 propagari
716 1438 751 1491 ad
765 1437 959 1505 posteritatem.
988 1438 1076 1505 Quium
1094 1436 1130 1492 ob
1149 1452 1260 1491 causam
1278 1442 1336 1489 tum
1355 1433 1407 1487 alia
1420 1432 1505 1487 multu

144 1526 209 1575 sunt
225 1534 244 1573 a
261 1518 375 1575 diversis
396 1522 522 1591 gentibus
546 1524 714 1593 excogitato,
738 1536 769 1578 ut
794 1524 938 1593 insignium
964 1540 1054 1579 rerum
1077 1540 1109 1579 ac
1127 1532 1273 1578 eventuum
1295 1522 1503 1591 praeteritorum

145 1606 242 1662 nautia
259 1608 502 1676 quantulacunque
520 1610 674 1678 perveniret
692 1611 728 1665 atl
746 1618 886 1681 posteros,
906 1618 964 1666 tum
982 1628 1047 1666 vcro
1064 1610 1117 1666 hoc
1136 1611 1284 1681 prudenter
1301 1617 1329 1663 et
1346 1608 1449 1665 utiliter
1464 1608 1504 1663 iu·

146 1694 272 1751 stitutum
289 1704 340 1766 est,
357 1704 389 1751 ut
406 1697 447 1752 vei
467 1713 483 1751 a
501 1698 584 1753 rebus
602 1698 686 1766 gestis
705 1698 822 1768 aliosque
840 1699 942 1754 heroici
959 1698 1018 1767 viri,
1038 1698 1081 1753 uel
1099 1701 1134 1755 ab
1152 1698 1283 1767 auspiciis
1295 1696 1412 1765 ahcrrjus
1429 1696 1506 1764 regni

145 1790 174 1839 et
190 1784 320 1840 muditue
337 1784 427 1848 urbis.
453 1785 495 1839 vei
513 1785 548 1839 ab
566 1785 621 1839 alio
645 1801 807 1858 quocunque
826 1786 994 1842 memorabili
1020 1803 1087 1843 casu
1111 1786 1218 1856 generis
1244 1785 1355 1840 humani
1372 1799 1505 1839 annorum

144 1872 230 1928 series
249 1871 439 1929 deduceretur.
467 1872 520 1929 Sed
533 1881 564 1927 ut
580 1876 608 1929 iu
627 1876 743 1932 ethnicis
761 1877 882 1933 historiis
902 1876 992 1931 omnia
1009 1882 1074 1931 sunt
1088 1873 1171 1943 pleno
1188 1873 1311 1942 caliginis
1328 1880 1357 1927 ιι
1368 1869 1505 1927 confusio-

144 1962 196 2031 nis,
216 1976 269 2017 uec
287 1960 345 2016 ulla
362 1978 494 2019 annorum
519 1969 595 2019 certo
613 1970 641 2018 et
658 1971 788 2019 constans
806 1965 888 2033 ratio,
912 1965 952 2019 ita
968 1962 1028 2019 sola
1045 1962 1161 2019 ecclesia
1184 1977 1275 2016 veram
1292 1967 1376 2031 atque
1394 1965 1505 2027 certam,

143 2046 210 2103 hoec
226 2048 336 2103 brevem
353 2048 483 2103 historiae
502 2051 587 2106 totius
604 2052 699 2106 mundi
717 2052 815 2106 seriem
833 2053 860 2106 iu
884 2052 982 2108 divinis
1001 2051 1077 2106 libris
1096 2056 1218 2105 notatam
1240 2050 1333 2105 hahet
1369 2048 1409 2102 Ac
1427 2046 1505 2117 primi

143 2134 257 2205 quidem
274 2143 368 2203 patres
385 2152 487 2190 aunum
505 2145 684 2192 numerarunt
701 2153 719 2191 a
736 2138 829 2193 mundi
847 2140 998 2209 creatione,
1021 2157 1077 2195 uon
1101 2137 1190 2193 solum
1212 2142 1244 2191 ut
1261 2134 1355 2190 muudi
1379 2140 1454 2189 netas
1472 2148 1506 2189 ac

141 2220 251 2285 duratio
271 2221 387 2278 sciretur
405 2222 440 2277 ad
457 2232 593 2293 posteros,
611 2225 665 2280 etsi
682 2225 735 2281 hoc
753 2240 819 2280 sanc
837 2226 1007 2294 praeclarum
1021 2234 1048 2281 et
1066 2226 1161 2293 iugens
1174 2225 1274 2278 honum
1287 2228 1337 2290 est,
1357 2220 1405 2277 sed
1418 2220 1505 2275 multo

141 2310 229 2381 magia
248 2317 281 2366 ut
297 2317 326 2365 et
343 2309 378 2363 de
395 2310 519 2366 horribili
537 2311 617 2381 lapsu
635 2311 784 2382 primorum
803 2318 948 2381 parentum
967 2318 994 2367 et
1012 2314 1046 2367 de
1063 2311 1223 2367 admiranda
1240 2311 1292 2365 Dei
1311 2306 1505 2377 misericordia,

141 2406 256 2455 ostensa
273 2400 301 2455 in
319 2400 499 2469 promissione
517 2400 640 2467 seminia,
666 2402 843 2456 admouerent
861 2402 1010 2456 universam
1029 2400 1226 2469 posteritatem.
1262 2398 1352 2465 Quare
1376 2394 1505 2465 deinceps

144 2495 173 2544 et
190 2503 211 2543 a
228 2488 341 2557 diluvio,
360 2496 389 2544 et
405 2486 441 2543 ab
458 2488 630 2555 Abrahamo,
650 2496 678 2544 et
695 2506 712 2543 a
729 2488 903 2558 promulgata
921 2488 998 2558 lege,
1017 2496 1045 2543 et
1062 2505 1079 2543 a
1097 2486 1206 2542 condito
1223 2484 1326 2553 templo
1344 2484 1505 2552 Solomonis,

141 2584 171 2631 et
188 2592 208 2629 a
226 2576 385 2645 captivitate
403 2576 586 2647 Babylonica,
611 2584 639 2629 ιι
656 2574 691 2628 ab
709 2576 770 2630 aliis
787 2576 941 2645 insignibus
960 2591 1010 2631 seu
1026 2574 1170 2645 impiorum
1188 2575 1283 2643 poeuis
1306 2588 1355 2628 seu
1373 2571 1505 2627 ecclesiae

141 2662 352 2721 liberationibus
370 2665 468 2721 seriem
487 2679 620 2719 annorum
639 2662 749 2732 publice
767 2662 908 2718 annotavit
925 2661 1049 2718 ecclesia
1084 2661 1185 2715 Verum
1205 2659 1281 2714 nulla
1298 2674 1343 2713 rea
1360 2673 1377 2712 u
1395 2657 1504 2713 condito

136 2752 245 2808 mundo
269 2752 369 2807 accidit
392 2768 442 2808 nec
460 2752 591 2807 illustrior
615 2767 666 2805 nec
684 2748 872 2805 admirabilior
890 2752 1032 2806 nativitate
1050 2748 1099 2803 filii
1117 2748 1181 2816 liei,
1205 2746 1316 2802 Domini
1334 2746 1420 2802 nostri
1437 2745 1505 2801 ΙΙιιιι

141 2838 255 2894 Christi.
293 2839 385 2907 Quare
403 2845 433 2894 ut
451 2838 538 2908 prima
556 2839 673 2894 ecclesia
695 2854 828 2894 annorum
853 2840 951 2893 seriem
977 2836 1144 2894 continuavit
1162 2833 1283 2903 aprima
1308 2832 1418 2887 seminis
1443 2847 1504 2901 pro·

141 2926 284 2993 missione,
302 2926 342 2980 ita
358 2926 442 2995 hujus
460 2926 590 2994 postremi
608 2927 737 2995 temporis
757 2927 872 2983 ecclesia
889 2935 964 2983 rectc
983 2930 1108 2981 numerat
1132 2938 1219 2977 annos
1237 2939 1254 2978 a
1271 2920 1355 2976 natali
1373 2920 1415 2973 sui
1432 2920 1504 2989 regis

144 3022 173 3070 et
188 3014 349 3068 liberatoris
368 3012 509 3067 universae
528 3012 671 3068 ecclesiae.
706 3016 785 3070 ilaue
803 3016 886 3084 igitur
903 3012 1128 3070 consuetudinem
1152 3026 1202 3065 nos
1220 3010 1300 3065 etiam
1318 3008 1346 3061 in
1365 3013 1505 3077 computa·

142 3102 266 3157 tionibus
284 3099 444 3155 coelestium
463 3108 587 3154 motuum
605 3102 701 3156 merito
721 3101 858 3170 sequimur
860 3142 952 3158 .....
989 3101 1042 3155 Sed
1061 3108 1152 3155 tamen
1176 3115 1231 3154 non
1249 3116 1266 3153 a
1284 3098 1344 3152 solo
1362 3098 1439 3153 initio
1457 3114 1504 3151 au·

142 3205 242 3245 norum
264 3186 365 3241 Christi
388 3186 546 3242 deducimus
572 3188 624 3242 tibi
647 3188 775 3257 aequales
798 3196 901 3257 motus,
929 3204 1021 3244 verum
1045 3190 1108 3245 huic
1131 3189 1252 3258 epochae
1278 3186 1383 3244 aliosi
1401 3184 1503 3255 adjeci:

140 3274 354 3349 olympiadum,
371 3276 571 3341 Nabouassari,
593 3274 743 3329 Alexandri
767 3282 795 3329 et
814 3276 952 3345 Caesaris,
977 3284 1088 3334 secutus
1113 3291 1146 3330 ea
1163 3276 1192 3329 iu
1210 3290 1240 3329 rc
1258 3282 1289 3329 ut
1311 3275 1338 3328 in
1365 3273 1425 3328 aliis
1443 3274 1503 3329 Nic.

141 3364 338 3435 Coperuicum
357 3364 443 3419 virum
461 3364 581 3418 omnium
599 3364 753 3418 seculorum
765 3365 896 3419 memoria
908 3364 1027 3433 dignum,
1047 3380 1127 3434 quern
1145 3371 1260 3434 apparet
1278 3382 1333 3419 non
1352 3364 1410 3419 sina
1428 3363 1505 3433 graui

138 3452 260 3511 consitio
278 3449 347 3506 haec
364 3451 534 3519 potissimum
553 3458 676 3519 tempora
699 3451 828 3519 elegisse,
853 3452 901 3508 sed
919 3448 1106 3508 Nabon'assari
1130 3454 1239 3522 quidem
1261 3451 1366 3507 initium
1388 3452 1505 3506 maxime

139 3540 174 3595 ab
192 3536 349 3594 Ptolemaei
366 3537 523 3605 lectionem,
549 3544 606 3591 turn
625 3555 688 3592 vero
708 3540 797 3595 omnia
814 3545 938 3607 tempora
956 3539 1036 3594 simui
1058 3548 1171 3610 propter
1193 3540 1321 3595 historias
1346 3554 1457 3607 graecum
1476 3547 1504 3592 et

139 3628 245 3683 latium
247 3664 344 3683 .....
381 3622 570 3693 olympiadum
583 3627 647 3680 anni
664 3633 727 3680 sunt
738 3627 856 3697 lunares,
875 3627 911 3682 ad
924 3627 994 3682 Solis
1013 3636 1104 3682 tamen
1122 3645 1230 3684 cursum
1250 3634 1387 3699 utcunque
1399 3642 1504 3683 accom-

142 3712 268 3781 modati,
295 3727 409 3783 quorum
427 3711 533 3765 initium
552 3713 642 3767 Attico
662 3730 735 3767 unere
753 3730 861 3785 semper
878 3732 895 3769 ι
912 3716 1024 3770 meridie
1043 3716 1121 3785 primi
1140 3717 1193 3771 dici
1211 3714 1458 3770 llecatombaeonis
1478 3722 1506 3768 et

131 3798 327 3861 ‚conversione
350 3799 422 3853 Solis
447 3799 550 3853 aestiva
573 3800 761 3867 qurosrciscitur.
802 3804 874 3857 Asuui
892 3820 908 3857 ι
926 3802 1117 3858 Nubonassaro
1142 3811 1170 3858 ct
1194 3804 1228 3858 ab
1253 3803 1330 3858 obitu
1355 3800 1505 3858 Alexandri

137 3888 217 3959 apud
238 3885 425 3939 Ptolemaeum
445 3892 509 3939 suut
521 3885 657 3955 Aegyptii,
677 3905 791 3959 quorum
809 3890 914 3943 initium
933 3906 988 3945 non
1006 3890 1107 3959 pendet
1124 3891 1159 3945 ab
1172 3891 1262 3960 aliqua
1275 3896 1393 3959 quatuor
1411 3896 1504 3957 tropo-

137 3994 201 4033 rum
226 3974 315 4029 aunui
339 3974 468 4029 circuitus
488 3974 574 4039 Solis,
600 3974 648 4029 scd
667 3991 684 4030 a
701 3977 813 4031 meridie
836 3978 915 4045 primi
939 3977 992 4031 dici
1012 3978 1097 4047 Totis,
1124 3979 1170 4048 qui
1188 3977 1303 4047 singulis
1321 3976 1504 4047 quadrienniis

140 4064 225 4119 uiue
245 4060 302 4115 diei
320 4060 463 4115 intervallo
482 4062 635 4131 anticipans
653 4081 670 4119 a
688 4065 917 4135 consequentibus
937 4065 1040 4119 recedit
1063 4065 1091 4120 iu
1109 4066 1313 4122 antecedentes.
1350 4064 1422 4119 Auui
1441 4080 1504 4117 vero

141 4150 250 4207 iuliani
270 4156 299 4203 ct
316 4148 417 4203 Christi
435 4164 485 4203 nec
505 4158 569 4205 suut
587 4151 698 4208 lunares
715 4168 765 4207 nec
784 4152 920 4222 Aegyptii,
940 4151 988 4205 sed
1002 4151 1105 4206 solares
1119 4152 1219 4221 civiles,
1238 4168 1306 4222 quos
1321 4154 1350 4207 C,
1362 4150 1390 4206 J.
1404 4152 1505 4205 Caesar

142 4237 264 4307 primum
285 4252 337 4291 nou
356 4237 415 4291 sine
434 4238 508 4305 gravi
526 4238 639 4291 consilio
658 4238 786 4307 instituit,
811 4241 849 4293 ita
868 4247 899 4294 ut
917 4240 962 4293 alii
981 4240 1036 4293 siut
1055 4240 1160 4294 dicrum
1179 4242 1244 4308 dlii,
1269 4239 1315 4294 olii
1334 4247 1424 4294 autern
1443 4238 1505 4306 366,

142 4340 205 4380 eam
223 4324 260 4378 ob
280 4339 401 4393 causam,
429 4332 460 4379 ut
476 4326 648 4393 aequinoctia
672 4334 699 4381 et
717 4326 835 4380 solstitia
854 4326 886 4379 ab
905 4326 939 4381 iis
958 4327 1067 4396 diebus,
1094 4328 1192 4398 quibus
1215 4326 1298 4381 semel
1323 4326 1505 4393 adhaeserint,

147 4412 258 4469 nonnisi
276 4412 355 4482 longo
373 4424 506 4469 asinorum
523 4422 611 4469 tractu
630 4414 759 4469 recedunt
782 4414 810 4468 in
834 4414 1037 4484 praecedentia.
1073 4417 1105 4470 ln
1123 4415 1210 4483 primo
1233 4432 1304 4470 auno
1323 4414 1434 4470 Juliauo
1452 4416 1505 4471 tris

151 4508 216 4555 ml
239 4500 354 4555 maxime
377 4501 575 4557 memorabilia:
603 4502 627 4570 i)
646 4502 680 4556 ab
704 4503 780 4558 iuitio
800 4501 990 4573 Olympiadem
1013 4503 1048 4557 ad
1071 4504 1177 4558 initium
1204 4520 1336 4559 annorum
1354 4502 1422 4557 duiii
1440 4511 1505 4557 sunt

152 4584 226 4654 pleni
242 4588 305 4641 anui
323 4588 449 4657 Aegyptii
468 4590 533 4659 '1303
552 4590 578 4651 2]
597 4590 701 4659 primus
719 4591 777 4645 dies
795 4590 1041 4647 Hecatombaeonis
1060 4590 1265 4645 Atheniensium
1285 4590 1452 4657 congruebat
1469 4589 1504 4644 ad

157 4672 267 4739 prmum
285 4674 353 4729 diem
370 4678 470 4731 mensis
491 4677 627 4745 Quintilis,
647 4688 675 4733 ct
692 4679 761 4735 haec
779 4694 863 4734 causa
881 4686 938 4747 ιιι,
958 4676 1032 4749 quod
1051 4678 1199 4747 Quintilem
1219 4678 1304 4732 voluit
1320 4693 1337 4730 a
1355 4693 1384 4732 se
1401 4676 1503 4731 dulium

163 4762 339 4827 mnirari.
375 4766 473 4837 Itaque
491 4782 552 4819 curn
570 4783 619 4834 per
636 4782 722 4821 anuos
740 4766 889 4835 Aegyptios
903 4768 955 4823 230
969 4766 1050 4833 juxta
1063 4765 1254 4835 Olympiadem
1271 4767 1404 4820 rationem
1422 4764 1503 4818 iuter-

170 4844 244 4901 ulau
257 4858 343 4907 ment
359 4852 418 4909 dics
439 4854 498 4923 182,
516 4854 630 4909 totidem
648 4855 729 4911 etiam
748 4855 806 4911 dies
823 4856 851 4909 in
869 4855 921 4909 hos
940 4854 956 4909 a
974 4869 1097 4925 menses,
1121 4853 1294 4917 ianuarium,
1317 4852 1503 4925 Februarium,
