3308 5534
148 386 213 460 83ss
454 370 634 447 smnmm
650 384 789 445 Historiae
805 382 997 445 Astronomiae
1013 386 1108 448 uento
1124 388 1202 450 m.

145 577 223 635 esset
245 570 400 647 aequatio,
423 572 570 647 potuisset
592 568 716 630 eandem
737 575 851 648 partem
873 569 1058 646 aequationis
1080 571 1111 628 in
1133 568 1221 632 Luna
1248 572 1391 633 emissem
1415 573 1492 636 etin

147 665 176 720 in
200 657 270 720 Sole
294 660 445 729 omittere,
476 663 508 717 ut
530 657 573 717 sic
595 675 654 716 una
676 657 779 717 tabula
801 659 918 734 utrique
941 655 1147 717 consuleretur.
1193 657 1236 718 nt
1258 661 1332 737 qnia
1354 678 1442 723 unsa
1458 666 1493 725 rel

148 749 273 809 obscura
295 746 359 818 luit,
383 743 477 805 voluit
499 743 556 804 bac
579 745 745 806 tabularum
768 743 939 806 diversitate
961 743 1118 806 admonere
1140 752 1255 807 eeteros
1283 747 1323 809 de
1346 752 1441 811 eaesis
1458 753 1493 812 sel

32 824 35 835 ’
147 831 335 912 quaerendis,
360 835 423 909 ipse
446 833 559 892 interim
582 831 639 893 bec
661 833 827 893 tabularum
857 832 1027 893 diversitate
1055 832 1202 894 consuluit
1231 835 1400 897 observatis
1427 839 1494 901 ἀι

147 924 272 994 Lunam,
295 927 328 979 ut
350 921 414 981 sine
436 919 645 996 impedimento
668 919 854 997 aliquatenus
877 919 1012 996 progredi
1035 928 1144 997 posset.

255 1011 289 1083 6)
312 1007 487 1072 Rectissime
510 1008 541 1068 in
563 1006 688 1068 eundem
719 1011 807 1068 situm
837 1007 1066 1084 conjunctionis,
1097 1008 1294 1086 oppositionis
1324 1018 1356 1072 et
1376 1010 1490 1090 qubu-

146 1106 287 1160 turarum.
1357 1142 1365 1153 .

190 1240 204 1251 ,
251 1183 284 1259 7)
308 1182 385 1242 Nam
408 1183 527 1243 omnino
550 1200 602 1262 per
624 1182 816 1262 epioyclicem
838 1181 1114 1261 prosthapbaeresin
1138 1200 1227 1245 serua
1244 1182 1351 1248 Lunae
1372 1184 1448 1248 loe·
1463 1188 1507 1247 h*

146 1273 194 1334 bis
213 1273 277 1350 jam
300 1269 386 1330 dictis
409 1271 527 1330 casibus
549 1270 656 1347 prodit

252 1360 287 1429 8)
309 1357 372 1418 Nec
395 1359 472 1417 enim
495 1357 556 1418 ulla
579 1356 662 1418 deest
683 1356 937 1438 proetbepberesie
961 1357 1201 1420 ecoentrieltatis:
1226 1359 1258 1419 ln
1280 1357 1370 1424 dietis
1389 1362 1485 1425 esth

148 1449 261 1527 quippe
283 1443 365 1505 nulla
389 1452 442 1516 est,
465 1444 518 1505 aed
540 1446 722 1519 absorbetur,

255 1535 288 1605 9)
312 1540 345 1592 nt
368 1540 397 1592 et
418 1531 584 1594 librationis
607 1535 747 1610 aequatio
769 1535 799 1592 in
821 1532 868 1592 his
890 1531 1021 1593 articulis
1044 1532 1229 1599 absorbetur.

237 1621 290 1698 10)
312 1619 375 1679 Nec
397 1618 560 1681 differentia
587 1623 661 1680 inter
689 1620 789 1682 locum
820 1621 931 1680 orbitae
955 1628 985 1681 et
1006 1620 1173 1697 eclipticum
1196 1621 1363 1700 quidquam
1388 1625 1481 1686 satsat

147 1710 189 1772 rei
212 1706 347 1769 detrabit.
383 1706 458 1767 Nam
474 1707 553 1785 quod
569 1706 763 1786 quadraturas
783 1709 897 1780 attinet,
921 1707 1016 1769 ductis
1039 1706 1153 1768 circulis
1169 1709 1207 1769 ad
1223 1710 1478 1788 eclipticamreeta

78 1788 84 1801 ¹
148 1797 240 1859 altero
262 1812 314 1872 per
335 1792 453 1869 Solem,
481 1794 573 1857 altero
596 1814 649 1873 per
671 1797 800 1871 Lunam,
828 1797 853 1855 si
876 1813 961 1856 arem
984 1794 1137 1872 eclipticas
1159 1797 1341 1876 interceptus
1361 1807 1405 1860 est
1421 1816 1479 1879 qn·

148 1885 246 1956 drans,
265 1884 323 1942 erit
345 1889 375 1944 et
396 1899 481 1942 arcus
504 1884 616 1945 orbitae
639 1883 741 1944 Lunae
764 1882 921 1960 quadrans.
959 1880 1047 1958 Quod
1063 1900 1132 1943 sero
1149 1885 1257 1945 attinet
1277 1884 1400 1964 copulas
1412 1894 1478 1955 ,aa

150 1985 200 2045 (γ,
224 1973 333 2032 veritas
356 1972 397 2031 rei
420 1969 494 2031 haec
516 1979 576 2047 est,
607 1978 640 2032 ut
668 1981 799 2032 centrum
822 1971 975 2031 eecentrlel
998 1972 1037 2031 sit
1058 1971 1118 2030 imo
1146 1969 1229 2044 loco,
1258 1972 1378 2050 quando
1397 1973 1478 2035 Solet

145 2059 232 2122 Luna
253 2056 417 2134 aequaliter
444 2052 552 2119 absunt
574 2078 592 2119 a
615 2058 710 2131 nodo,
733 2076 792 2118 non
820 2059 970 2132 obstante,
1004 2056 1082 2134 quod
1111 2056 1196 2119 loeus
1220 2058 1325 2123 Lunae
1352 2060 1477 2140 eellptlu

62 2210 72 2226 ⁶
146 2146 189 2227 (id
211 2155 256 2208 est
279 2147 470 2222 imaginarius
493 2146 540 2207 vel
564 2143 717 2217 relativus)
738 2148 842 2225 paucis
855 2148 976 2207 minutis
997 2147 1037 2207 eit
1052 2151 1120 2206 onte
1136 2145 1184 2207 vel
1198 2155 1269 2225 post
1281 2146 1382 2211 Solem
1397 2150 1476 2227 ajunt

146 2236 324 2314 oppositum.
691 2258 697 2271 ⁴

250 2320 309 2382 Sed
332 2319 418 2381 aliter
441 2320 573 2398 obiectio
596 2320 746 2382 informari
768 2327 882 2399 potest:
905 2338 1027 2398 nempe,
1049 2327 1118 2381 utut
1139 2320 1216 2383 bene
1239 2321 1350 2385 lrabeat
1370 2341 1431 2385 essa
1445 2321 1476 2383 ff

147 2415 167 2474 d
183 2410 323 2480 artlenlie,
338 2407 451 2484 reliqua
467 2416 545 2469 certe
560 2408 627 2469 loca
642 2408 824 2490 intermedia,
840 2410 1010 2485 praesertim
1026 2415 1169 2480 ementes,
1186 2412 1289 2471 teneri
1318 2408 1475 2491 &qesta

147 2501 174 2560 sl
196 2514 264 2576 ergo
287 2495 395 2572 aliquis
417 2501 502 2574 putat
525 2496 582 2556 bae
603 2498 717 2557 ratione
739 2498 854 2575 peccari
876 2497 1006 2556 notabile
1029 2495 1142 2571 aliquid
1158 2498 1188 2556 in
1204 2496 1331 2573 calculo,
1352 2501 1477 2577 umas

79 2588 83 2595 '
145 2586 277 2648 laborem
301 2589 330 2644 et
351 2601 427 2660 quas
449 2586 642 2659 aequationes
657 2587 740 2660 prius
755 2585 944 2662 quaesiverat
958 2601 1010 2660 per
1023 2582 1302 2662 prestbaphaerestn
1317 2584 1476 2666 satque·

147 2674 251 2746 solam,
274 2670 393 2733 easdem
416 2679 521 2748 postea
542 2680 666 2748 quaerat
686 2689 739 2749 per
762 2688 862 2733 omnes
878 2670 1165 2748 prosthaphaereses,
1184 2672 1248 2748 jam
1264 2672 1355 2735 semel
1370 2670 1477 2735 erata

145 2763 280 2825 Minerva
302 2757 460 2833 adhibitae,
483 2766 516 2817 ut
538 2776 593 2835 ego
616 2758 712 2819 lucere
731 2775 797 2818 sum
811 2758 931 2818 solitos:
955 2760 1086 2819 inveniet
1107 2765 1207 2821 eutem
1222 2760 1312 2838 plane
1327 2770 1476 2823 contem

146 2850 298 2928 quippiam
328 2848 444 2907 mutari.
491 2845 565 2905 Nam
589 2845 646 2906 hae
669 2845 948 2924 prosthapbeeresee
971 2854 1151 2917 menstruae,
1181 2852 1356 2924 praesertim
1376 2848 1476 2917 librata

147 2940 177 2997 in
201 2934 370 2997 octantibus
393 2941 462 2994 sunt
483 2935 638 3003 mammae,
663 2942 692 2993 et
714 2942 815 2993 notum
838 2940 897 3009 est,
930 2933 1048 3009 quando
1071 2935 1217 2994 maximae
1240 2944 1325 3008 aunt,
1355 2945 1419 2997 tune
1442 2948 1476 2997 1

146 3024 229 3087 tarde
251 3023 373 3095 mutari,
401 3028 434 3080 ut
456 3024 588 3098 proxime
612 3021 689 3081 idem
711 3029 884 3098 excerpatur
909 3040 962 3098 per
990 3021 1158 3080 distantiam
1182 3021 1286 3085 Lunae
1308 3043 1328 3085 a
1349 3023 1414 3085 Sole
1431 3025 1476 3083 aies

148 3108 205 3174 44⁰
227 3113 291 3171 aive
316 3106 373 3171 45⁰
395 3111 458 3171 sive
482 3106 548 3170 46⁰.
594 3107 743 3185 Objioias,
774 3108 957 3171 inartificiaie
983 3107 1041 3169 hoe
1070 3125 1152 3181 esse,
1185 3112 1272 3185 quasi
1296 3130 1350 3190 per
1371 3110 1476 3188 regulas

146 3200 213 3261 lalsl
241 3197 364 3275 operari.
410 3195 602 3273 Respondeo:
635 3202 743 3257 eertum
774 3203 833 3271 est,
865 3204 962 3256 motus
990 3194 1092 3256 Lunae
1123 3195 1289 3273 dispensari
1318 3217 1370 3278 per
1395 3211 1477 3260 aas!

146 3287 292 3367 physicae,
324 3286 423 3360 itaque
452 3301 516 3344 esse
539 3283 709 3360 inaequales
739 3286 828 3343 etlam
858 3283 940 3354 illos,
972 3286 1023 3360 qni
1051 3284 1317 3359 inaequalitatibus
1341 3286 1478 3363 maiorii·

146 3371 322 3452 quaerendis
345 3374 485 3442 serviunt,
510 3374 619 3448 quique
635 3370 715 3448 apud
729 3379 912 3432 astronomos
928 3379 1041 3432 ceteros
1056 3372 1198 3445 aequales
1214 3382 1304 3449 sunt;
1328 3391 1386 3435 nno
1399 3373 1479 3441 ruit,

147 3470 257 3525 cenum
287 3467 345 3532 est,
376 3460 569 3535 aequationes
602 3466 766 3520 menstruas
794 3458 921 3535 pendere
944 3477 963 3518 a
986 3476 1057 3518 vera
1086 3457 1227 3520 distantia
1256 3460 1361 3523 Lunae
1382 3458 1480 3523 ab*

147 3552 205 3611 Eat
225 3551 315 3622 igitur
337 3548 505 3623 quicunque
528 3546 604 3606 aliua
628 3555 657 3606 et
680 3545 785 3607 doceat
807 3545 924 3606 modum
942 3544 1130 3622 computandi
1152 3565 1188 3606 ex
1204 3546 1252 3608 his
1267 3545 1480 3626 principibu!-
1505 3586 1507 3597 ·

146 3638 336 3703 deluderem,
360 3642 389 3693 et
412 3636 466 3694 erit
487 3634 558 3693 mibi
590 3651 714 3710 magnus
737 3632 921 3710 Apollonius.
968 3633 1033 3694 Non
1064 3641 1111 3694 eet
1136 3637 1165 3692 in
1189 3639 1373 3697 aetrormmia
1392 3638 1431 3696 ita
1447 3636 1481 3693 h·

145 3725 244 3786 solens
277 3721 428 3797 neglectus
457 3723 640 3781 minimarum
671 3721 888 3798 particularum.
938 3721 1126 3781 Ptolemaeus
1154 3723 1246 3782 etiam
1275 3742 1296 3784 a
1323 3742 1394 3785 resa
1420 3720 1479 3784 bob

16 3808 19 3819 '
146 3811 288 3873 distantia
322 3809 475 3885 suspendit
510 3813 702 3885 aequationee
735 3815 907 3868 menstruas.
961 3808 1049 3869 Solus
1083 3807 1264 3884 Gopernieus
1304 3811 1417 3873 asoa
1440 3808 1481 3869 Β

147 3909 283 3971 ostensa,
307 3896 377 3956 dum
400 3895 541 3958 delicatos
563 3895 659 3957 reddit
679 3904 857 3973 geometras,
880 3913 940 3956 non
962 3897 1106 3957 satislacit
1129 3900 1309 3960 astronomis
1332 3901 1480 3961 omen*

146 3989 236 4063 ribus,
261 3993 293 4044 ut
316 3982 419 4061 Tycbo
442 3991 580 4060 expertus
603 3992 656 4044 est.

254 4073 306 4148 11)
330 4072 568 4131 Demonstratum
591 4078 651 4151 est,
680 4070 831 4147 querelam
860 4071 937 4132 banc
959 4070 996 4131 de
1018 4073 1097 4132 veris
1119 4086 1157 4141 0(
1192 4080 1222 4133 et
1247 4087 1299 4147 00,
1323 4082 1356 4134 ut
1375 4068 1479 4151 «μὴ

147 4162 229 4235 turis,
252 4159 391 4235 injustam
415 4176 490 4219 esse.

254 4247 307 4324 te)
331 4246 368 4305 Et
390 4244 429 4305 ad
451 4246 527 4307 haue
555 4245 642 4323 plane
671 4244 836 4322 respondeo
859 4245 980 4319 eadem,
1010 4263 1088 4322 quae
1116 4253 1219 4307 eonua
1247 4264 1333 4310 num.
1364 4254 1409 4309 10.
1432 4258 1478 4305 ιι·

147 4331 252 4411 pondi3
275 4333 337 4408 jarn
362 4334 439 4394 anim
462 4331 572 4395 dietum
594 4339 649 4393 est.

255 4422 310 4494 ts)
332 4418 449 4490 Mirum,
473 4438 532 4482 oen
555 4420 654 4481 videre
677 4427 883 4497 opponentem,
907 4421 932 4480 si
948 4420 1097 4482 anomalia
1112 4421 1279 4498 corrigitur,
1303 4424 1477 4484 etta-m

148 4507 318 4567 distantiam
341 4506 443 4567 Lunae
465 4527 484 4568 a
506 4507 574 4569 Sole
598 4507 712 4583 corrigi.

256 4595 309 4667 14)
332 4593 369 4652 Et
393 4611 444 4653 eur
465 4604 570 4673 negat,
595 4596 697 4656 Lunae
720 4611 774 4670 per
797 4601 963 4655 semotum
987 4595 1116 4674 eonigtt
1151 4594 1239 4657 Luna
1261 4599 1371 4677 qnippe
1389 4594 1476 4657 osa·

149 4676 207 4740 4⁶⁰
228 4698 247 4739 a
269 4680 338 4740 Sole
361 4678 495 4743 adbibita
516 4683 673 4745 libratione
697 4680 818 4755 distabit
842 4677 899 4744 45⁰
924 4683 984 4743 to‘.

257 4764 309 4847 15)
331 4765 411 4827 Vera
434 4776 479 4830 est
500 4770 574 4831 hacc
596 4770 736 4847 obiectio,
759 4776 791 4830 at
812 4786 870 4830 non
892 4772 1069 4833 neeessaria
1106 4769 1173 4831 Non
1188 4774 1358 4834 mee-arb
1375 4762 1474 4833 ab&

148 4848 285 4915 oseem
307 4852 444 4936 adeotus5
472 4873 545 4927 sera
571 4857 759 4943 menenius.
802 4857 880 4927 nau
907 4864 1046 4924 umente
1072 4856 1176 4923 eadem
1206 4862 1374 4943 qualitate
1390 4848 1473 4923 eled
