3308 5534
413 424 593 486 ΜΕ]ι]“1]]]ι
610 428 955 489 numerusnumerous
973 427 1069 487 secula
1085 426 1159 487 xit,
1408 430 1476 501 1311

128 600 180 673 ati,
196 607 361 675 rapacum.
395 603 529 673 Ejusdem
545 603 693 662 Elementa
710 602 909 663 Aritbmets'cce
928 607 1017 676 (15791
1039 605 1134 662 innixa
1156 610 1222 662 sunt
1245 606 1356 676 penitus
1378 606 1477 677 princi·

128 689 168 749 tis
185 690 313 762 mmsis,
333 690 362 746 in
380 692 492 760 quibua,
511 691 598 747 Rama
618 693 701 761 duce,
720 694 785 762 pius
802 693 909 765 logicae
928 710 1011 763 quam
1028 693 1237 750 mathematicae
1255 695 1352 751 tribuit
1368 701 1475 751 eumer.

128 779 216 834 ’etri
239 778 335 835 Remi
369 778 528 849 philosophi
551 780 666 836 celebris
699 781 790 836 studia
818 788 847 837 et
874 780 935 836 lata
958 782 1019 851 quis
1042 781 1149 839 nescit?
1194 781 1282 851 Quam
1307 783 1342 838 ob
1370 798 1428 838 rem
1450 786 1480 836 et

128 865 178 933 uia
194 881 293 937 wana
310 867 449 936 praestitit
464 868 493 921 in
511 867 559 922 iilo
578 867 719 925 doctrinae
730 884 839 935 genere,
858 868 894 923 de
907 884 962 938 quo
980 870 1025 926 hic
1043 870 1123 927 nebia
1141 868 1330 925 disserendum
1349 877 1404 941 cst,
1429 868 1477 925 ab·

128 960 239 1023 rmum
255 952 375 1010 lectores
393 953 429 1009 ad
446 955 629 1021 Kaestnerum
641 956 756 1025 [Geseh.
770 955 797 1012 (1.
809 957 898 1013 Mun.
909 957 932 1027 l,
951 958 1012 1015 381.
1031 955 1069 1025 11,
1080 958 1153 1028 725),
1172 958 1220 1027 qui
1236 955 1326 1013 fusius
1343 973 1386 1028 ea,
1405 970 1477 1025 quae

128 1038 220 1096 haus
237 1039 274 1095 de
290 1054 322 1097 re
338 1040 532 1096 mathematica
549 1039 699 1111 evulgavit,
724 1044 874 1112 excerpsit3
900 1043 954 1100 hoc
972 1050 1078 1101 tanturn
1097 1052 1236 1117 notamus,
1255 1045 1346 1115 magui
1366 1043 1477 1113 quidem

128 1126 213 1185 edna
231 1128 347 1185 hamum
365 1128 510 1198 Copcrnici
527 1128 665 1198 ingenium
683 1129 747 1191 scir.
766 1128 819 1185 vol.
840 1132 890 1186 111.
908 1149 937 1202 p.
956 1134 1035 1202 453),
1063 1148 1152 1202 neque
1168 1148 1234 1189 vero
1251 1132 1280 1187 in
1304 1131 1366 1201 mus
1382 1138 1477 1202 partes

128 1214 199 1283 rhus
215 1216 351 1286 pleneque
370 1216 519 1271 transiisse.
557 1217 670 1283 (Romus
688 1216 799 1272 Parisiis
817 1219 1000 1286 professorem
1024 1221 1080 1288 egit
1097 1219 1297 1289 philosophiae,
1315 1220 1476 1275 interiectus

128 1302 180 1359 iera
196 1311 241 1359 est
256 1318 329 1359 aune
351 1304 463 1360 157211]
482 1302 568 1358 turbis
588 1303 759 1373 „nuptiarum
778 1305 989 1361 Parisieusium“
1009 1323 1109 1375 aunum
1129 1322 1213 1375 mene
1231 1308 1283 1375 bl.)

220 1637 318 1711 Qualis
335 1639 518 1711 aCopernieo
536 1635 571 1695 ad
585 1636 744 1711 Tychonem
762 1654 851 1711 usqne
869 1638 1051 1699 astronomiae
1070 1638 1202 1699 colendae
1214 1640 1285 1699 ratio
1298 1640 1382 1701 fucrit
1393 1659 1474 1703 enar·

130 1732 180 1787 tire
194 1730 294 1801 cenni,
312 1730 366 1786 nisi
379 1730 536 1799 scriptores,
556 1730 602 1798 qni
614 1729 782 1785 verissimam
799 1728 884 1798 bruas
902 1731 1063 1802 disciplinae
1081 1731 1226 1800 imaginem
1244 1732 1399 1802 redderent,
1417 1749 1475 1789 uon

132 1818 313 1875 maluimus.
349 1818 496 1873 Omisimus
520 1833 628 1887 omnes,
652 1817 700 1886 qni
722 1816 831 1873 levioris
855 1827 948 1874 emant
971 1818 1100 1875 momenti
1122 1829 1170 1875 aut
1193 1810 1303 1875 sola'in
1326 1822 1476 1892 asuelogla

132 1906 238 1963 sudum
255 1920 422 1977 operamque
444 1911 593 1975 ponerent,
618 1919 707 1973 neque
725 1904 812 1974 magis
837 1904 905 1961 aiios
924 1905 1109 1976 laudavimus,
1134 1906 1182 1975 qui
1199 1905 1279 1961 editis
1299 1905 1476 1965 classicorum

131 2008 187 2062 qaas
201 1999 302 2051 vocant
320 1998 368 2047 ant
385 1992 567 2062 posteriorum
585 1991 625 2060 (S.
638 1993 729 2063 Bosci,
747 1994 965 2061 Regiomontani,
984 1993 1131 2049 Purhachii
1149 1993 1334 2063 aliorumque)
1352 2003 1475 2051 astrono-

132 2096 223 2143 morum
240 2080 370 2151 operibus
388 2078 457 2135 illud
474 2080 614 2135 literarum
632 2095 719 2149 genua
738 2086 887 2152 auxerunt,
905 2082 958 2137 nisi
976 2081 1057 2137 simul
1076 2081 1110 2136 ad
1128 2083 1312 2138 astronomiae
1330 2083 1476 2152 perfectio·

130 2183 180 2224 m
195 2169 258 2239 pius
282 2166 406 2224 minusve
431 2165 634 2221 contribuerint.
671 2167 741 2223 Nam
764 2167 918 2224 istiusmodi
944 2169 1052 2238 quidem
1077 2168 1140 2224 libri
1170 2170 1260 2225 medio
1290 2169 1383 2225 seculo
1402 2170 1474 2224 XVI.

133 2254 180 2315 iere
194 2257 330 2314 innumeri
347 2256 414 2312 editi
433 2263 505 2324 sunt,
524 2273 639 2326 quorum
658 2274 801 2313 numerum
819 2276 903 2329 quum
922 2258 1037 2329 siugulis
1054 2256 1113 2311 fere
1130 2257 1209 2311 annis
1222 2272 1292 2312 novo
1305 2256 1475 2327 operaedite

128 2348 224 2403 mm
243 2360 306 2402 aare
323 2360 358 2400 ex
376 2345 485 2415 egregia
504 2344 635 2399 librorum
654 2345 896 2409 astronomieorum
915 2343 1097 2415 descriptione
1115 2344 1149 2399 Ε.
1163 2344 1310 2401 Scheibeiii
1326 2343 1475 2412 videamus,

128 2448 196 2503 quam
213 2434 293 2490 multi
311 2433 346 2490 ad
363 2448 476 2504 graecus
495 2432 702 2489 mathematicos
720 2439 750 2489 et
766 2440 939 2489 astronomos
957 2439 1015 2489 tum
1033 2431 1190 2487 incumbere
1213 2431 1353 2502 coeperint
1371 2432 1475 2502 colligi·

128 2534 183 2581 11].
217 2522 269 2577 His
286 2522 372 2591 igitur
390 2521 497 2577 omissis
516 2535 605 2576 annus
622 2526 687 2589 post
704 2519 1127 2592 millesimumquingentesimus
1141 2519 1360 2590 septuagesimus
1378 2536 1475 2576 secuu-
1527 2560 1530 2565 ,

128 2606 422 2677 maturauere,
446 2608 518 2664 uude
537 2623 553 2662 a
571 2608 650 2663 nobis
673 2608 856 2665 astronomiae
885 2608 1017 2664 colendae
1041 2606 1175 2661 rationem
1203 2607 1369 2663 ehamaturis
1386 2623 1475 2663 novus

128 2694 344 2753 moraremur.
379 2695 429 2750 lllo
442 2695 514 2749 euim
526 2709 599 2750 anno
612 2696 773 2764 apparuisse
791 2702 902 2752 constat
918 2694 947 2750 iu
965 2694 1088 2751 sidere
1107 2693 1318 2762 Cassiopeae
1336 2692 1473 2749 stellam

128 2780 205 2842 illam
222 2786 355 2849 nevam,
366 2799 448 2853 quam
461 2781 620 2848 astronomi,
632 2782 778 2838 relationes
791 2780 912 2853 priorum
926 2787 1124 2852 comparantes,
1138 2780 1257 2835 omnium
1271 2795 1341 2848 quae
1353 2798 1474 2850 uuquam

128 2866 233 2927 hecale
252 2878 441 2940 apparuerunt
464 2868 618 2939 specierum
645 2885 699 2924 uno
723 2885 858 2925 consensu
883 2869 964 2938 longe
986 2867 1244 2924 excellentissimam
1267 2868 1425 2924 describunt
1446 2875 1474 2924 et

128 2957 238 3021 umus
265 2971 335 3027 quae
364 2956 495 3011 historiae
527 2955 646 3011 afferunt
675 2957 781 3014 dnobus
808 2957 942 3013 similibus
968 2959 1082 3013 ostentis
1108 2958 1255 3026 (annorum
1279 2957 1330 3013 915
1348 2964 1377 3012 et
1399 2957 1476 3027 1261)

128 3044 274 3105 uicerim
299 3053 459 3114 nuncupant
483 3041 601 3100 stellam,
640 3043 859 3114 splendidissimi
884 3044 957 3101 illius
986 3045 1114 3100 coelestis
1140 3045 1227 3115 sigui,
1254 3045 1361 3100 nemine
1389 3046 1476 3116 suspi-

128 3138 190 3185 aute
207 3130 301 3186 subito
319 3131 420 3197 exorti,
440 3138 554 3200 stupere
573 3131 764 3201 deligabantur
782 3131 925 3197 mortales,
951 3133 1171 3201 astronomisque
1190 3148 1244 3201 quo
1262 3149 1308 3188 res
1326 3133 1477 3201 pertineret

128 3214 463 3288 incommemoratos,
482 3218 614 3288 astrologi
632 3219 776 3275 horrendis
795 3218 928 3276 vaticiniis
947 3227 1043 3288 gentes
1062 3220 1211 3276 terrebant.
1247 3220 1339 3274 Etiam
1358 3220 1475 3290 Tycha

128 3302 155 3362 ie
169 3306 299 3376 lirahe,
323 3312 379 3361 tum
403 3307 513 3375 quidem
536 3308 684 3376 auspicans
703 3307 773 3362 coeli
799 3306 954 3363 dimetiendi
978 3307 1083 3377 studia,
1108 3307 1344 3377 diligentissimam
1363 3323 1475 3376 operam

128 3395 202 3451 uenit
219 3395 251 3450 iu
271 3393 463 3464 cognoscenda
481 3393 530 3448 illa
547 3394 640 3463 stella,
665 3410 719 3464 qua
740 3395 850 3464 quidem
869 3400 901 3450 ut
918 3394 1064 3450 latentiore
1084 3412 1150 3451 cura
1171 3395 1199 3450 in
1218 3395 1410 3452 astronomiam
1429 3395 1474 3451 iu·

128 3482 258 3539 nuberet
276 3489 305 3536 et
323 3484 513 3551 cognoscendo
531 3483 615 3537 coelo
629 3490 761 3552 qnantum
779 3481 885 3537 valeret
903 3483 1038 3538 tribueret
1055 3498 1085 3539 se
1099 3489 1253 3552 permotum
1267 3496 1328 3539 esse
1340 3481 1400 3550 ipse
1412 3497 1475 3550 pro·

128 3566 216 3626 teus.
251 3567 361 3639 Operae
379 3570 406 3624 in
425 3569 616 3639 cognoscenda
633 3569 681 3626 ‘dia
700 3569 782 3624 stella
798 3569 906 3639 positae
923 3567 1041 3628 fructum
1059 3570 1146 3626 habes
1165 3586 1200 3624 ex
1218 3569 1309 3638 amplo
1328 3566 1401 3638 qnod
1419 3568 1474 3623 evi·

128 3654 208 3722 adivit
224 3671 326 3727 opere,
348 3657 376 3711 in
394 3673 449 3725 quo
468 3658 548 3714 etiam
569 3677 662 3716 eorum
682 3662 728 3728 qui
748 3659 782 3714 de
800 3660 896 3715 eadem
914 3675 945 3715 re
964 3658 1133 3728 scripserunt
1149 3656 1260 3727 plurimi
1278 3656 1316 3722 th.
1335 3671 1359 3710 e.
1379 3670 1473 3710 omncs

128 3756 165 3797 aa
179 3742 257 3799 iliius
276 3744 409 3812 temporis
428 3747 590 3812 astronomi)
613 3746 765 3803 afferuntur
783 3752 811 3801 ct
829 3746 1028 3801 examinantur.
1065 3746 1173 3801 Novum
1196 3743 1278 3812 igitur
1295 3742 1373 3797 ilium
1393 3759 1473 3811 quem

128 3830 224 3887 iximua
237 3829 363 3886 ordinem
375 3830 552 3887 ineunduma
570 3834 747 3905 Tychone‚
768 3834 846 3903 cnjus
860 3833 970 3902 quidem
982 3847 1079 3889 nomen
1098 3830 1288 3887 astronomicis
1307 3830 1473 3887 observatio·

128 3918 189 3977 aas
206 3917 427 3975 accuratioribus
448 3928 476 3975 ct
493 3923 572 3976 novis
591 3922 754 3993 excogitatis
779 3921 806 3975 iu
824 3921 899 3977 hune
912 3920 1003 3994 ⁸finem
1019 3918 1207 3975 instrumentis
1231 3918 1402 3974 nobilitatum
1421 3926 1473 3988 est,

128 4005 182 4063 md
198 4006 258 4065 acio
278 4021 314 4061 au
331 4015 405 4063 recte
424 4016 590 4075 statuamus,
609 4027 774 4081 quamquam
792 4008 855 4064 iibri
873 4008 908 4064 ab
926 4009 975 4064 illo
994 4006 1144 4076 conscripti
1162 4013 1278 4074 excepto
1297 4023 1352 4061 uuo
1370 4006 1472 4062 leviore

128 4094 264 4151 uteriore
281 4093 390 4150 demum
408 4105 531 4166 tempore
550 4099 616 4154 editi
634 4106 707 4155 sunt.
743 4097 889 4154 Volumina
908 4098 929 4152 1.
948 4114 975 4167 p.
995 4098 1046 4152 190
1065 4112 1087 4150 s.
1108 4112 1152 4165 ea,
1176 4109 1248 4163 quae
1267 4094 1376 4149 celeber
1394 4094 1471 4149 Gas-

128 4180 236 4239 tudus
253 4181 290 4238 da
308 4183 364 4239 vita
382 4183 519 4253 Tychonis
537 4187 629 4254 refert,
648 4204 729 4257 quam
748 4187 908 4243 brevissime
921 4185 1116 4252 enarravimus,
1135 4184 1235 4252 quibus
1246 4182 1304 4251 jam
1321 4181 1473 4250 adjungen-

128 4286 168 4327 ιιι
184 4271 345 4328 censuimus
370 4288 502 4327 summam
529 4289 622 4328 eorum
646 4289 716 4342 qnos
742 4273 904 4343 consempsit
923 4272 1060 4329 librorum.
1100 4272 1271 4340 Quamquam
1290 4270 1427 4338 Keplerus
1445 4269 1473 4323 iu

128 4360 182 4417 brie
199 4360 259 4416 auis
277 4376 359 4428 quam
378 4361 537 4429 saepissime
556 4361 693 4430 Tychonis
715 4363 879 4417 mentionem
897 4360 977 4427 iacit,
1001 4360 1206 4417 observationes
1230 4359 1291 4428 ejus
1309 4365 1338 4412 et
1355 4372 1426 4427 qnae
1443 4359 1471 4413 iu

128 4448 300 4505 mnemicis
325 4463 395 4503 nora
418 4448 539 4517 prodidit
563 4447 770 4518 diligentissime
794 4447 878 4504 refert
899 4465 1017 4518 eumque
1042 4456 1072 4504 nt
1091 4448 1187 4502 ducem
1210 4452 1472 4516 praeceptoremque

128 4534 202 4591 ludat
221 4542 251 4591 et
268 4533 427 4605 loquentem
443 4535 559 4605 inducit,
583 4552 696 4605 prorsus
714 4544 805 4592 tamen
823 4536 1007 4592 necessarium
1031 4536 1151 4604 videtur,
1182 4537 1213 4588 ut
1230 4534 1276 4589 hic
1294 4531 1403 4602 scriptis
1421 4532 1472 4586 viri

128 4640 193 4680 cum
207 4623 400 4695 praebeamus,
421 4625 467 4691 qui
481 4623 611 4678 alacriore
623 4624 648 4676 vi
663 4623 749 4678 erexit
762 4623 944 4679 astronomiae
962 4622 1093 4679 colendae
1104 4621 1196 4677 studia
1208 4620 1404 4691 plurimosque,
1423 4620 1471 4690 qui

128 4720 167 4769 net
182 4710 303 4767 alteram
322 4711 409 4767 seculi
420 4710 494 4766 XVI.
512 4717 619 4779 partem
636 4710 781 4779 viguerunt
799 4718 985 4778 astronomos,
1009 4710 1212 4768 necessitudine
1235 4709 1354 4778 quadam
1380 4708 1471 4777 attigit

128 4798 308 4867 latiarumque
325 4798 411 4854 valuit
429 4798 464 4853 ud
483 4798 565 4853 vitam
583 4804 612 4853 et
630 4797 723 4853 studia
741 4797 864 4867 Kepleri.

209 4888 323 4945 Primus
340 4887 410 4945 liber
428 4887 589 4959 a'l'ychone
602 4888 783 4959 conscriptus,
800 4893 833 4943 ut
848 4888 910 4957 ipsa
922 4886 994 4954 dicit,
1013 4884 1148 4957 ,juvenile
1164 4884 1303 4954 ingenium
1321 4882 1471 4959 reieraus“,

1200 4970 1261 5030 40*
