3322 5534
155 400 220 472 688
465 400 646 462 mmmm
664 404 802 462 Historiae
818 404 1008 464 1555555115
1024 406 1120 465 ascalo
1135 404 1209 465 m.

154 581 192 642 ils
213 581 350 642 resolutis
365 580 478 658 Msglni
501 590 531 644 et
547 583 671 660 illomm,
696 603 770 663 quos
785 587 924 664 Msgirus
946 593 993 648 est
1014 596 1141 662 secutus,
1167 589 1276 665 quibus
1298 604 1395 649 annus
1416 586 1500 647 finitur

155 672 184 728 iu
208 670 329 731 meridie
351 670 446 729 ultimi
469 671 640 732 Decembris
668 675 790 750 politici.
835 675 885 735 Sic
908 675 1028 734 dimidio
1061 676 1108 735 die
1137 677 1234 736 differt
1255 693 1275 735 a
1298 675 1458 736 Prntenicis
1476 684 1500 736 et

156 756 331 834 Coparrico,
363 759 1152 833 55155555555151551555555111551555115
1173 770 1272 827 nocte.
1318 763 1395 824 Cum
1415 770 1497 822 55155

152 844 264 905 tructus
286 843 451 905 tabularum
475 847 533 904 sint
554 847 772 924 Ephemerides,
796 851 882 910 lacile
897 859 1029 927 apparet,
1053 851 1160 911 Brahei
1176 851 1321 928 epocham
1345 868 1410 911 esse
1429 867 1496 910 cum·

154 932 365 992 modissimsm.
404 933 523 992 Interim
539 936 709 1008 notandum,
733 936 813 1013 quod
836 944 865 998 et
887 939 918 995 in
934 938 1097 1014 Ceperuico
1119 948 1149 999 at
1172 941 1239 998 aliis
1255 939 1402 1012 omnibus,
1418 956 1494 1015 qum·

151 1021 243 1096 tisper
265 1019 396 1079 calculus
420 1029 573 1096 operetur,
603 1031 735 1100 tempora
768 1023 902 1085 adhiberi
925 1024 1084 1102 completa,
1119 1025 1233 1086 calculo
1262 1035 1386 1104 peraeto
1421 1026 1452 1085 sd
1470 1025 1491 1082 il

154 1107 234 1183 qnod
255 1106 353 1185 prodit
376 1125 455 1167 more
478 1108 704 1185 liphemeridum
728 1115 837 1189 apponi
867 1112 945 1173 diem
968 1124 1140 1176 currentem.
1186 1114 1262 1173 Nam
1285 1117 1312 1173 si
1335 1113 1408 1191 quid
1426 1129 1489 1173 com·

153 1196 317 1270 putandum
340 1195 378 1254 ad
404 1201 498 1256 1593.
521 1203 572 1257 31.
597 1199 674 1273 Aug.
698 1198 800 1259 horam
823 1205 853 1263 8.
876 1203 1049 1263 matutinam
1077 1200 1212 1277 politice,
1243 1202 1275 1261 id
1299 1210 1345 1261 551
1375 1209 1488 1261 5515555-

154 1284 228 1342 5155
251 1283 289 1342 ud
316 1288 409 1343 1593.
433 1290 484 1343 30.
507 1283 584 1360 Aug.
608 1286 710 1345 horam
734 1294 785 1350 20.
807 1294 876 1365 post
898 1287 1063 1365 meridicm3
1087 1290 1234 1366 completo
1258 1292 1350 1367 igitur
1364 1296 1484 1365 tempore:

155 1375 248 1431 lesu.
272 1369 383 1450 Julius,
407 1369 469 1432 dies
493 1372 647 1434 tilherus
672 1376 723 1434 20.

256 1628 306 1684 His
331 1627 501 1698 interpositis
524 1629 644 1686 redimus
669 1629 704 1685 ad
721 1631 879 1702 Tyehonem
896 1632 1003 1703 ipsum,
1026 1633 1177 1690 referentes
1202 1649 1237 1689 ex
1258 1629 1481 1704 Progymnurre

151 1730 185 1773 ea
202 1728 282 1788 quse,
301 1717 426 1773 absoluta
446 1717 553 1772 theoria
571 1719 675 1787 Lunae,
699 1734 771 1775 nova
794 1720 822 1774 in
840 1720 1007 1775 astronomia
1033 1720 1176 1789 evigilavit
1213 1723 1309 1791 capite
1323 1715 1480 1777 securiori

151 1804 247 1860 5151155
264 1804 334 1859 fixus
352 1804 462 1872 transit,
490 1805 641 1860 inscribens
659 1805 713 1861 hoc
731 1813 830 1876 caput:
859 1807 905 1863 De
921 1810 1064 1864 stsdurum
1081 1810 1284 1876 1555551155,
1302 1807 1395 1878 quood
1409 1819 1481 1862 m

151 1893 212 1948 mu
228 1893 285 1962 ipsi
301 1894 375 1948 coelo
393 1893 432 1948 ed
449 1894 581 1949 amussim
598 1896 882 1964 commemorabam
897 1897 1008 1951 radone
1025 1897 1267 1966 instrumentisque
1280 1893 1481 1966 555515111εῇ11
1516 1894 1518 1905 “

153 1979 331 2036 motatione
349 1986 431 2051 utque
448 1981 643 2049 omfioutioae.
680 1981 811 2036 Firarum
829 1981 970 2036 stellarum
988 1982 1061 2047 loca,
1079 1981 1180 2050 lumen,
1199 1981 1328 2050 colorem,
1347 1976 1480 2050 mugnitud'r

152 2081 216 2122 nem
232 2083 429 2137 numerumque
447 2073 476 2122 et
493 2067 713 2124 distributionem
731 2083 824 2124 earum
841 2068 872 2124 in
889 2068 967 2124 coelo
985 2084 1040 2123 non
1058 2075 1163 2124 tartum
1182 2069 1288 2125 adrem
1301 2067 1479 2126 astronomicum

152 2154 271 2224 penitius
290 2155 507 2226 cognoscendam
531 2155 677 2225 plurimum
699 2155 789 2211 iecere
808 2164 915 2225 censet,
939 2155 988 2211 sed
1011 2157 1108 2224 etiam,
1134 2157 1208 2225 quod
1226 2156 1256 2212 in
1273 2157 1361 2226 ipsius
1378 2155 1477 2226 operibat

72 2224 76 2245 ⁴
150 2243 240 2298 555155
267 2244 399 2313 occurrit,
424 2243 600 2311 astrologiam
624 2243 676 2298 hac
698 2242 874 2312 inquisitione
897 2258 952 2297 555
976 2259 1072 2312 parum
1096 2244 1212 2299 subsidii
1239 2244 1407 2300 obtenturam
1429 2255 1476 2296 eus
1515 2292 1518 2323 ,

148 2333 244 2388 Refert
261 2331 353 2386 studia
369 2338 499 2400 veterum,
518 2331 715 2398 Timocharem,
733 2332 929 2402 Hipparchum,
948 2331 1145 2400 Ptolemaeum,
1164 2332 1367 2400 Alhategnium,
1382 2330 1475 2399 115155-
1516 2326 1518 2365 l

148 2437 208 2476 sum
231 2418 334 2490 laudat,
352 2419 470 2490 denique
492 2420 670 2489 (lopernicum
692 2420 758 2475 dicit
777 2420 827 2486 ,de
846 2428 905 2475 arte
922 2420 984 2488 hae,
1002 2419 1026 2472 si
1046 2419 1107 2487 quis
1129 2419 1215 2480 alius.
1234 2420 1338 2489 optime
1354 2416 1474 2473 meritrr‘·
1516 2430 1518 2435 '

61 2526 65 2535 ¹
149 2523 255 2564 errores
278 2522 343 2562 uero
366 2507 401 2562 ab
425 2507 468 2562 his
493 2507 652 2563 commissos
680 2508 818 2578 queritur,
845 2508 893 2575 qui
916 2507 1026 2575 saepius
1051 2508 1086 2561 ad
1107 2505 1244 2576 integrum
1271 2505 1382 2575 grsdum
1408 2512 1474 2556 5555
1516 2582 1518 2587 Ι

146 2595 263 2663 5155551,
288 2611 349 2651 eum
373 2592 408 2647 ob
432 2594 686 2663 instrumentorum,
716 2594 817 2664 quibus
842 2594 884 2650 usi
911 2596 980 2662 sint,
1005 2593 1156 2648 exilitatem
1179 2594 1326 2661 minusque
1348 2587 1474 2646 convenies

147 2689 204 2738 tem
221 2690 400 2751 structuram,
423 2688 481 2737 turn
508 2681 573 2751 quia
597 2681 730 2736 rationem
747 2680 922 2736 adhibuerint
943 2697 997 2736 non
1020 2679 1094 2735 5551
1113 2696 1147 2735 ex
1165 2686 1245 2748 parts
1269 2672 1472 2745 comprobentur
1516 2716 1518 2721 .

149 2768 200 2824 1115
218 2777 309 2824 motus
327 2768 417 2825 causis
436 2767 540 2838 majora
559 2777 586 2824 et
600 2770 739 2825 exactiore
751 2768 932 2824 instrumenta
950 2767 1047 2824 confici
1066 2767 1172 2823 curarit
1188 2773 1216 2821 51
1235 2765 1317 2819 aliam
1335 2764 1473 2830 51555511
1515 2808 1518 2839 :

147 2858 252 2926 priores
276 2858 417 2927 ingressus
435 2864 486 2911 est.
525 2858 620 2927 ,Cum,
645 2857 746 2926 lnquit,
772 2865 816 2912 151
839 2856 978 2924 tantisque
1000 2855 1172 2909 anfractibus
1197 2860 1280 2922 atque
1306 2841 1472 2920 imprimeris
1515 2854 1518 2905 i

147 2944 288 3000 stellarum
306 2944 484 3000 inerrantium
501 2945 640 2999 restitutio
659 2943 778 2998 obnoxie
798 2943 1056 3013 deprehenderetur,
1076 2940 1207 3008 cogitanti
1226 2948 1255 2994 et
1272 2938 1319 2994 diu
1337 2937 1472 3001 mutunus

147 3033 343 3101 contemplanti
362 3032 436 3099 mihi,
456 3049 510 3100 qua
528 3032 639 3087 tandem
657 3033 763 3087 ratione
782 3033 920 3100 negotium
939 3030 992 3086 155
1010 3030 1079 3084 citra
1096 3027 1181 3082 ullum
1199 3025 1360 3081 deviationis
1372 3019 1472 3091 suspicio
1515 3060 1518 3109 ἑ

147 3133 209 3173 neur
228 3119 359 3186 expedire
377 3118 479 3186 liceret,
501 3133 563 3173 5555
582 3117 689 3173 555155
705 3118 795 3186 ipsum·
809 3118 889 3186 quasi
901 3131 936 3170 er
954 3116 1095 3184 insperato
1114 3114 1251 3182 egregiam
1270 3108 1472 3183 5155551155-

149 3211 205 3260 tem
224 3207 394 3262 occasionem
413 3206 563 3261 liberaliter
580 3206 718 3275 impertiit,
738 3206 820 3275 idque
833 3221 905 3260 5555
920 3184 996 3270 tesi,
1015 3218 1077 3258 cum
1090 3202 1205 3256 Veneris
1220 3199 1302 3255 stella
1313 3199 1422 3255 interdiu
1431 3205 1472 3248 151

149 3293 213 3348 Sole
232 3293 318 3348 multo
337 3300 460 3363 tempore
478 3299 535 3348 tam
553 3302 616 3348 arte
634 3310 716 3362 quern
735 3303 800 3364 post
816 3294 1003 3361 meridianum,
1018 3299 1080 3346 tum
1101 3291 1181 3345 etium
1200 3291 1228 3344 in
1247 3291 1377 3345 1555555
1393 3279 1473 3350 corsp't

148 3380 273 3436 ciendum
291 3381 427 3450 prsehuit.
464 3382 543 3437 Hane
561 3385 732 3439 occasionem
749 3382 906 3438 nullatenus
924 3378 1193 3449 praetermittendum
1212 3378 1315 3445 censui,
1333 3367 1474 3432 55551111

148 3468 354 3525 intermediaute
373 3471 487 3525 Veneris
506 3469 587 3525 stella
603 3470 687 3525 affixa
705 3454 794 3526 sidera
812 3469 961 3536 verificare,
980 3482 1061 3536 quum
1080 3482 1129 3534 per
1140 3465 1257 3528 Lunam,
1275 3471 1306 3518 ut
1322 3457 1474 3518 nrterrinte

149 3555 247 3611 dextre
264 3557 417 3613 1551115155
436 3564 491 3628 551,
511 3559 591 3624 longe
610 3558 704 3628 satius,
723 3556 878 3627 expeditius
898 3564 926 3610 et
945 3555 1046 3609 certius
1066 3554 1204 3611 ducerem.
1241 3552 1335 3606 Venus
1353 3549 1418 3604 eninr
1432 3555 1474 3599 551

147 3642 176 3697 15
193 3659 244 3699 555
262 3645 361 3699 risibili
379 3645 512 3700 diametro
529 3645 673 3714 parvulum
693 3652 809 3714 occupet
826 3646 854 3699 in
872 3643 948 3699 coelo
967 3643 1065 3712 locum,
1083 3650 1159 3696 motu
1172 3641 1284 3709 proprio
1303 3637 1383 3706 lorge
1397 3630 1475 3689 urditt

147 3732 183 3786 sit
201 3747 281 3800 quarn
300 3733 391 3802 Luna,
418 3734 464 3802 qui
488 3734 569 3787 etiam
592 3734 692 3789 5551155
711 3733 888 3801 discernitur,
916 3748 966 3786 nec
985 3731 1053 3784 adeo
1072 3729 1244 3784 evidentibus
1262 3722 1474 3796 55151155115511

147 3816 219 3873 1555
233 3819 360 3875 intricata
378 3822 427 3890 sit,
454 3820 528 3875 illem
553 3821 637 3890 igitur
660 3821 725 3876 1515
747 3820 824 3889 operi
841 3819 1005 3877 exantlando
1024 3816 1235 3886 praeficiendam
1257 3809 1474 3868 commodissimus

148 3905 300 3962 duximus‘·
338 3908 400 3962 Jam
418 3907 501 3962 refert
520 3908 628 3977 Tycho,
648 3922 702 3977 qua
719 3908 825 3962 5511555
842 3906 871 3961 15
888 3906 962 3961 hunc
980 3921 1093 3974 scopum
1112 3919 1177 3957 usus
1196 3902 1233 3956 sit
1251 3902 1366 3955 Venere.
1400 3894 1474 3986 01511·

146 4009 226 4048 resse
245 4009 275 4048 se
294 4011 354 4049 cum
373 3996 499 4064 adjutore
518 3995 635 4052 interdiu
654 3995 809 4050 1151551155
835 3993 855 4061 ῼ
874 4001 903 4047 51
917 3999 947 4058 Θ
961 4008 1011 4061 per
1028 3997 1183 4046 sextantem
1203 3992 1295 4057 (quem
1312 3993 1406 4056 postes
1414 3979 1475 4052 plurr

150 4081 200 4135 bns
220 4081 370 4150 describit),
389 4082 470 4138 simul
488 4084 635 4139 adnotasse
654 4085 798 4151 utriusque
815 4082 1001 4150 altitudinem,
1019 4079 1164 4144 azimutha,
1183 4075 1393 4140 declinationem
1414 4071 1476 4124 51111

144 4181 209 4223 sero
227 4169 403 4223 5555115555
428 4171 448 4238 ῼ
474 4169 570 4224 afixis
588 4172 743 4240 praecipuis
760 4186 846 4240 prope
864 4169 1004 4224 zodiacum
1028 4165 1222 4230 existentibus,
1246 4162 1368 4217 adhibita
1384 4154 1476 4250 dedat

146 4255 220 4309 tiore
239 4263 268 4309 et
284 4255 439 4327 altitudine;
464 4258 544 4311 simul
568 4266 691 4328 tempora
714 4258 883 4329 singularum
908 4254 1128 4311 observationum
1154 4250 1302 4318 diligenter
1325 4245 1476 4314 eorumve

152 4353 198 4408 ,ut
216 4342 309 4398 habita
333 4344 461 4399 motionis
483 4346 610 4414 propriae
628 4347 656 4400 in
681 4346 701 4413 ῼ
725 4346 843 4409 5511555,
868 4359 919 4413 per
943 4340 1001 4410 ejus
1024 4337 1232 4394 1555558515
1256 4336 1355 4393 diurne
1378 4338 1476 4400 temptet

147 4439 312 4500 correctum,
337 4430 438 4486 5511515
459 4433 563 4487 interea
584 4434 674 4488 laetae
698 4433 877 4503 promotionis
900 4429 1093 4501 proportione,
1115 4424 1212 4482 5151155
1233 4420 1478 4494 propositarum

148 4517 372 4588 rectificaremus,
390 4519 472 4588 idque
490 4521 605 4589 primum
624 4520 714 4589 quoad
733 4520 920 4577 ascensionem
939 4526 1056 4585 rectem,
1076 4529 1146 4583 quse
1164 4511 1290 4568 adbibita
1308 4511 1367 4580 ejus
1384 4504 1478 4564 declina·

146 4606 221 4660 tione
238 4604 320 4658 facile
336 4605 365 4659 in
382 4605 578 4674 longitudinem
597 4615 625 4663 et
641 4608 812 4663 latitudinem
824 4603 1037 4663 resolvebaturt.
1063 4600 1227 4657 0555111511·
1245 4601 1301 4656 155
1318 4598 1419 4655 ratione
1427 4588 1480 4648 lodi

147 4693 318 4762 quarundam
336 4692 464 4764 lixarum,
487 4694 549 4750 illus
567 4712 660 4752 55555
679 4697 714 4752 sd
734 4695 867 4763 ,lucidam
885 4708 969 4762 supra
987 4697 1071 4760 caput
1091 4693 1139 4747 Vt
1159 4683 1196 4743 ud
1213 4704 1320 4744 55555
1336 4683 1481 4756 completa!

147 4783 225 4838 1585.
244 4781 337 4836 retulit
354 4781 472 4849 indeque
488 4781 654 4850 reliquarum
672 4785 788 4841 lixarum
805 4784 866 4839 locs
883 4782 984 4850 5115511,
1003 4795 1071 4850 quas
1089 4778 1298 4836 observationes
1315 4770 1483 4847 persiluihil

147 4876 178 4927 st
192 4868 403 4929 missurum
419 4869 455 4941 Θ
467 4875 497 4924 51
514 4868 535 4938 ῼ
559 4869 688 4928 adhibitis
706 4871 868 4930 emendarit.
