3322 5534
718 390 747 445 in
765 390 837 447 Orbe
855 391 957 449 Lunae
1450 389 1514 458 103

152 566 406 647 quemadmodum
428 585 524 646 neque
547 586 623 646 caro,
646 585 743 645 neque
765 569 879 643 humor,
902 568 955 629 sed
971 569 1010 645 id,
1033 568 1112 646 qnod
1136 569 1299 644 cogitamus
1324 571 1353 626 et
1374 569 1515 644 sapimus.

152 657 191 717 Et
214 660 317 717 anima
339 675 358 716 a
380 664 478 717 mente
500 657 624 733 figurata
647 663 678 717 et
700 673 806 733 corpus
837 655 965 734 figurans
988 665 1078 734 atqua
1101 654 1225 714 induens
1247 653 1438 731 undiquaque
1461 673 1516 716 cx·

151 747 243 823 tergit
264 745 352 822 qnasi
372 745 519 821 speciem3
549 746 649 821 itaque
673 745 728 803 etsi
757 743 851 804 multo
880 752 1010 821 tempore
1039 745 1161 803 seorsim
1185 740 1298 818 degerit
1319 742 1357 801 ab
1380 751 1514 819 utroque,

152 841 253 893 tamen
282 832 352 908 quie
375 830 498 907 figuram
522 840 551 891 et
572 831 794 891 similitudinem
818 839 988 903 conservat,
1019 830 1206 889 simulacrum
1233 836 1311 889 recte
1340 831 1514 889 nominatur.

152 920 191 978 Et
214 918 322 978 harum
344 918 463 995 quidem
486 922 590 979 matrix
614 936 667 978 seu
689 917 866 978 elementum
888 927 932 979 est
956 918 1050 992 buna,
1073 920 1116 977 uti
1139 916 1264 991 dictum;
1288 919 1317 973 in
1340 915 1416 977 hanc
1439 920 1516 977 enirn

152 1005 343 1067 resolvuntur
371 1004 457 1079 illae,
488 1013 520 1065 nt
550 1008 581 1064 in
610 1015 717 1066 terram
750 1021 871 1082 corpora
894 1014 1088 1080 mortuorum,
1118 1003 1201 1063 brevi
1230 1003 1345 1079 quidem
1375 1007 1516 1081 temporis

153 1095 254 1171 spatio
278 1094 395 1152 animae
418 1094 581 1169 sopientes,
612 1110 689 1170 qnae
718 1094 748 1149 in
772 1095 832 1153 otio
855 1095 976 1152 innoxio
1000 1095 1062 1151 viia
1082 1090 1287 1169 philosophica
1309 1092 1372 1150 sine
1395 1094 1514 1169 negotio

153 1182 234 1241 inere
259 1186 425 1240 contentae.
456 1180 517 1240 Eae
540 1197 667 1256 namque
691 1177 829 1239 dimissae
853 1200 872 1240 a
894 1188 991 1240 mente
1014 1198 1068 1239 nec
1090 1178 1128 1238 ad
1151 1177 1241 1237 uliam
1264 1194 1350 1256 porro
1366 1196 1427 1238 rem
1442 1197 1515 1240 usae

151 1265 381 1347 cupiditatibus,
404 1275 608 1328 exarescentes
632 1268 864 1343 exstinguuntur.
894 1265 988 1342 ‚Quae
1010 1284 1080 1326 vero
1103 1265 1263 1325 honoribus
1286 1265 1461 1326 studuerunt
1484 1273 1513 1327 et

151 1356 258 1416 turbas
287 1354 486 1430 negotiorum,
517 1362 545 1414 et
575 1372 651 1430 qnae
682 1354 832 1413 amoribus
861 1371 1015 1431 corporum
1042 1353 1210 1413 sordidatae
1234 1361 1286 1412 aut
1314 1355 1374 1412 irae
1398 1352 1515 1414 deditae

152 1443 289 1514 inerunt,
312 1440 389 1501 aliae
413 1439 531 1516 quidem
555 1441 647 1501 veluti
671 1459 722 1517 per
744 1459 877 1500 somnum
899 1459 972 1501 usae
994 1440 1197 1501 recordatione
1225 1442 1305 1499 vitae
1334 1450 1455 1502 exactae
1482 1448 1516 1501 ut

152 1531 279 1589 somniis
300 1530 331 1586 in
353 1526 461 1588 multos
485 1527 685 1587 distrahuntur
708 1529 849 1605 impetus,
880 1537 912 1587 nt
934 1528 986 1589 illa
1008 1529 1210 1606 Endymionis.
1256 1527 1420 1604 Postquam
1445 1546 1515 1588 vero

149 1617 219 1676 ilias
240 1614 420 1675 instabilitas
442 1622 471 1675 ct
493 1609 740 1692 passibilitas¹⁸¹)
763 1615 798 1675 de
821 1624 900 1675 statu
923 1633 978 1675 suo
1002 1615 1133 1676 dimovet
1155 1632 1232 1691 sque
1254 1614 1340 1675 Luna
1362 1614 1400 1675 ad
1423 1615 1515 1676 alium

150 1711 248 1764 ortum
273 1703 465 1776 abstraxerit,
487 1720 546 1761 non
569 1704 639 1763 sinit
659 1702 828 1781 conjunctio
851 1701 1042 1780 (cupiditates
1063 1702 1241 1782 quiescere),
1265 1702 1317 1762 sed
1340 1719 1390 1762 eas
1413 1721 1514 1764 resus-

149 1793 223 1853 citat
244 1798 276 1851 et
299 1788 454 1850 demulcet
498 1786 565 1851 Nou
594 1799 639 1852 est
670 1790 747 1849 enlm
770 1806 863 1867 parva
889 1808 950 1863 res,
982 1806 1078 1866 neque
1108 1789 1280 1865 tranquilia,
1312 1807 1409 1866 nequa
1437 1789 1513 1851 adeo

149 1878 304 1950 coniesss,
335 1874 467 1952 quando·
484 1880 598 1938 animae
621 1885 718 1938 mente
741 1886 873 1937 carentes
901 1877 967 1938 sola
989 1877 1145 1938 affectuum
1168 1879 1349 1952 generatrice
1371 1878 1513 1939 facultate

147 1982 276 2042 corpora
297 1964 524 2040 occupaverint,
547 1963 599 2024 sed
614 1964 695 2042 Tityi
719 1972 749 2022 et
762 1963 976 2042 Typhoneset
997 1967 1023 2023 is
1046 1965 1096 2041 qui
1119 1964 1254 2041 Delphos
1276 1962 1384 2024 insedit
1406 1983 1513 2026 orsca-

147 2052 273 2129 lumque
296 2049 485 2111 conturbavit
513 2052 626 2128 injuriis
655 2060 684 2110 et
708 2052 818 2111 viribus
841 2051 981 2126 infestus,
1013 2050 1044 2109 hi
1067 2053 1185 2127 inquam
1209 2069 1245 2110 cx
1268 2049 1382 2110 illerum
1410 2056 1513 2130 utique

148 2156 274 2201 numero
297 2140 460 2197 animarum
484 2144 577 2213 erbnt,
601 2141 755 2199 aratione
779 2138 959 2198 desertorum
983 2146 1012 2198 et
1036 2142 1146 2215 impetu
1168 2156 1245 2214 vago
1266 2139 1425 2199 affectuum
1440 2158 1513 2200 con-

149 2231 319 2288 citatarum.
357 2224 511 2301 Temporis
540 2234 640 2286 tamen
661 2242 801 2285 successu
824 2224 910 2284 Luna
938 2229 1025 2285 etiam
1057 2226 1112 2285 has
1135 2227 1164 2284 in
1187 2243 1253 2285 sese
1276 2228 1385 2303 recepit
1408 2235 1437 2287 et
1461 2245 1515 2287 ex-

147 2315 278 2386 ornavit,
302 2320 407 2389 posteu
430 2329 496 2372 curn
511 2311 563 2372 Sol
585 2316 690 2374 iterum
712 2315 818 2373 mentia
842 2312 988 2389 particula
1006 2321 1188 2390 respergeret
1210 2311 1397 2386 vitalitatem,
1419 2332 1515 2375 noves

146 2404 267 2462 animas
290 2399 394 2475 eiicit3
417 2398 508 2459 Tana
530 2417 600 2461 vero
618 2401 710 2461 tertio
732 2398 800 2460 loco
822 2416 930 2476 corpus
953 2402 1098 2476 praebuit.
1130 2400 1202 2477 ipsa
1224 2402 1301 2460 enim
1324 2401 1398 2460 nihil
1414 2420 1515 2462 eorum

150 2496 222 2569 post
246 2493 371 2547 mortem
392 2488 533 2561 restitnit,
558 2506 633 2564 quse
657 2489 780 2546 assumit
792 2482 844 2564 ¹⁸²)
877 2486 915 2546 nd
937 2490 1157 2563 generationem
1168 2481 1242 2571 ¹³³),
1275 2487 1327 2549 Sol
1350 2506 1421 2549 vcro
1442 2490 1516 2549 nilril

147 2574 274 2655 quidem
297 2575 421 2633 amomis
443 2569 592 2653 ipsam),
622 2573 750 2651 decerpit
773 2591 844 2635 vero
867 2582 994 2635 mentem
1024 2592 1113 2651 quem
1137 2568 1270 2657 datm).
1316 2574 1357 2635 ht
1378 2575 1464 2637 Luna
1486 2585 1516 2638 ct

148 2664 279 2724 maurit
301 2667 332 2720 et
354 2658 413 2735 dat,
438 2664 586 2738 componit
608 2670 638 2722 et
660 2661 779 2736 dividit,
803 2662 963 2721 secundnm
987 2661 1077 2722 aliam
1100 2668 1130 2722 et
1152 2661 1240 2721 aliam
1263 2658 1516 2744 fucultatcm¹⁶⁰);

150 2768 281 2829 quarum
304 2764 381 2825 quae
404 2750 561 2826 componit,
584 2749 707 2829 ilithyia
728 2766 780 2810 seu
796 2749 910 2810 Lucina
926 2748 1039 2825 dicitur,
1063 2766 1139 2827 qnae
1162 2766 1232 2810 vero
1248 2746 1363 2826 dividit,
1387 2751 1515 2813 Artemis
1592 2824 1595 2829 ¹

150 2856 209 2900 sen
231 2837 334 2897 Diana
357 2842 487 2896 vocatur.

262 2920 350 2999 Quod
364 2921 402 2981 ad
417 2929 476 2983 tres
491 2922 600 2984 Parcas
615 2924 729 2996 attinet,
754 2940 854 2982 earum
869 2940 939 3001 una,
963 2940 1038 3000 qnae
1055 2922 1194 3001 Atropos,
1212 2926 1340 2983 inflexilis
1364 2942 1414 2984 seu
1432 2930 1515 2985 surde

151 3020 289 3085 vocatur,
306 3012 335 3068 in
350 3008 419 3069 Sole
436 3010 589 3085 collocata,
604 3012 780 3087 principium
794 3009 867 3069 indit
882 3012 1094 3086 generationis,
1112 3011 1218 3072 Clotho
1235 3030 1306 3072 vero
1330 3030 1379 3070 eeu
1401 3016 1510 3086 Rumpe

151 3100 273 3161 Lunam
296 3099 478 3171 circumiens,
502 3101 626 3159 revincit
642 3106 671 3157 et
686 3101 802 3170 miscet,
825 3096 929 3157 ultima
951 3098 1091 3158 Lachesis
1114 3118 1163 3157 seu
1181 3104 1247 3158 Sors
1272 3099 1455 3159 terrestribus
1471 3108 1516 3158 est

152 3203 306 3259 connexa,
337 3184 389 3244 nbi
411 3185 567 3261 plurimum
589 3187 707 3245 fortuna
728 3193 836 3261 potest.
880 3185 955 3244 Nam
980 3185 1057 3261 qnod
1082 3193 1125 3245 est
1148 3188 1289 3259 inanime,
1321 3185 1352 3243 id
1375 3187 1515 3262 suijuris

151 3292 214 3335 non
241 3281 296 3346 est,
321 3271 371 3332 sed
395 3273 552 3332 obnoxium
575 3272 643 3333 ullis
666 3272 704 3332 ad
726 3269 906 3349 patiendum.
938 3272 1023 3333 Mens
1047 3290 1116 3332 vero
1139 3273 1227 3332 nuliis
1250 3273 1377 3333 obnoxia
1398 3276 1515 3349 passio·

152 3364 244 3422 nibus
273 3361 426 3437 imperium
457 3361 578 3420 obtinet.
625 3360 731 3419 Anima
763 3362 854 3418 mixta
876 3367 920 3418 est
943 3377 979 3419 cr
1006 3368 1130 3437 utroque
1153 3368 1182 3421 et
1203 3360 1435 3420 mediocritatem
1458 3361 1514 3421 ob·

154 3453 246 3521 tinet,
282 3445 528 3524 quemadmodum
557 3455 586 3508 et
609 3447 693 3506 Luna
724 3454 973 3523 contemperatum
1004 3462 1109 3524 corpus
1133 3466 1168 3508 ex
1192 3448 1391 3524 superioribus
1414 3456 1444 3507 et
1466 3449 1514 3505 in·
1612 3502 1615 3507 .

149 3535 311 3599 terioribus
334 3541 364 3593 et
387 3534 558 3594 miraculum
582 3536 684 3611 ingens
699 3552 718 3593 e
733 3533 797 3597 Deo
820 3534 897 3594 iacis
920 3544 977 3594 est:
1003 3534 1125 3596 eandem
1148 3538 1236 3613 igitur
1250 3536 1341 3596 habet
1362 3534 1400 3595 ad
1414 3533 1514 3596 Solem

152 3624 385 3705 proportionem,
411 3638 498 3697 quarn
521 3622 612 3681 Terra
636 3621 673 3681 ad
696 3620 811 3680 Lunam
826 3617 888 3699 ¹³⁷).

261 3708 356 3780 Haec,
377 3708 481 3784 ajebat
494 3708 614 3787 Sylla,
637 3709 785 3785 hospitem
807 3708 908 3770 audivi
932 3716 1106 3786 nauantem,
1130 3712 1180 3786 qui
1205 3710 1336 3771 dicebat:
1360 3710 1417 3770 sibi
1439 3709 1513 3771 baec

149 3799 217 3859 illos
241 3796 363 3857 Suturni
387 3796 584 3857 cubicularios
607 3805 636 3857 et
658 3799 806 3857 ministros
830 3798 988 3873 aperuisse.
1034 3798 1072 3856 At
1096 3799 1197 3871 vobis,
1222 3814 1240 3857 o
1263 3797 1420 3874 Lampria,
1442 3796 1512 3859 licet

148 3887 298 3949 arbitratu
320 3891 419 3945 vestro
443 3886 485 3944 nti
507 3885 564 3945 boc
585 3901 728 3961 sermone,
751 3887 781 3943 in
804 3902 892 3961 quarn
915 3891 1028 3961 partem
1051 3885 1213 3946 volueritis.
