3308 5534
724 395 801 467 1602'.
818 405 898 467 tibi.
1410 407 1474 478 751

128 581 227 660 icona
251 590 350 647 tamen
372 582 475 646 desino
498 587 542 646 ito
568 582 689 663 leniter,
721 588 793 664 qnln
822 602 925 647 omues
955 587 1188 647 circumstantias
1216 584 1306 663 bajus
1334 585 1422 647 aulae
1445 594 1477 649 st

128 674 323 733 merentium
345 674 528 750 negotiorum
552 673 707 749 diligenter
729 673 903 750 expendam.
948 672 1067 735 Utinam
1090 676 1132 733 ito
1154 675 1184 731 iu
1205 680 1322 750 promtu
1345 673 1416 734 mibi
1437 677 1479 737 sit

128 757 227 835 eliqua
247 768 279 820 ιι
299 760 496 839 providentio.
542 763 587 821 Ao
609 779 665 837 ego
688 770 740 821 tua
762 763 855 822 rerba
879 778 951 823 sans
979 778 1039 823 uon
1060 768 1175 822 tantum
1197 768 1231 821 ut
1251 763 1398 822 monentis
1421 778 1474 822 ae·

128 847 218 923 dplo,
241 847 294 909 sed
317 850 405 909 etiam
427 857 461 908 ιιι
484 849 637 908 consillum
661 848 831 924 deferentis,
859 865 919 908 non
942 850 1076 924 obscura,
1099 849 1127 908 si
1149 848 1267 926 quidem
1289 849 1319 908 id
1342 865 1398 926 ego
1419 850 1476 909 sim

128 942 327 1013 accepturus.
372 934 470 1011 Quare
494 937 548 997 tibi
570 936 796 1014 significandum
817 946 918 1013 operte
941 946 994 1012 est,
1016 954 1064 998 me
1079 945 1214 1015 paratum
1232 944 1302 998 ‘essa
1323 944 1354 996 ct
1376 943 1475 997 otten-

128 1038 187 1081 :um
208 1022 250 1084 ad
270 1023 491 1103 percipiendum
514 1025 569 1085 abs
591 1034 630 1098 ts,
654 1040 783 1100 quonam
804 1022 893 1085 modo
915 1024 1004 1085 rebus
1025 1027 1100 1085 meis
1122 1025 1152 1084 iu
1174 1024 1288 1084 loturos
1302 1040 1389 1085 casus
1410 1038 1476 1085 rec-

128 1110 238 1172 isalmo
259 1118 446 1189 prospectum
469 1113 504 1170 iri
526 1128 656 1184 censeas,
679 1128 779 1189 neque
799 1118 913 1172 tautum
934 1120 1055 1189 paratus
1078 1127 1143 1171 sum
1158 1110 1196 1171 ad
1212 1110 1400 1187 audiendum,
1422 1110 1475 1171 sed

128 1204 153 1257 ιι
175 1196 435 1275 adaequandum,
466 1217 525 1276 quo
546 1199 618 1259 milri
641 1200 724 1273 lieet,
754 1202 781 1259 si
812 1199 892 1275 quod
921 1200 975 1259 tibi
1003 1216 1062 1259 uon
1085 1198 1240 1260 eonsilium
1262 1208 1391 1274 tantum,
1423 1198 1476 1259 sed

128 1286 259 1363 iunctum
290 1287 433 1346 auxilium
463 1290 503 1346 sit
533 1289 562 1345 in
584 1288 730 1347 manibus.
773 1286 840 1362 Ego
862 1286 900 1347 ds
921 1305 988 1348 mea
1009 1289 1152 1348 tenuitate
1182 1286 1307 1361 addam,
1336 1302 1414 1364 quos
1436 1284 1476 1347 od

128 1371 309 1433 'armandam
343 1374 583 1435 deliberationem
613 1375 688 1435 bane
718 1377 863 1451 pertinere
892 1375 1050 1436 arbitratae
1078 1374 1171 1436 luero.
1225 1373 1378 1450 Quaedam
1407 1382 1475 1434 sunt

128 1460 249 1537 utjcra,
271 1477 360 1538 quom
382 1470 415 1521 ut
436 1460 623 1539 providentio
637 1463 752 1539 possint
765 1464 868 1535 averti,
891 1472 921 1522 st
935 1463 987 1522 ubi
1002 1460 1256 1538 deprecationibus
1271 1464 1367 1538 magis
1382 1478 1476 1539 agen-

128 1546 204 1609 lrrr'n.
248 1547 325 1609 Nam
347 1550 372 1609 si
402 1548 518 1610 coelum
539 1559 621 1623 ruat,
651 1551 717 1626 quis
745 1550 775 1607 in
797 1548 896 1609 'l'erris
924 1558 1006 1611 tutus
1036 1566 1100 1610 esse
1126 1548 1255 1627 poterit?
1292 1551 1332 1609 At
1352 1552 1379 1610 ai
1401 1548 1476 1610 boae

128 1636 213 1709 otis,
235 1636 266 1695 ln
288 1653 348 1713 qua
368 1651 434 1695 com
457 1636 558 1713 aliqua
579 1653 668 1697 mauu
690 1635 840 1696 bominum
863 1639 987 1714 navigo,
1010 1653 1148 1715 superum
1169 1637 1214 1697 ira
1234 1645 1391 1714 mergatur,
1411 1636 1475 1715 jam

128 1722 159 1785 le
182 1725 353 1799 milone,
384 1723 494 1785 tabulis
515 1732 546 1784 ot
567 1733 654 1802 portu
676 1724 888 1802 cogitandum·
917 1724 1106 1786 Natatlonom
1130 1724 1194 1800 jam
1215 1723 1308 1786 semel
1336 1723 1476 1785 dlitiellli-

128 1806 204 1873 uar'u
226 1826 294 1871 sum
315 1819 470 1889 expertus3
493 1811 615 1872 tabulae
638 1812 710 1872 mibi
731 1818 762 1872 ιι
782 1814 869 1886 remi,
895 1811 953 1873 boe
974 1820 1021 1872 est
1041 1812 1218 1887 substantio,
1242 1811 1297 1872 dos
1320 1819 1351 1873 et
1370 1811 1476 1874 baare

128 1896 205 1959 litas
226 1898 328 1959 uxoris
357 1901 452 1959 omnis
480 1916 555 1976 pene
583 1897 681 1960 adbuc
707 1906 753 1960 est
780 1900 812 1957 in
833 1898 942 1977 styria
986 1899 1034 1961 De
1055 1907 1142 1977 portu
1171 1902 1234 1960 scio
1263 1906 1293 1961 ts
1314 1901 1476 1962 rectissime

128 1984 346 2061 amoturum,
377 1988 428 2062 qui
450 1998 498 2047 sat
523 1990 618 2061 nosti,
649 2003 704 2047 noo
734 2003 851 2048 omnem
873 1986 945 2046 milri
972 1986 1060 2048 licere
1086 1986 1168 2048 odire
1191 1993 1222 2050 et
1243 1986 1382 2064 expedire
1403 1989 1478 2048 meis

128 2070 242 2148 ttudits,
265 2081 300 2133 nt
321 2091 410 2151 quoru
432 2076 582 2133 minimum
605 2073 714 2134 talibru
737 2075 960 2135 inundationum
981 2074 1117 2152 procellis
1131 2075 1259 2149 ieriatur,
1281 2076 1311 2133 iu
1327 2092 1415 2151 quern
1430 2091 1478 2136 me

128 2176 193 2223 arm
213 2169 394 2237 recepturae.
439 2160 498 2223 Sed
521 2161 557 2223 de
579 2162 640 2221 illis
658 2163 736 2239 meis
757 2164 863 2236 remis,
891 2161 949 2223 boc
976 2169 1022 2224 ost
1043 2161 1080 2223 ds
1102 2161 1210 2223 dilecta
1231 2165 1359 2239 pecnnia
1380 2162 1477 2223 dicam

128 2246 222 2311 dora
266 2246 403 2309 Mortuus
426 2257 471 2311 est
492 2258 561 2310 aute
584 2250 733 2310 biennium
754 2266 836 2312 socer
849 2266 942 2325 meus,
965 2249 1076 2310 relictis
1090 2248 1177 2311 bonis
1191 2249 1391 2311 immobilibus
1406 2266 1478 2312 saue

128 2350 186 2399 tum
207 2336 431 2398 contemnendis
453 2353 510 2396 uno
534 2337 651 2397 milliari
674 2338 750 2399 inlro
772 2335 934 2398 Grastium.
977 2336 1053 2397 Nam
1083 2339 1167 2397 uxori
1188 2352 1272 2399 meae
1298 2353 1352 2414 pro
1375 2339 1480 2415 quinta

128 2429 211 2503 parte
233 2441 349 2484 summa
371 2427 458 2483 trium
479 2424 604 2484 millium
626 2441 663 2485 ex
685 2426 889 2486 aestimatione
911 2424 1069 2485 haeredum
1100 2424 1231 2485 debetur.
1277 2424 1362 2485 Bona
1385 2425 1480 2486 dividi

128 2528 184 2573 rou
205 2520 331 2591 possunt
353 2529 405 2572 seu
429 2512 597 2573 conditione
611 2528 675 2586 sua,
697 2529 751 2573 seu
764 2514 927 2590 pertinacia
940 2528 1071 2574 meorum
1086 2512 1225 2585 affinium.
1254 2510 1288 2573 Si
1303 2510 1477 2589 vendantur,

128 2598 254 2679 uatium
283 2597 342 2661 vilo
365 2601 422 2660 orit
443 2601 473 2657 in
495 2607 578 2660 tanta
601 2601 724 2676 penuria
745 2606 888 2663 emiorum
908 2598 967 2660 hoc
994 2606 1139 2676 tempore,
1169 2601 1305 2676 quamuis
1334 2599 1393 2662 bne
1419 2617 1477 2683 ego

128 2680 274 2761 bellurn,
296 2689 323 2748 si
343 2688 547 2763 magistratum
568 2686 707 2749 haberem
729 2688 878 2749 laventem
899 2686 938 2747 od
954 2687 1166 2766 impetrandam
1181 2685 1366 2748 divisionem.
1401 2687 1478 2748 liam

128 2775 296 2837 cummunio
318 2776 485 2852 perniciosa
507 2781 571 2849 esi;
600 2780 669 2834 sunt
691 2777 769 2836 enim
790 2773 969 2840 molendina.
1014 2773 1149 2850 Quouom
1171 2775 1261 2852 igitur
1289 2783 1377 2853 pacto
1399 2777 1479 2837 bona

128 2868 184 2925 sss
206 2878 298 2939 quam
318 2862 383 2923 lieri
404 2869 503 2940 potest
524 2862 644 2921 minimo
668 2861 775 2923 damno
797 2865 829 2922 in
851 2879 947 2923 meam
968 2870 1148 2940 potestatem
1169 2863 1313 2939 redigam,
1344 2862 1394 2923 diu
1414 2864 1478 2941 Jom

128 2948 178 3011 tad
199 2950 312 3010 lrnstro
333 2950 473 3011 delibero.
519 2949 614 3010 Video
636 2950 708 3010 mibi
731 2950 901 3027 adjumento
922 2950 1051 3011 loturam
1073 2950 1151 3012 bono
1171 2967 1267 3011 meam
1281 2950 1480 3012 eonditiousm

128 3034 256 3099 nilmm
279 3043 310 3097 et
329 3038 355 3099 si
378 3036 449 3113 quid
471 3039 648 3113 inceptorem
672 3038 939 3099 commendationes
960 3037 1042 3111 inde,
1072 3038 1126 3099 sed
1149 3039 1303 3098 consilium
1333 3040 1396 3116 ipse
1417 3039 1480 3099 lor·

128 3140 207 3187 ιιιιι
229 3130 261 3183 ιι
281 3126 456 3201 principium
484 3125 592 3201 agendi
615 3125 745 3187 invenire
768 3128 799 3185 in
821 3144 852 3187 rs
874 3132 934 3185 taur
961 3126 1103 3204 perplexa
1131 3141 1190 3186 non
1213 3142 1343 3204 possum.
1387 3125 1479 3187 Nulla

128 3209 248 3291 pridem
268 3213 387 3288 privato
409 3211 521 3271 invidia
542 3230 650 3289 gravor
671 3215 701 3271 iu
723 3212 793 3274 aula
815 3213 976 3274 Graeceusi
999 3220 1030 3273 et
1051 3229 1151 3290 spero,
1184 3214 1210 3272 si
1238 3231 1327 3274 unum
1350 3213 1480 3291 aliquem

128 3316 161 3361 rx
182 3301 369 3378 praecipuis,
391 3302 562 3377 praesertim
578 3318 613 3360 ex
628 3303 795 3377 regiminis,
818 3301 957 3362 haberem
979 3316 1032 3378 per
1054 3301 1256 3377 cujuscunque
1277 3304 1335 3362 mei
1356 3303 1479 3363 fautoris

128 3388 273 3465 privatam
295 3387 575 3448 commendationem
597 3405 616 3447 o
637 3391 710 3449 meis
733 3389 865 3467 partibus
894 3391 1092 3449 oeconomiae
1123 3405 1182 3449 uua
1204 3389 1367 3464 laventem,
1390 3406 1480 3468 possa

129 3476 279 3553 notium
306 3474 424 3550 confici,
454 3492 506 3552 pro
537 3492 596 3552 quo
624 3492 679 3552 ego
711 3493 770 3537 non
799 3492 894 3538 essem
923 3478 1064 3553 ingratus.
1110 3475 1194 3537 Alter
1223 3494 1293 3539 voro
1315 3478 1411 3556 major
1432 3496 1480 3541 me

129 3559 282 3639 rmnpnlns
303 3569 396 3639 urget.
440 3563 582 3640 Priuigno
613 3563 683 3623 mihi
711 3575 755 3624 est
783 3563 831 3624 hio
854 3562 972 3640 quidem
994 3562 1110 3641 Progne
1136 3563 1214 3640 opud
1241 3573 1364 3626 matrem
1393 3584 1478 3627 suam

131 3648 220 3729 (qaod
242 3651 273 3709 in
296 3649 430 3713 beneficii
460 3657 543 3728 parte
573 3667 702 3727 agnosco
724 3654 767 3711 ita
789 3654 964 3728 permissum
986 3645 1083 3735 esse),
1115 3652 1199 3727 quus
1225 3652 1304 3713 bons
1328 3655 1357 3712 in
1379 3652 1479 3731 Styrio

130 3736 182 3799 ub
211 3736 360 3811 tutoribus
389 3746 458 3797 sunt
485 3756 544 3797 non
573 3740 694 3800 minoris
724 3740 882 3800 aestimato
909 3737 1011 3801 decem
1039 3739 1161 3797 millium
1191 3738 1228 3800 de
1257 3740 1366 3816 potiori
1394 3750 1478 3817 parte

130 3826 290 3903 mentis
312 3829 462 3902 pecuniae.
500 3825 624 3903 Propter
645 3824 785 3888 alimenta
807 3827 871 3902 ejus
885 3828 1039 3904 privignae
1061 3823 1203 3885 debentur
1224 3826 1296 3885 milri
1320 3830 1478 3904 quotannis
1604 3898 1610 3907 ἱ

129 3908 166 3983 d
186 3918 229 3975 'lb
252 3911 380 3975 florenos
401 3915 565 3992 proesentis
586 3915 730 3990 pecuniae
745 3921 775 3976 et
795 3921 948 3991 praeterea
969 3929 1040 3973 usus
1062 3912 1171 3973 boetus
1195 3914 1299 3975 vineae
1315 3922 1345 3974 ot
1359 3914 1479 3976 aedium

128 3998 262 4063 hurbe.
308 3998 367 4061 Hie
387 4018 445 4061 non
468 4008 582 4061 tantum
605 4019 678 4062 uror
700 4019 766 4063 meo
788 3998 916 4062 sollicite
937 4002 1041 4073 instat,
1073 4007 1105 4059 ιιι
1133 3997 1182 4062 vol
1212 4001 1317 4061 saltem
1345 4002 1479 4080 aliquam

129 4090 293 4167 ιοιιιοιιιιιι
316 4095 398 4150 extra
419 4088 528 4149 limites
550 4088 666 4168 Styriae
688 4096 800 4150 tutores
822 4087 972 4166 deponant
992 4094 1112 4165 propter
1126 4089 1327 4150 securitatem:
1351 4107 1479 4168 aequum

128 4176 204 4237 nim
225 4192 302 4249 esse,
325 4183 359 4236 ut
379 4179 445 4254 ipsa
467 4193 584 4254 quoque
605 4180 636 4236 in
658 4186 741 4255 parte
764 4176 874 4239 ιιιιιιιι
889 4176 937 4250 sit,
959 4192 1055 4252 neque
1070 4175 1177 4236 absens
1191 4183 1221 4236 ct
1237 4180 1355 4239 omniuo
1370 4196 1390 4239 a
1405 4196 1479 4242 cou-

128 4265 251 4327 tclcutia
271 4262 362 4341 bajus
385 4264 645 4325 administrationis
667 4271 794 4339 remoto,
824 4263 894 4324 olim
919 4262 1071 4339 neglectae
1098 4269 1247 4325 maternos
1274 4267 1479 4342 providentiae

129 4352 260 4415 marl
282 4354 386 4429 possit,
410 4354 581 4429 praesertim
604 4369 669 4413 oum
692 4358 817 4427 constet,
841 4350 967 4413 oltemm
989 4357 1117 4412 tutorum
1139 4351 1253 4430 aliquot
1273 4353 1369 4414 millia
1390 4354 1480 4433 liujus

128 4440 292 4515 mantis
313 4442 457 4516 pecuniae
487 4447 589 4500 mutuo
616 4441 757 4501 sumsisse
780 4445 810 4500 ιι
830 4437 952 4518 praedia
973 4455 1027 4518 pro
1048 4455 1081 4500 se
1104 4440 1211 4501 emissa
1238 4457 1298 4501 uon
1320 4441 1480 4503 admodum

130 4530 208 4605 lata3
229 4525 286 4589 scd
309 4528 398 4588 etiam
420 4529 484 4607 ipsc
508 4545 564 4604 ogo
586 4525 646 4588 tals
669 4526 740 4603 quid
763 4528 901 4605 percupio
922 4525 994 4600 lieri,
1017 4534 1051 4587 ut
1072 4529 1098 4587 si
1120 4544 1179 4605 quo
1201 4528 1318 4605 longius
1340 4546 1360 4588 a
1379 4528 1479 4609 styria

131 4614 242 4689 ιιιιιιι,
266 4612 478 4693 expeditiorem
499 4615 625 4676 babeam
648 4617 817 4693 pensionem
840 4614 937 4689 illam,
959 4612 995 4675 de
1019 4632 1079 4692 qna
1099 4614 1188 4676 modo
1211 4615 1282 4680 dixi.
1324 4616 1401 4678 Nom
1423 4616 1480 4677 boc

132 4701 247 4779 quidem
269 4710 402 4781 tompore
424 4704 619 4781 cogitationes
640 4719 724 4764 meos
748 4700 956 4777 distrahuntur,
978 4709 1013 4763 nt
1034 4705 1077 4764 ito
1098 4704 1228 4764 ιιιιιιιιιιι
1250 4720 1314 4764 esse
1329 4704 1367 4764 ad
1381 4702 1480 4765 studia

133 4802 186 4853 tou
207 4791 332 4869 possim,
353 4790 415 4866 jam
438 4809 490 4869 pro
512 4790 582 4851 doto
604 4792 701 4851 uxoris
723 4788 884 4867 sollicitus,
904 4788 969 4867 ism
991 4808 1091 4853 curam
1111 4808 1205 4869 agens
1226 4789 1344 4853 aedium
1365 4792 1479 4873 privig-

131 4889 193 4959 nas,
214 4878 279 4959 jam
301 4879 408 4942 uineas
431 4877 576 4941 culturam
596 4884 736 4956 ιιιιιιιιιι,
757 4876 819 4957 ism
840 4876 982 4941 alimenta
1004 4878 1112 4944 crebris
1133 4878 1225 4949 ittarta
1245 4894 1414 4961 reposcens·
