3308 5534
775 374 855 433 1611.
1423 377 1490 449 ἸθἸ

128 545 236 625 bunone
252 551 407 623 ducibus,
425 566 497 622 onae
514 549 588 607 hunc
604 564 701 608 sexum
718 555 869 608 exornantr
887 551 937 609 sed
954 550 995 609 ita
1006 566 1050 609 me
1061 551 1136 609 Deua
1147 558 1229 624 amet,
1247 558 1275 609 at
1290 560 1415 612 nostrum
1426 572 1491 614 con·

128 642 233 713 inpium
249 641 368 711 inimum
385 640 496 711 penitus
513 656 568 696 non
586 648 630 696 est
646 641 682 696 ab
700 640 859 710 istiusmodi
877 640 999 711 litioulis,
1018 658 1069 698 nec
1086 648 1154 713 puto
1171 642 1255 698 ullius
1274 659 1336 699 esse
1353 644 1446 701 mariti
1463 653 1491 701 et

128 732 234 789 uxoris.
270 730 342 800 Quia
360 731 399 785 sic
417 729 534 784 Domino
554 729 613 784 Deo
632 736 724 784 nostro
743 730 831 784 visum
849 729 911 797 init,
929 729 1100 801 impatientia
1111 745 1214 800 quaeso
1232 747 1267 786 ne
1284 737 1333 791 tna
1349 731 1413 802 plus
1425 731 1491 788 mali

128 833 263 875 accersas
298 818 379 874 Nosti
398 818 570 873 voluntatem·
584 817 636 871 Dei
653 814 774 886 perfecte
790 815 890 872 bonam
907 832 978 886 esse,
997 833 1047 874 nec
1066 816 1278 886 ἐπιχαιρεκαιιαν
1294 821 1323 874 in
1341 821 1428 875 Deum
1447 836 1490 878 ca-

128 894 208 978 dere,
232 906 284 963 sed
306 906 380 970 illam
399 906 517 963 Satanae
541 920 603 961 esse
626 903 772 975 propriam.
810 903 887 961 Onus
905 905 956 960 tibi
973 921 990 959 a
1006 905 1066 960 Deo
1086 905 1176 974 cogita
1199 907 1371 978 impositum,
1397 908 1445 964 sed
1463 917 1492 965 st

128 995 182 1053 boc
197 994 292 1067 ipsum
308 996 383 1050 tuam
401 992 518 1049 salntem
536 1006 597 1049 esso
613 991 767 1050 recordare.
791 990 938 1063 'Imposuit
955 992 1065 1062 inquam
1090 994 1140 1050 tibi
1157 994 1210 1050 hoc
1229 1011 1297 1052 onus
1315 996 1391 1052 Deus
1408 998 1492 1068 idone

128 1081 259 1152 inaposnit
280 1080 310 1139 in
332 1081 405 1137 bunc
426 1080 521 1152 finem,
548 1087 579 1135 ut
601 1079 683 1136 iidem
704 1088 788 1150 atoue
810 1081 991 1137 constantiam
1014 1087 1091 1136 tuam
1107 1081 1136 1137 in
1158 1082 1262 1151 pietate
1278 1085 1378 1153 probet
1399 1092 1428 1141 et
1445 1101 1491 1141 ex·

128 1177 234 1240 arceat;
260 1186 315 1228 non
338 1176 369 1225 ut
394 1175 423 1225 ta
447 1169 589 1241 praeclara
615 1168 731 1237 conjuge
748 1168 878 1247 ‘orbatum
902 1168 1023 1239 deserat,
1048 1169 1097 1223 scd
1123 1176 1154 1224 ut
1175 1169 1234 1239 ipse
1255 1170 1313 1239 jam
1336 1173 1493 1231 consoletur

128 1260 300 1318 uoluntatem
318 1268 401 1329 tuom,
420 1265 538 1327 tuosque
553 1257 658 1311 liberos
677 1256 838 1316 suavissima
856 1262 942 1312 matre
961 1257 1071 1312 orbatos
1084 1272 1135 1311 sua
1152 1256 1230 1313 solus
1247 1257 1335 1325 grafia
1353 1259 1493 1316 refocillet.

128 1345 311 1425 Tbeologiam
328 1347 403 1401 illum
417 1346 476 1414 jam
494 1352 586 1413 tuam,
610 1346 654 1399 cui
672 1351 701 1400 to
715 1343 826 1413 juvenis
843 1350 931 1401 totum
949 1344 1115 1409 tradideras,
1138 1351 1187 1400 aut
1204 1345 1297 1414 potins
1315 1347 1398 1401 animi
1415 1346 1507 1405 torti·

128 1436 255 1495 tudinem
272 1450 336 1490 rere
353 1433 536 1501 theologicam
554 1433 581 1488 in
601 1432 719 1488 medium
737 1430 847 1501 profer,
872 1439 901 1489 te
927 1433 1013 1490 virum
1038 1434 1153 1489 ostende
1170 1432 1199 1487 in
1217 1432 1358 1491 doloribus
1377 1436 1492 1505 magnis,

128 1520 207 1595 quod
223 1523 316 1594 poscit
333 1521 489 1579 Christiana
507 1519 652 1590 tortitudo,
676 1531 804 1589 expugna
826 1536 934 1577 omnem
957 1520 1040 1575 animi
1062 1535 1226 1584 moerorem,
1252 1530 1283 1577 ut
1303 1520 1493 1595 ⁴Christianum

128 1609 246 1667 militem
263 1611 351 1667 decet.
375 1609 454 1664 illam
473 1607 582 1678 inquam
601 1615 632 1663 tu
650 1607 728 1662 rivus
747 1607 830 1663 animi
846 1607 1062 1677 magnitudinem
1074 1623 1124 1677 per
1142 1608 1256 1678 gratiam
1270 1609 1388 1679 Spiritus
1400 1609 1493 1666 Sancti

128 1696 249 1766 deniers,
269 1712 350 1767 quam
362 1696 390 1751 in
403 1695 566 1765 agonisnntc
581 1701 628 1750 tua
641 1694 859 1766 beataconjuge,
877 1703 910 1751 ut
921 1694 1027 1765 scribis,
1045 1694 1380 1765 manifestetcouspexisti,
1409 1696 1494 1752 Serva

128 1791 158 1843 te
174 1782 272 1862 liberis
290 1786 345 1841 tuis
364 1783 542 1852 dulcissimis,
568 1783 615 1852 qui
635 1783 693 1851 jrm
711 1783 797 1852 magis
815 1791 863 1839 tuo
881 1783 996 1839 consilio
1022 1788 1050 1837 et
1072 1789 1189 1852 paterna
1206 1803 1348 1856 χιιραγωῃ
1371 1783 1495 1853 indigent

128 1888 213 1944 quam
232 1888 354 1941 unquam
371 1871 497 1941 antehac,
515 1871 544 1926 iu
562 1870 624 1925 loco
642 1868 800 1939 peregrino,
818 1871 847 1925 in
865 1870 910 1926 his
928 1869 1023 1926 mundi
1041 1870 1137 1926 turbis.
1172 1870 1332 1928 Memoriam
1351 1873 1493 1928 exanimo

128 1958 180 2019 tuo
198 1959 270 2031 ejice
288 1966 316 2016 et
335 1959 508 2017 dulcedinum
528 1966 556 2014 et
572 1957 758 2013 molestiarum
776 1959 995 2028 praeteritarum.
1031 1958 1092 2014 Deo
1109 1960 1236 2028 supplica
1254 1967 1282 2015 et
1299 1961 1416 2029 confide,
1434 1963 1495 2032 ipse

128 2047 284 2121 providebit
301 2047 350 2102 tibi
368 2063 401 2103 ac
419 2048 483 2102 tuis.
514 2046 623 2103 Utinam
642 2045 692 2100 tibi
709 2062 760 2114 ego
779 2053 807 2103 et
825 2061 887 2102 mea
903 2046 986 2101 Anna
1001 2044 1143 2116 propiores
1162 2061 1298 2115 essemus,
1321 2052 1353 2103 ιιι
1372 2047 1494 2117 aliqum

128 2136 160 2193 ln
175 2151 229 2192 nos
247 2134 411 2192 calamitatis
429 2142 495 2190 tuae
513 2141 617 2204 partem
635 2134 757 2203 recipere
776 2134 925 2202 possimus.
957 2133 1022 2190 Non
1042 2133 1146 2199 credis,
1171 2142 1303 2203 quantum
1325 2151 1376 2190 nos
1394 2135 1497 2192 alliciat

128 2223 176 2281 bic
192 2231 261 2281 tuns
278 2224 442 2295 improvisus
461 2239 551 2281 casua
587 2223 676 2279 Lincii
694 2228 721 2279 te
741 2238 803 2279 csso
821 2222 956 2293 optarim3
981 2220 1045 2276 nori
1067 2219 1169 2275 ibidem
1189 2222 1290 2277 multos
1307 2222 1396 2282 bonos
1413 2223 1495 2292 risos,

128 2328 248 2387 quorum
266 2313 465 2370 consuetudine
483 2312 629 2382 plurimum
648 2326 745 2380 posses
764 2309 881 2366 recreari
893 2310 1050 2379 liberosque
1061 2314 1125 2364 tuos
1137 2307 1237 2364 rectius
1250 2308 1368 2366 fortasse
1380 2309 1497 2366 educere

128 2416 213 2471 quam
230 2400 362 2469 Pragae.“
400 2399 581 2468 (Regiomonti
601 2398 644 2454 23.
663 2398 740 2468 Sept.
761 2397 849 2466 liiii.)

153 2542 158 2553 ,
236 2487 373 2544 Erasmus
391 2487 464 2542 Baro
483 2485 766 2556 Storembergius
784 2485 855 2542 baec
872 2483 948 2542 dedit
960 2483 1097 2553 Keplero:
1116 2481 1272 2539 clarissime
1291 2491 1320 2539 et
1331 2484 1497 2542 Dottissime

128 2574 190 2635 vir.
224 2574 288 2633 Non
307 2575 369 2630 sine
395 2573 478 2629 animi
502 2572 598 2629 dolore
622 2573 747 2629 intellexi
770 2588 805 2628 ex
823 2571 987 2643 nuperrimis
1010 2573 1066 2629 tuis
1085 2571 1120 2625 de
1139 2572 1216 2627 obitu
1233 2573 1375 2642 inopinato
1392 2573 1496 2644 uxoris,

129 2662 214 2733 cujus
230 2663 378 2719 amissiorm
396 2671 424 2717 tc
443 2661 529 2731 afiligi
547 2677 602 2716 non
619 2662 726 2717 mirum
762 2659 807 2716 Ita
825 2661 896 2718 enim
914 2668 958 2716 ost
976 2661 1155 2716 constitutum
1172 2660 1200 2715 iu
1218 2661 1301 2717 rebus
1313 2662 1447 2735 humanis,
1465 2671 1497 2720 nt

128 2749 249 2823 privatio
267 2750 386 2819 alicujus
404 2750 543 2805 bonitum
562 2747 670 2804 demum
688 2746 819 2817 majorem
837 2747 918 2804 nobis
936 2747 1057 2804 dolorem
1075 2747 1177 2817 pariat,
1197 2764 1259 2803 cum
1276 2749 1496 2819 conjunctionem

129 2845 161 2897 st
177 2834 408 2903 iamdiadtatem,
434 2852 489 2905 qua
511 2836 630 2893 infelici
655 2836 827 2891 matrimonio
851 2834 1008 2903 utebamur,
1032 2836 1154 2905 penitius
1177 2836 1268 2891 animo
1290 2838 1496 2908 perpendimus.

128 2924 233 2987 Dolore
251 2932 280 2981 st
300 2923 393 2980 dolere
412 2926 554 2980 exanimo
574 2923 608 2978 ob
628 2922 763 2992 ejusmodi
780 2938 878 2988 omns,
895 2923 1044 2978 humanum
1068 2931 1096 2977 et
1114 2924 1301 2980 christianum.
1339 2925 1407 2994 Quis
1425 2927 1496 2983 euim

128 3028 187 3070 nou
205 3010 311 3083 lugeat,
331 3026 361 3065 se
380 3008 491 3066 dimidie
508 3010 599 3067 cordis
618 3012 661 3067 sui
678 3019 767 3082 porte,
786 3028 821 3067 ex
840 3026 895 3080 qna
913 3012 1028 3081 pignora
1046 3011 1206 3067 charissima
1223 3014 1323 3069 amoris
1335 3017 1495 3088 susceperit,

128 3099 241 3173 privari·
265 3098 369 3155 Verum
383 3099 471 3169 erigat
482 3099 602 3155 animum
614 3107 782 3156 moerentem
795 3106 824 3154 et
836 3099 942 3156 soletur
951 3099 1138 3155 Christianum
1152 3106 1180 3155 et
1192 3100 1266 3169 pium
1279 3102 1366 3159 virum
1378 3103 1497 3175 benigna

129 3188 260 3245 noluntas
271 3185 398 3242 Numinis
412 3186 503 3255 divini,
522 3188 581 3243 aine
600 3188 678 3256 cuijus
691 3195 761 3242 nutu
779 3194 807 3245 et
825 3187 938 3243 arbitrio
958 3203 993 3243 nc
1011 3187 1138 3243 minimus
1156 3186 1230 3256 pilus
1248 3189 1385 3258 decapite
1403 3201 1497 3248 nostro

130 3274 245 3334 desidit.
282 3275 313 3332 Si
330 3275 413 3344 igitur
432 3276 499 3344 Deo,
519 3275 590 3330 ritae
607 3276 725 3341 auctori,
743 3276 783 3330 ite
799 3276 894 3348 visum,
913 3293 963 3332 cur
980 3276 1051 3332 nolis
1070 3274 1110 3329 illi
1129 3276 1226 3331 iterum
1245 3278 1405 3348 restituere,
1423 3278 1496 3348 qnod

128 3364 166 3443 ad
182 3372 293 3435 tempus
311 3363 373 3434 ipse
386 3371 481 3418 mutuo
499 3364 654 3419 concessit?
682 3364 744 3419 Non
763 3371 806 3420 est
818 3365 933 3434 amissa,
952 3363 1001 3420 sed
1019 3365 1181 3435 praemissa,
1200 3367 1280 3435 cujus
1299 3366 1496 3424 consuetudine

129 3452 161 3511 in
176 3452 269 3509 altera
289 3452 345 3507 rita
364 3468 427 3507 cum
444 3451 547 3519 majore
565 3450 697 3509 felicitate
716 3468 746 3507 es
764 3452 910 3522 fruiturum
929 3460 973 3507 est
990 3452 1099 3522 quidem
1119 3468 1154 3507 ex
1165 3452 1258 3508 oculis
1276 3454 1332 3508 tuis
1351 3459 1379 3508 et
1397 3454 1496 3511 libero·

129 3556 193 3597 rum
210 3540 315 3609 ablata,
335 3538 384 3594 sed
402 3539 479 3593 brari
497 3540 657 3595 restituetur
674 3556 735 3596 cum
754 3541 851 3610 majori
868 3540 989 3596 foenore.
1014 3540 1068 3596 Sed
1087 3541 1153 3608 quid
1166 3541 1351 3596 Christianum
1369 3550 1397 3597 et
1409 3543 1497 3612 philo·

130 3627 252 3699 soplrnm
273 3627 382 3697 quidem
401 3642 530 3695 magnum
548 3626 630 3690 solor,
648 3628 708 3695 ipse
728 3628 774 3696 qui
791 3628 947 3698 praeceptis
965 3626 1158 3698 philosophiae
1175 3628 1327 3684 instructus
1340 3629 1401 3686 aliis
1418 3647 1497 3700 prae·

129 3725 215 3788 eapte
233 3714 431 3772 consolationis
450 3714 515 3769 dare
535 3720 563 3769 et
580 3715 768 3783 praescribere
785 3717 896 3785 potest?
933 3716 1041 3770 Amoris
1060 3721 1103 3770 est
1120 3715 1173 3770 hoc
1190 3715 1219 3770 iu
1238 3724 1265 3770 te
1283 3717 1336 3770 mei
1354 3734 1496 3786 argumen-

129 3813 191 3862 ιω
209 3812 239 3859 et
256 3802 388 3858 indicium
406 3802 553 3869 singulare.
583 3802 655 3858 Novi
673 3803 743 3857 euim
762 3803 830 3858 illud
844 3804 1065 3859 Ciceronianam:
1087 3804 1167 3869 ,dam
1180 3813 1255 3861 recte
1273 3805 1403 3873 valemus,
1421 3816 1498 3867 recta

128 3892 192 3951 aliis
210 3891 328 3947 consilia
346 3890 466 3946 damnor
505 3890 596 3958 Quare
613 3892 694 3960 aequi
712 3892 832 3963 bonique
851 3892 972 3958 consule,
989 3891 1027 3947 mi
1038 3890 1166 3965 Keplere,
1186 3893 1397 3951 admonitionem
1416 3896 1497 3956 hono

129 3996 167 4038 α
183 3979 279 4037 animo
297 3979 405 4035 sincero
422 3977 581 4047 proiectam.

239 4067 367 4122 Ceterum
386 4065 460 4135 quod
478 4067 660 4135 patrocinium
678 4083 768 4123 meum
787 4067 824 4124 ob
840 4084 932 4124 moras
950 4066 1000 4125 tibi
1018 4067 1173 4123 necessario
1198 4075 1352 4126 nectentem
1370 4072 1497 4142 requiris,
1587 4085 1595 4099 ·

128 4170 187 4215 m
204 4162 251 4211 cst
268 4154 343 4225 quod
361 4155 468 4210 dubites
488 4154 522 4209 de
540 4170 600 4209 meo
620 4171 685 4224 ergo
702 4164 730 4211 te
742 4158 832 4213 animo
850 4157 920 4211 bene
938 4155 972 4211 ds
989 4163 1018 4211 te
1037 4155 1145 4226 affecto,
1163 4157 1295 4228 imprimis
1309 4176 1369 4217 cum
1387 4161 1498 4231 pollice·

130 4245 197 4316 ιώ,
214 4251 245 4301 te
262 4244 366 4313 pactis,
390 4248 523 4312 quantum
546 4259 596 4313 per
612 4245 757 4301 Caesarem
775 4243 835 4300 lieri
852 4245 968 4315 poterit,
990 4251 1137 4300 staturum.
1174 4246 1291 4301 Etcum
1309 4264 1365 4302 uon
1383 4249 1498 4319 videam,

129 4348 190 4404 qn
205 4331 315 4387 ratione
334 4332 444 4399 Caesar,
463 4332 506 4387 cui
525 4348 579 4385 non
598 4333 712 4389 caudeo
731 4331 913 4403 mancipatus,
933 4340 1036 4388 utnon
1056 4333 1138 4389 aliam
1151 4334 1341 4405 conditionem,
1359 4336 1498 4393 meliorem

129 4420 217 4479 rebus
236 4420 293 4476 tuis
312 4427 342 4475 et
359 4419 505 4475 utiliorem·
515 4420 655 4488 suscipere
671 4420 770 4490 possis,
789 4420 1010 4496 impedimentum
1024 4419 1136 4489 injicere
1147 4420 1213 4476 huic
1229 4420 1369 4492 legitimae
1386 4432 1415 4480 et
1432 4425 1500 4480 diri·

130 4521 186 4565 nas
203 4505 343 4563 vocationi
355 4514 447 4575 queat,
466 4506 527 4560 ideo
545 4506 641 4561 hortor
659 4513 686 4561 et
704 4507 847 4576 admoneo,
866 4524 900 4563 ne
913 4509 986 4565 desis
1005 4508 1071 4563 fidei
1088 4509 1173 4565 semel
1192 4509 1283 4565 datae.
1312 4513 1416 4569 Vereor
1427 4514 1498 4568 enim

130 4610 168 4653 ns
184 4595 260 4653 mals
278 4594 374 4650 audias
397 4594 471 4664 apud
489 4595 620 4650 Procerus
644 4595 727 4664 hujus
745 4596 915 4666 provinciae,
941 4597 1044 4668 quibus
1064 4597 1118 4653 fide
1139 4614 1171 4654 es
1189 4599 1346 4656 obstrictus.
1379 4602 1422 4657 Do
1441 4602 1499 4659 lon·
1603 4599 1605 4604 ’

132 4680 204 4755 glori
220 4679 386 4753 insterposita
404 4697 480 4735 mora
492 4680 599 4737 lucilius
612 4684 798 4752 excusaberis,
817 4684 897 4740 modo
910 4685 937 4739 in
950 4686 1089 4741 sententia
1100 4694 1209 4755 perstea
1226 4695 1255 4742 et
1267 4688 1302 4743 de
1314 4690 1404 4746 reditu
1415 4705 1498 4759 quam

132 4772 253 4844 primum
271 4764 387 4839 cbgites.
413 4768 475 4825 Nou
494 4770 549 4839 uni,
569 4770 617 4827 sed
635 4770 728 4826 multis
746 4784 777 4825 es
789 4772 939 4829 obstrictus
952 4774 1016 4842 (imo
1029 4775 1083 4829 toti
1094 4776 1270 4847 provinciae),
1290 4794 1406 4846 quorum
1417 4778 1500 4835 bens·

134 4858 258 4923 selentia
278 4864 308 4916 et
332 4855 383 4915 tibi
404 4864 435 4914 et
458 4856 553 4915 liberis
576 4858 709 4929 prodesse
725 4858 834 4930 potest'
861 4859 925 4918 Non
942 4861 1092 4921 hascidso
1108 4864 1265 4942 perscribo,
1289 4881 1321 4932 ac
1339 4867 1364 4926 si
1381 4867 1417 4928 dt
1434 4882 1498 4929 sen·
