3308 5534
151 1864 210 1983 llo
244 1866 434 1983 llanao
468 1866 637 2010 lydiall
683 1869 892 1986 leuetstn
928 1872 983 1987 do
1019 1874 1160 1989 variis
1197 1876 1308 1991 lnnl
1342 1874 1512 1995 lomb

656 2066 800 2137 (cu.v01.
819 2066 864 2120 IV·
884 2085 910 2137 n·
933 2068 1002 2138 113.)

773 2244 879 2256 —-

253 2368 375 2441 Fervet,
400 2376 432 2428 ut
454 2368 556 2441 video,
579 2370 709 2428 studium
731 2367 969 2443 chronologicum
993 2377 1023 2429 et
1045 2371 1164 2428 omnino
1188 2370 1297 2445 terret3
1329 2388 1390 2445 quo
1413 2372 1507 2447 magia

87 2462 90 2467 '
148 2456 302 2531 ignoscent
324 2456 395 2515 milri
418 2474 553 2516 censores
576 2459 648 2528 mei,
673 2457 752 2532 quod
775 2466 882 2531 elego
907 2456 1017 2515 dolium
1041 2457 1098 2516 hoe
1120 2474 1216 2518 verso.
1253 2457 1353 2517 Edidit
1376 2468 1447 2519 anto
1461 2458 1505 2519 bl·

148 2545 267 2603 ennium
290 2544 453 2603 Thomas
471 2544 607 2621 Lydiat
630 2545 752 2621 Augias,
776 2547 822 2604 sir
837 2544 940 2603 doetus
956 2552 986 2602 ot
1001 2543 1136 2619 diligens,
1160 2544 1261 2619 edicta,
1285 2548 1416 2621 inquam,
1439 2564 1506 2607 aaa·

148 2633 269 2690 tentiam
293 2632 482 2707 paradoxum,
507 2640 540 2690 ut
561 2632 668 2691 latetur
691 2634 763 2708 ipss,
787 2630 934 2690 Christum
957 2639 1059 2690 natum
1082 2648 1148 2691 esso
1170 2648 1249 2691 anno
1266 2638 1296 2693 ³.
1316 2649 1406 2693 saras
1422 2632 1506 2693 Clui-

147 2718 262 2777 stianao
285 2728 415 2794 tempore
438 2735 538 2791 verno,
562 2720 742 2795 baptisatam
757 2726 898 2777 autumno
914 2734 1000 2777 aerae
1023 2726 1142 2777 nostrae
1164 2735 1243 2778 anno
1261 2726 1313 2792 32,
1336 2720 1505 2781 cruciliauu

148 2822 226 2864 anno
251 2812 303 2866 36.
327 2823 412 2865 aerae
436 2816 562 2877 nostrae,
586 2809 692 2865 aetatis
716 2812 766 2867 33.
791 2806 947 2881 completo.

253 2890 322 2951 Jsm
350 2894 438 2967 igitur
466 2895 543 2952 eirea
573 2895 759 2951 nativitatem
783 2895 801 2951 8
825 2895 893 2951 anni
923 2892 1126 2967 disputantur,
1158 2895 1235 2951 eirea
1263 2892 1455 2968 baptisimum
1479 2902 1505 2969 4,

147 2979 224 3037 cirea
246 2982 413 3055 passionem
438 2982 466 3039 o.
514 2980 591 3054 Quid
614 2981 760 3055 agemus?
798 2980 924 3056 Opinor,
955 2982 1084 3038 rationes
1107 2980 1163 3037 riri
1187 2979 1264 3039 docti
1289 2982 1506 3056 expendendas,

146 3083 181 3125 ao
203 3068 229 3125 si
252 3069 354 3125 vicerit
372 3069 415 3137 iis,
439 3067 635 3142 sequendum,
657 3070 701 3125 sin
719 3066 813 3138 alliud,
839 3066 1081 3127 hallucinationes
1104 3067 1169 3142 ejus
1193 3066 1388 3143 detegendum
1419 3068 1505 3147 idque

149 3154 220 3212 milri
244 3157 428 3230 potissimum
453 3172 557 3215 censeo
580 3154 758 3227 laciendum,
791 3157 841 3230 qui
870 3172 928 3213 uon
959 3158 1055 3213 miuus
1086 3154 1243 3214 absurdam
1273 3154 1365 3231 vulgo
1389 3155 1505 3217 delendi

147 3244 333 3313 sententiam,
358 3260 445 3318 quam
469 3241 518 3301 illo
542 3250 697 3317 (quantum
721 3244 797 3301 enim
822 3241 870 3300 ille
894 3242 1000 3300 deussit
1022 3244 1112 3301 aetati
1128 3242 1236 3301 Christi
1261 3241 1352 3318 vulgo
1368 3242 1504 3317 creditae.

147 3336 260 3388 lantum
284 3346 341 3403 ego
364 3328 486 3403 addidi),
510 3339 542 3388 ut
566 3348 601 3387 ex
626 3328 784 3388 collatione
806 3331 951 3387 rationum
975 3338 1126 3404 appruerit,
1151 3332 1243 3387 utrirrs
1259 3329 1431 3390 absurditas
1454 3350 1505 3393 ea·

147 3420 329 3476 cusationem
358 3425 516 3489 mereatur,
547 3417 624 3477 uude
654 3425 732 3476 stent
761 3418 888 3477 rationes
919 3424 948 3477 ct
979 3417 1154 3489 necessitas,
1187 3415 1265 3476 undo
1293 3418 1448 3479 arbitrium
1477 3426 1505 3481 et

147 3507 316 3565 ostentatio.

251 3591 375 3651 Videtur
398 3590 453 3649 lroc
477 3594 539 3667 ipse
565 3589 714 3667 postolare
738 3598 852 3661 auctor,
882 3593 931 3665 qui
955 3590 1105 3666 profitetur
1128 3592 1156 3646 in
1180 3596 1299 3666 aperto,
1326 3608 1360 3651 se
1382 3590 1504 3670 licplerl

146 3679 313 3754 opinionem
330 3679 506 3739 corrlntaese.
546 3678 712 3738 l'idcndum
730 3680 817 3753 igitur
840 3696 907 3735 nunt
932 3677 1069 3749 legitime,
1095 3685 1125 3735 nt
1150 3678 1278 3753 psalmam
1303 3678 1346 3736 illi
1372 3682 1504 3741 veritatia

146 3767 283 3825 inventae
306 3766 408 3825 cedam
432 3768 615 3825 consessione
638 3768 774 3837 ingenua.
807 3764 892 3838 erod
916 3766 1032 3823 nisime
1056 3763 1131 3822 lallit
1155 3766 1304 3837 ingenium
1328 3763 1408 3825 illius
1425 3768 1504 3843 mali,

146 3853 196 3927 qui
221 3853 314 3913 latens
338 3856 492 3913 intervenit
516 3865 549 3914 ut
572 3854 639 3911 ultis
664 3853 728 3919 llei,
752 3854 794 3910 sie
816 3854 903 3909 etium
928 3851 1032 3910 studiis
1055 3854 1173 3917 sanctis.
1199 3850 1227 3909 id
1250 3855 1357 3927 agitur.
1380 3862 1414 3913 ut
1437 3872 1506 3915 sera

145 3937 198 3997 scd
220 3939 316 3999 audax
340 3944 368 3997 in
385 3944 512 4017 speciem
528 3942 674 4001 sententia
690 3940 855 4007 ollusoetur¹
881 3940 1077 4011 obnubiletur,
1101 3941 1129 3996 in
1145 3948 1324 3998 contemtum
1341 3938 1506 4001 adducatur

146 4027 233 4083 siruili
256 4028 392 4100 andacia,
415 4028 466 4086 sed
491 4031 518 4085 in
543 4030 690 4088 sententia
713 4043 771 4084 uon
797 4043 878 4095 reru,
903 4043 943 4086 sc.
969 4036 1000 4084 nt
1021 4029 1064 4085 sie
1086 4028 1296 4085 ratiocinantur
1318 4026 1447 4087 studiosi
1469 4046 1504 4091 aa

146 4112 242 4188 logica
265 4114 466 4191 depravatoris
491 4115 584 4174 illius:
609 4114 727 4190 laydiati
749 4117 894 4173 sententia
918 4113 1069 4189 paradoxa
1091 4122 1170 4173 certo
1193 4114 1268 4172 salsa
1292 4121 1353 4187 est,
1383 4114 1505 4193 Keplari

145 4203 291 4259 scatentia
314 4211 358 4259 cst
382 4205 446 4277 ipsa
468 4207 557 4261 etium
580 4201 740 4277 paradoxa,
764 4218 833 4275 ergo
857 4203 991 4259 similiter
1013 4200 1098 4258 falso.

252 4288 297 4347 llo
319 4288 385 4347 lilui
410 4290 538 4350 editions
560 4299 734 4348 mormcruut
764 4306 810 4345 urc
833 4290 919 4345 amici
949 4288 1005 4345 sub
1034 4290 1143 4346 cxitrun
1172 4288 1241 4345 anui
1270 4288 1432 4365 superioria
1457 4290 1505 4363 1⁴.

146 4375 295 4449 onemplnr
318 4393 387 4435 vero
411 4375 549 4435 Calendis
574 4376 689 4434 dermrm
713 4374 892 4450 Septembris
916 4370 1004 4449 hirjrrs
1027 4377 1096 4433 aum
1115 4380 1163 4434 15.
1181 4374 1277 4447 l’rapu
1299 4394 1366 4434 suns
1390 4386 1504 4439 stactus.

250 4462 369 4538 chlcri
399 4467 573 4522 senteutiam
605 4461 736 4538 appellnt
764 4462 948 4521 desuiticarn.
1002 4462 1033 4521 Si
1064 4454 1300 4521 rrrrrtlieurutieum
1333 4464 1503 4525 facultatem

145 4550 288 4625 respicio,
317 4550 437 4625 perinde
467 4552 535 4609 ruilri
568 4559 613 4609 est
635 4550 809 4609 desuiticnm
840 4550 919 4609 dicat
942 4567 979 4608 au
1003 4549 1214 4617 llarnuiunum,
1246 4548 1445 4609 Lutlremnum
1467 4568 1504 4609 aa

145 4636 361 4697 Culriuianam.
406 4638 475 4697 dam
505 4637 615 4697 dudum
645 4653 701 4709 ego
730 4635 863 4696 boruiues
895 4637 1008 4711 ejsuaui
1032 4638 1242 4712 veritatemque
1273 4647 1334 4697 tarn
1363 4642 1392 4695 in
1418 4640 1503 4699 rebua

146 4723 213 4781 lidei
236 4744 326 4801 qnam
349 4728 379 4783 in
409 4726 497 4785 rebus
519 4725 610 4785 seculi
641 4728 731 4783 etism
761 4724 959 4801 particulatim
983 4733 1136 4799 accepturu
1161 4722 1277 4783 decrevi
1308 4724 1504 4803 undecunque

146 4810 286 4877 oblatam.
329 4812 383 4875 dia
404 4820 506 4877 autera
526 4812 681 4875 atrocitate
703 4812 880 4889 latinorum,
911 4829 987 4889 quae
1014 4828 1100 4871 neruo
1124 4812 1220 4872 bouus
1243 4828 1302 4871 rron
1332 4812 1504 4889 detestatur,
