3308 5534
702 415 1005 509 5555555555
1467 410 1532 484 935

175 597 289 670 manni,
313 597 364 673 qui
387 597 415 654 in
439 586 584 675 Eltingae'
598 612 676 676 pago
697 611 788 676 prope
811 596 981 674 Lcobergae
1003 597 1106 656 urbem
1126 596 1184 655 sito
1207 610 1371 673 cauponam
1393 593 1471 655 idem
1502 601 1533 657 et

175 684 387 761 praefecturam
418 683 531 744 habuit.
576 684 752 744 Praesertim
781 685 916 761 conjugis
944 684 1013 744 dote
1045 683 1164 760 adJutus
1192 682 1336 741 Henrieos
1361 681 1532 759 Leobergae

128 786 136 803 ·
177 780 207 830 et
231 770 348 833 domum
372 777 401 830 et
423 788 509 847 agros
532 771 588 830 sibi
612 773 765 849 paravisse
787 772 918 845 ridetur,
943 787 1017 848 quos
1038 779 1155 830 mortuo
1170 772 1274 829 marito
1298 776 1327 828 51
1349 777 1443 830 mater
1466 772 1532 848 1555

180 857 272 917 551511
293 865 324 917 51
346 859 453 918 liberos
476 876 594 934 quoque
613 859 866 937 Ι(111555555115555,
889 857 1050 932 Joanuem,
1075 858 1250 931 Henrieum,
1275 852 1530 941 Christophorum)

171 945 236 1021 jam
259 945 327 1005 inde
351 965 369 1005 a
390 947 489 1023 pueris
511 946 707 1022 agriculturae
729 947 896 1007 assuefecit.
927 946 1016 1005 Pater
1038 948 1125 1019 enim,
1148 945 1232 1020 cujus
1247 946 1376 1003 animum
1391 951 1531 1021 paternae

174 1032 344 1109 opulentiae
368 1041 564 1112 paternaeque
585 1036 616 1091 iu
633 1034 732 1093 Wilae
749 1034 819 1094 urbe
842 1035 1028 1092 auctoritatis
1043 1034 1184 1094 memoria
1207 1032 1329 1109 subiret,
1352 1048 1418 1091 eum
1433 1046 1529 1108 neque

174 1119 282 1186 wileo,
306 1138 365 1195 555
388 1124 417 1178 15
432 1121 504 1180 55155
520 1122 705 1180 matrimonio
720 1123 793 1179 iuito
809 1120 992 1198 aliquantum
1016 1122 1156 1199 temporis
1177 1119 1331 1190 habitavit,
1355 1134 1451 1194 neque
1474 1136 1532 1197 po·

174 1214 240 1266 5155
263 1207 448 1284 Leobergae,
478 1224 573 1282 nequo
598 1207 824 1284 lilmeudingae,
856 1224 916 1284 quo
946 1208 1026 1267 facte
1055 1209 1167 1284 majore
1199 1207 1336 1266 fortunae¹
1352 1206 1469 1282 jactura
1492 1222 1529 1266 ex

173 1293 329 1369 lreoberga
352 1293 492 1354 familiam
515 1295 719 1367 transtulerat,
749 1298 778 1353 in
800 1312 918 1354 suarum
946 1312 1042 1355 rerum
1071 1294 1216 1370 angustiis
1239 1300 1268 1352 et
1290 1294 1452 1369 exiguitate
1474 1310 1529 1353 ac-

173 1382 326 1456 quiescere
349 1390 462 1459 poeset,
485 1382 610 1459 primum
633 1400 657 1442 5.
680 1399 708 1442 5.
734 1387 817 1443 1574
842 1381 1040 1460 Hispanorum
1064 1389 1094 1441 et
1116 1382 1337 1440 Austriaeorum
1360 1386 1456 1439 castra
1480 1397 1529 1441 se·

173 1475 260 1528 cutus
283 1476 335 1528 cst.
381 1469 543 1544 Postquam
566 1475 665 1528 autem
689 1474 816 1530 51579
842 1469 970 1528 domum·
985 1471 1113 1542 revertit,
1137 1467 1213 1527 adeo
1236 1483 1295 1527 non
1319 1474 1397 1527 sorte
1420 1475 1528 1527 suaet

173 1556 261 1614 551555
284 1555 452 1615 domesticis
476 1564 629 1615 contentus
661 1563 737 1628 crat,
769 1563 801 1616 ut
830 1558 885 1617 5515
909 1574 1016 1615 annum
1043 1562 1124 1617 1589
1153 1558 1258 1614 iterum
1285 1555 1410 1631 petriam
1438 1552 1529 1614 relin-

172 1650 277 1719 queret
298 1644 362 1702 siue
392 1640 496 1703 reditu.
544 1642 635 1718 Cujus
659 1643 696 1703 de
717 1644 834 1704 fortuna
860 1646 1020 1722 posteriore
1044 1662 1079 1703 ex
1103 1644 1193 1702 variis
1220 1641 1330 1700 tabulis
1361 1639 1527 1718 gentilicils,

172 1746 251 1804 quae
274 1731 360 1789 nobis
383 1729 481 1789 aditae
503 1738 580 1800 sunt,
604 1729 675 1789 nibil
699 1739 878 1809 compertum
901 1738 956 1790 est.
985 1730 1072 1790 Hanc
1088 1734 1349 1808 paternam'vagae
1363 1727 1528 1788 liberioris·

175 1818 338 1892 queritas
361 1817 527 1894 cupidinem
550 1816 696 1877 Henrious
718 1818 796 1877 filius
819 1825 920 1895 (uatus
945 1820 1044 1892 1578)
1072 1824 1195 1896 555155
1225 1818 1376 1894 accepisse
1398 1815 1523 1890 videtur,

172 1903 295 1978 etquid
319 1903 465 1981 Keplerus
496 1906 558 1980 ipse
581 1904 618 1964 de
639 1904 735 1964 fratris
758 1907 820 1964 5115
842 1912 871 1966 51
898 1906 1016 1964 1551555
1038 1903 1158 1977 dixerit,
1187 1904 1249 1978 jam
1279 1918 1368 1981 supra
1393 1906 1434 1975 (p.
1457 1906 1524 1976 828)

172 1990 336 2050 retulimus.
375 1991 477 2065 (Hune
506 1990 666 2052 Henrieum
692 1991 846 2069 reliquisse
877 1990 951 2051 duas
978 1991 1101 2065 filiolae,
1133 1991 1240 2068 quibus
1264 1988 1397 2050 Joanoes
1428 2000 1528 2050 555155

172 2085 317 2153 quantum
347 2081 445 2154 potuit
473 2079 613 2138 auxilium
642 2080 768 2153 ferebat,
800 2081 828 2137 in
858 2078 981 2139 historia
1011 2077 1132 2159 „judicii
1160 2079 1281 2138 matris“
1315 2077 1425 2137 dietum
1458 2080 1528 2153 est.)

171 2164 284 2224 (155155
308 2164 508 2242 christophori
531 2166 626 2225 fratris
648 2173 753 2227 natura
775 2184 810 2226 ex
834 2169 977 2240 omnium,
1006 2183 1081 2242 quos
1104 2165 1141 2226 de
1163 2181 1198 2225 eo
1222 2165 1380 2236 habemus,
1403 2165 1529 2223 555515-

170 2268 237 2313 rum
260 2268 403 2313 consensu
426 2261 564 2329 555155,
596 2254 682 2312 fratrc
714 2254 901 2316 aliemssima.
946 2253 1108 2314 Braetcarii
1135 2249 1214 2313 enim
1245 2250 1399 2311 artificium
1423 2250 1528 2311 doctus

172 2356 242 2399 cum
265 2339 376 2398 diutius
400 2357 451 2416 per
474 2339 661 2400 Germaniam
684 2342 839 2416 migrasset
862 2343 943 2401 etin
966 2340 1234 2416 Wdrttembergieo
1257 2354 1376 2415 555555
1397 2342 1528 2401 exarcho

172 2425 339 2498 militasset,
364 2426 544 2502 Leobergae,
569 2436 601 2487 ut
624 2427 749 2488 eandem
772 2436 918 2488 exerceret
940 2434 1049 2503 artem,
1076 2427 1209 2488 consedit
1232 2426 1332 2503 ibique
1356 2425 1527 2486 vexillario-

168 2530 237 2573 rum
258 2515 398 2589 magister
420 2514 514 2574 155155
538 2523 591 2574 551.
636 2513 827 2592 Margaretha
849 2512 953 2575 deinde
977 2532 1059 2574 soror
1081 2511 1163 2594 (nata
1178 2532 1205 2576 5.
1226 2509 1330 2592 1584),
1355 2528 1432 2588 5555
1447 2512 1527 2573 domi

168 2601 312 2660 manebat
335 2618 428 2676 usque
452 2601 645 2676 ada.1ooe,
668 2608 793 2663 amatre
816 2601 1023 2662 honestissimo
1045 2600 1171 2662 educata
1193 2618 1259 2661 esse
1282 2598 1407 2662 videtur.
1442 2598 1527 2676 Quu-

168 2704 238 2749 cum
263 2687 868 2749 ,1555555555555515551551115515555
897 2688 1075 2765 eademque,
1107 2705 1173 2748 curu
1193 2689 1255 2764 jam
1279 2686 1399 2747 adultae
1422 2687 1528 2747 condi-

168 2778 282 2835 tionem
305 2776 393 2834 frator
421 2784 574 2852 quaereret
602 2775 773 2850 honestam,
803 2775 906 2853 eodem
936 2793 1015 2835 anno
1037 2777 1223 2837 matrimonio
1252 2774 1355 2850 juncta
1385 2781 1430 2834 551
1461 2792 1535 2835 eum·

169 2860 304 2937 Georgio
327 2861 465 2934 Bindero'‚
490 2862 663 2923 Heumaden
688 2866 745 2922 vici
768 2871 896 2940 pastore,
919 2863 1004 2939 cujus
1022 2863 1184 2938 permultos
1199 2878 1294 2921 55555
1310 2863 1526 2922 matrimonium

167 2951 267 3011 tenuit
291 2948 500 3011 felicissimum.
540 2950 624 3009 hlios
648 2948 774 3026 denique
796 2950 916 3027 Kepleri
940 2951 1044 3008 fratres
1067 2957 1125 3010 tres
1147 2951 1313 3009 invenimus
1336 2956 1450 3009 mature
1474 2949 1527 3009 de·

166 3039 306 3097 functos:
328 3035 488 3096 Sedaldum
511 3035 583 3117 (551.
611 3039 726 3112 1576),
755 3035 904 3097 Joaunem
926 3037 1107 3096 fridericum
1131 3037 1172 3114 (n.
1199 3032 1296 3109 1579)
1326 3043 1355 3096 51
1376 3035 1526 3096 Bemhar-

167 3124 240 3184 dum
264 3127 308 3197 (5.
335 3123 441 3197 1589).
464 3156 506 3168 -

276 3210 380 3270 blattis
403 3229 474 3270 suae
498 3228 593 3270 mores
616 3209 750 3270 Joannes
772 3212 836 3287 ipse
859 3207 940 3270 bisce
964 3212 1061 3270 verbis
1085 3210 1241 3270 describit:
1268 3210 1412 3290 „Femina
1435 3212 1526 3269 mori·

140 3332 150 3361 5.
165 3300 226 3359 1555
248 3315 361 3375 aspera,
386 3301 578 3373 contentiosa,
604 3299 816 3373 inquietissimo
841 3298 976 3374 ingenio,
999 3305 1176 3375 55515155]
1206 3296 1306 3358 turbat
1333 3298 1526 3375 municipium

165 3403 256 3445 suum
279 3387 395 3460 sibique
418 3394 519 3445 auctor
541 3392 587 3444 est
607 3386 742 3445 miseriae
766 3382 973 3460 deplorandae
997 3390 1036 3457 (5.
1061 3406 1082 3443 s.
1107 3389 1229 3458 5381.)

280 3472 313 3530 15
337 3475 437 3532 rustici
461 3472 521 3531 11115
544 3472 631 3530 XVI.
654 3471 754 3531 seculo
782 3470 871 3533 aliam
899 3472 1009 3548 ingenii
1039 3470 1237 3531 conditionem
1247 3479 1290 3532 aet
1311 3473 1526 3532 iustitutionem

167 3560 308 3631 infuisse,
334 3578 422 3634 quam
446 3577 523 3634 quae
547 3559 585 3617 ad
607 3576 653 3619 res
677 3558 867 3631 domesticas,
896 3576 987 3636 opera
1008 3561 1118 3619 rustica
1146 3558 1258 3618 autad
1282 3576 1326 3632 55,
1351 3576 1427 3635 5555
1450 3574 1525 3619 555-

165 3663 266 3723 55555
289 3650 454 3706 rusticanae
477 3654 554 3720 suut,
577 3648 696 3721 negotia
710 3646 876 3706 necessaria
892 3655 946 3719 551,
969 3646 1037 3722 5515
1052 3645 1174 3706 credat?
1212 3645 1334 3705 Liberos
1358 3649 1467 3723 itaque,
1491 3653 1524 3705 51

161 3734 228 3811 jam
251 3733 472 3809 supradictum
495 3742 554 3805 est,
585 3733 782 3810 agriculturae
803 3732 976 3807 assuefecit,
1010 3737 1113 3793 ceteris
1135 3736 1165 3791 iu
1188 3734 1275 3792 rebus
1306 3740 1439 3792 naturam
1462 3749 1523 3792 555

166 3829 294 3880 morata.
341 3820 474 3880 loannes
497 3837 624 3896 quoque,
649 3821 786 3896 quamvis
810 3836 930 3896 corpore
954 3828 1031 3878 esset
1055 3819 1196 3892 invalido,
1220 3821 1392 3896 saepissime
1414 3819 1524 3880 morbis

165 3914 290 3979 vexato,
315 3907 412 3983 quoad
429 3907 623 3968 imbecillibus
637 3909 750 3967 viribus
773 3907 833 3966 fieri
850 3908 955 3983 potuit,
980 3922 1055 3983 opus
1076 3908 1147 3966 feeit
1169 3909 1199 3963 iu
1222 3909 1309 3983 agris.
1339 3906 1401 3965 Nee
1422 3914 1522 3967 tamen

166 4014 188 4055 a
209 4004 303 4055 matre
325 3995 490 4070 prohibitus
514 4002 572 4068 eet,
604 3997 675 4071 quin
699 3992 909 4071 lilmeudingae
932 4001 962 4054 51
985 3993 1156 4069 Leobergae
1183 3995 1213 4050 in
1236 3993 1337 4052 ludum
1364 3992 1525 4054 literarium

166 4085 225 4142 iret
247 4083 347 4156 ibique
370 4090 421 4141 aut
445 4101 463 4141 a
484 4084 676 4158 grammatico
698 4092 751 4141 551
772 4089 931 4157 55551555
954 4081 1102 4156 singulare
1131 4083 1213 4157 pueri
1243 4083 1391 4158 ingenium
1421 4083 1525 4157 cogui-
1632 4108 1635 4113 ·

164 4179 232 4229 tum
254 4186 318 4228 esse
342 4168 470 4243 videtur,
502 4169 626 4228 cundem
649 4171 725 4228 cuim
749 4185 870 4246 puerum
892 4169 986 4245 primo
1010 4185 1089 4241 eum,
1122 4171 1173 4244 qui
1196 4168 1326 4229 discendi
1349 4167 1432 4227 latini
1461 4183 1524 4227 ser·

164 4258 265 4316 monis
287 4273 378 4316 cauea
400 4264 458 4328 est,
490 4255 592 4315 ludum
615 4257 834 4332 frequentasse,
860 4240 968 4332 postea
994 4257 1023 4312 in
1052 4256 1177 4329 sobolis,
1209 4273 1286 4333 quae
1309 4255 1525 4316 Wllrttember·

164 4347 237 4422 gica
259 4346 288 4403 15
312 4346 432 4403 51511515
455 4343 686 4404 adolescentium
709 4342 747 4402 ad
770 4341 935 4402 sacerdou'a
957 4339 1181 4403 erudiendorum
1211 4360 1301 4403 causa
1330 4343 1524 4403 monasterio·

163 4448 233 4491 rum
256 4434 284 4488 in
307 4432 407 4491 locum
435 4433 614 4491 constitutae
645 4439 743 4504 erant,
773 4428 892 4506 publice
920 4430 1085 4488 institutum
1110 4439 1140 4490 et
1162 4430 1200 4489 ad
1223 4429 1405 4491 academiam
1436 4446 1525 4506 pree·

163 4526 306 4597 paratum
330 4536 394 4578 esse
418 4517 566 4590 ridemus,
596 4521 626 4575 in
649 4535 737 4592 quam
759 4524 911 4593 promotus
934 4532 1012 4575 anno
1038 4524 1130 4577 1589.
1160 4518 1201 4576 1151
1224 4535 1341 4594 555555
1364 4519 1523 4595 partimin

165 4606 326 4665 seminario
343 4606 525 4680 Tubingensi
548 4603 667 4682 55151155
688 4607 814 4681 pecunia
837 4610 1027 4677 sustentatus,
1052 4608 1157 4682 partim
1179 4608 1293 4682 patriae
1316 4605 1396 4665 551515
1419 4604 1524 4664 555515

165 4692 320 4754 beneficiis
351 4692 470 4768 adjutus
503 4700 557 4752 est.
602 4689 760 4752 studiosus
788 4690 922 4751 Joauues
952 4700 1004 4750 aut
1034 4695 1097 4768 ipse
1119 4710 1172 4768 per
1193 4708 1249 4767 se,
1271 4698 1323 4754 aut
1350 4691 1524 4769 5551115555

165 4796 237 4841 cum
259 4786 367 4853 matre,
396 4780 500 4853 fratrc,
531 4793 630 4838 sorore
653 4779 827 4839 commercia
848 4778 953 4839 habuit
975 4794 1085 4855 eosque
1106 4781 1235 4840 maxima
1265 4781 1386 4839 55511515
1410 4777 1521 4839 dilexit

166 4866 230 4930 Sed
252 4883 320 4927 cum
340 4874 444 4943 mater,
468 4868 535 4946 ipsa
556 4865 686 4944 legendi,
708 4864 854 4928 smibeudi
867 4866 982 4945 ignara,
1005 4869 1036 4928 15
1049 4866 1191 4947 legendis,
1213 4866 1375 4930 scribendis
1389 4864 1523 4955 epistolis
