3308 5534
146 398 213 467 148
505 388 680 453 Colleetanea
697 409 732 451 ex
750 392 891 453 codiorbus
908 392 1146 454 Pullrotienslbns.

145 578 228 649 allia,
253 579 284 635 in
306 575 413 679 qnibns
437 580 560 653 utraque
582 575 751 650 inhaerent,
783 585 880 637 motus
903 584 934 639 et
955 580 1120 653 quantitas,
1151 578 1365 658 propemodum
1387 578 1508 659 amasii

146 674 215 725 'um
237 663 439 823 tppeplttizu’dtpip'·
458 767 522 810 eam
546 748 676 809 dicemus
700 754 939 829 praestantiorem
962 752 1131 824 seientiam,
1162 768 1240 830 quae
1262 753 1436 813 certioribus
1459 754 1508 811 ni·

145 842 217 900 titur
240 838 538 899 demonstrationibus
561 835 695 917 (scientia
717 840 794 898 enim
817 856 853 897 es
877 837 1174 899 demonstrationibus
1198 838 1314 919 oritur),
1345 840 1508 899 rectissime

147 926 277 987 dicemus
301 928 340 985 ab
364 924 522 985 Aristotele
544 942 633 1002 supra
656 928 746 985 citato
769 925 834 985 loco
858 926 1081 986 matbematicen
1110 928 1203 1005 primo
1230 926 1296 987 loeo
1319 926 1508 1001 collocatam,

146 1032 182 1075 eo
205 1012 285 1090 quod
308 1016 437 1072 omnium
460 1012 672 1090 perfectissima
695 1022 739 1072 est
761 1014 895 1072 scientia.
940 1012 1006 1073 line
1036 1016 1145 1092 passim
1169 1014 1296 1074 inculcat
1319 1013 1508 1088 Aristotcles,

146 1105 264 1179 quoties
287 1100 408 1177 aliquid.
431 1100 470 1159 ad
492 1102 680 1159 scientiarum
703 1102 833 1159 omnium
856 1099 1057 1161 certitudinem
1080 1101 1207 1173 iaciens,
1231 1119 1267 1162 ex
1291 1102 1509 1179 quantitatibus

147 1192 273 1268 primum
296 1188 408 1246 desumi
432 1196 461 1246 et
484 1190 588 1247 ceteris
610 1205 704 1247 rerum
734 1188 891 1263 generibus
914 1187 1127 1247 accommodari
1157 1188 1238 1249 dieii.
1283 1188 1335 1249 Sic
1363 1188 1441 1249 libro
1464 1186 1508 1253 Χ.

146 1276 221 1337 utet.
244 1293 308 1356 cap.
337 1284 365 1335 1.
388 1278 516 1333 maxime
540 1291 624 1347 vero,
648 1276 751 1351 inquit,
774 1273 855 1350 qood
876 1291 1030 1334 mensurae
1054 1284 1098 1335 eet
1120 1275 1208 1351 iisse,
1232 1275 1261 1335 id
1284 1280 1410 1354 primunr
1433 1274 1508 1335 Esse

146 1372 192 1423 est
214 1366 244 1421 in
266 1362 399 1438 quolibet
422 1380 539 1436 genere,
563 1370 593 1420 et
616 1363 814 1439 propriissime
836 1364 866 1419 in
889 1376 1065 1438 quantorum
1088 1379 1213 1439 genere3
1237 1363 1367 1425 indidem
1383 1364 1464 1423 enlm
1478 1370 1509 1423 et

147 1454 176 1509 in
200 1451 261 1510 alla
282 1466 391 1526 genera
413 1452 555 1509 manavit.
585 1448 726 1508 Mensura
748 1465 875 1525 namque
898 1460 951 1521 eet,
975 1467 1035 1526 qua
1057 1461 1199 1527 quantum
1221 1449 1295 1527 quid
1316 1454 1356 1511 sit
1377 1466 1508 1527 cognos-

147 1542 230 1609 citur,
254 1544 284 1597 et
306 1538 419 1615 probat,
443 1553 532 1595 unum
556 1553 620 1596 esse
644 1543 819 1611 quantorum
843 1553 1023 1611 mensuram
1053 1537 1120 1596 inde
1143 1538 1311 1615 subjungit:
1342 1536 1411 1597 inde
1434 1552 1508 1597 vero

147 1628 235 1685 etiam
258 1628 286 1682 in
311 1624 377 1683 aliis
399 1641 534 1684 mensura
557 1623 662 1683 dieitur
686 1623 729 1696 id,
761 1640 820 1701 qno
844 1627 936 1702 primo
961 1624 1113 1699 quodlibet
1140 1626 1327 1700 cognoscitur
1349 1635 1379 1685 et
1404 1624 1508 1701 cnjus·

145 1713 219 1773 libet
242 1728 377 1771 mensura
400 1721 446 1771 eat
467 1729 567 1771 unum.

251 1798 338 1875 Quod
361 1808 458 1857 antem
481 1808 541 1857 tam
565 1796 716 1857 evidentes
738 1806 807 1855 sant
829 1796 857 1853 in
880 1797 1067 1857 mathematis
1091 1797 1373 1873 demonstrationes,
1397 1816 1508 1861 causae

146 1894 214 1945 sunt
229 1886 357 1963 aliquot:
382 1888 483 1963 prima,
507 1888 578 1961 quia
600 1884 863 1943 demonstrationes
885 1885 945 1943 lere
965 1884 1057 1945 oculis
1079 1887 1186 1962 subjici
1210 1895 1240 1945 et
1261 1885 1300 1945 ad
1323 1889 1427 1946 vivunt
1451 1885 1507 1947 de·

146 1976 227 2052 pingi
251 1983 384 2051 possunt,
408 1982 440 2031 ut
463 1976 556 2031 itaet
580 1971 672 2031 oculis
698 1979 728 2031 et
749 1974 861 2031 ratione
885 1975 927 2029 uti
943 1976 1089 2050 possimus
1113 1977 1141 2031 in
1165 1973 1426 2051 comprehensione
1450 1972 1506 2033 de-

146 2062 398 2121 monstrationum.
445 2060 481 2117 Et
503 2058 561 2119 boc
585 2058 722 2118 conducit
748 2057 785 2118 ad
808 2058 977 2117 iaciiitatem
1005 2070 1033 2119 et
1056 2059 1313 2135 iraiallibiiltatem,
1343 2077 1421 2138 quae
1445 2076 1507 2119 non

147 2157 192 2209 est
223 2150 253 2207 in
284 2150 388 2207 ceteris
415 2149 555 2205 scientiis.
601 2146 676 2205 Nam
707 2162 766 2222 quo
794 2155 880 2224 paeto
909 2163 1000 2221 agens
1031 2148 1077 2207 rei
1110 2151 1238 2226 patiens,
1271 2147 1320 2208 rel
1349 2148 1429 2208 calor
1453 2156 1508 2207 aut

146 2238 237 2312 frigus
260 2234 485 2314 depingeretur?
516 2234 617 2293 Altera
640 2244 669 2293 et
684 2236 837 2311 potissima
851 2250 941 2292 eausa
956 2242 1009 2307 est,
1034 2237 1104 2311 qnia
1118 2237 1262 2313 principia
1277 2234 1509 2295 demonstratio-

145 2340 234 2395 num,
266 2331 392 2381 eonnata
420 2321 530 2380 bomini
555 2319 709 2398 pleraque,
738 2319 774 2379 de
798 2322 1012 2396 quantitatibus
1035 2331 1103 2381 aunt
1125 2324 1219 2400 primo
1242 2322 1426 2400 recipienda,
1459 2332 1505 2383 ut:

146 2420 241 2471 totum
264 2410 360 2484 majtrs
381 2426 436 2467 sua
458 2418 539 2486 parte
563 2425 636 2479 esse,
661 2411 735 2467 inter
756 2426 788 2467 ae
811 2426 876 2467 esse
898 2410 1036 2484 aequalia
1059 2426 1136 2485 quae
1158 2410 1254 2469 eidem
1276 2418 1332 2469 etc.

251 2496 326 2555 iiam
348 2498 402 2555 etsi
420 2494 591 2555 Aristoteles
613 2495 689 2554 libro
703 2494 756 2553 tv.
780 2494 851 2555 hiet.
874 2512 940 2574 cap.
957 2501 985 2555 3.
1008 2496 1285 2574 contemplationem
1304 2498 1410 2558 horum
1425 2498 1508 2575 prin·

147 2586 290 2663 cipiorum
321 2583 360 2643 ad
381 2583 613 2660 metapbyaieam
640 2591 761 2641 revocat
789 2600 883 2658 eaque
910 2586 1076 2642 communia
1104 2586 1175 2643 lacit
1206 2586 1342 2645 omnibns
1363 2585 1505 2655 scientiis,

147 2682 247 2733 tamen
269 2688 316 2731 res
339 2674 403 2746 ipsa
426 2670 549 2743 indicat,
580 2669 660 2746 quod
683 2670 820 2746 loquatur
843 2668 879 2729 de
902 2670 1005 2745 logicis
1028 2674 1193 2749 principiis,
1225 2689 1302 2748 quae
1325 2674 1428 2731 erebro
1451 2670 1507 2731 ad·

148 2760 251 2819 bibent
271 2768 454 2833 geometrae,
487 2766 520 2817 ιιι
542 2774 608 2817 curn
631 2756 744 2830 dieunt,
776 2756 852 2815 idem
876 2768 905 2816 et
927 2775 991 2817 esse
1015 2769 1043 2816 et
1066 2775 1123 2816 non
1147 2776 1213 2819 esse
1241 2758 1426 2837 impossibile
1448 2768 1507 2819 ate.

148 2846 250 2907 Verba
280 2847 345 2923 ejus
367 2845 440 2905 baec
463 2855 544 2903 suntz
575 2844 765 2903 Manifestum
788 2854 885 2903 autern
909 2853 970 2912 eet,
1000 2847 1085 2903 unius
1109 2862 1174 2905 esse
1196 2848 1355 2919 scientiae,
1388 2854 1419 2906 et
1442 2846 1508 2923 eius

147 2932 281 3011 quidem,
316 2950 405 3010 quam
435 2932 525 2992 babet
554 2949 685 2991 summus
715 2930 906 3010 philosophus
937 2930 1012 3009 (sive
1040 2932 1286 3013 metaphysiena),
1321 2933 1508 2995 eonatderara

147 3020 355 3082 mathematica
378 3022 537 3080 axiomata.
583 3019 658 3078 Sunt
681 3022 758 3078 eninr
781 3018 833 3077 illa
855 3022 883 3076 in
908 3020 995 3077 rebus
1019 3021 1154 3080 omnibus
1178 3031 1207 3080 et
1229 3037 1289 3080 non
1312 3024 1341 3079 in
1366 3036 1426 3081 uno
1452 3019 1509 3081 ali-

148 3125 207 3185 quo
235 3124 343 3185 genere
373 3107 558 3184 peculiariter
587 3108 708 3167 seorsim
739 3108 778 3165 ab
802 3106 877 3165 aliis.
924 3106 960 3165 Et
990 3114 1110 3166 utantur
1139 3110 1176 3167 iis
1204 3124 1306 3169 omnes
1333 3116 1509 3185 quaesunt

150 3196 233 3255 Entis
255 3196 358 3273 ipsius,
382 3204 528 3272 quatenus
551 3194 620 3267 Ena,
644 3210 701 3251 non
725 3210 795 3252 uero
818 3202 964 3268 quatenns
987 3191 1045 3253 hoc
1067 3194 1114 3254 vel
1138 3194 1210 3253 illud
1224 3214 1318 3271 genus
1340 3212 1438 3255 rerunt
1452 3204 1508 3255 est.

148 3282 276 3343 Tantum
300 3291 398 3341 autem
422 3292 542 3341 utuntur
565 3283 614 3351 iis,
638 3290 780 3357 quantam
802 3280 926 3351 scilicit,
949 3280 1005 3339 ltoc
1028 3290 1072 3341 est
1096 3291 1238 3358 quantum
1262 3282 1417 3361 complexa
1438 3290 1509 3343 anat

148 3388 242 3448 genus
270 3367 343 3429 illud
365 3387 475 3441 rerum,
508 3385 567 3444 quo
590 3367 626 3427 de
650 3376 752 3427 texunt
774 3368 1047 3429 demonstrationes.
1093 3369 1198 3445 ltaque
1228 3386 1293 3429 eunt
1317 3371 1507 3447 perspicuum

149 3460 198 3529 sit,
221 3456 301 3534 quod
324 3467 468 3533 qnatenus
492 3456 579 3515 Entia
600 3456 688 3515 rebus
711 3456 847 3513 omnibus
869 3465 1037 3530 competant
1063 3458 1105 3531 (in
1129 3456 1186 3515 hoe
1208 3460 1286 3517 enim
1309 3460 1446 3517 consistit
1469 3456 1508 3515 il-

148 3544 241 3605 larum
264 3546 478 3619 communitas),
510 3544 666 3619 pertinebit
691 3544 790 3620 itaque
813 3544 1021 3619 contemplatio
1053 3542 1167 3603 illarum
1196 3542 1235 3603 ad
1258 3562 1342 3617 eum,
1370 3548 1422 3620 qui
1446 3542 1507 3603 Ena

149 3639 182 3692 ut
205 3631 264 3691 Ena
288 3638 403 3691 tractat.
434 3630 595 3707 Propterea
617 3630 657 3701 iit,
683 3639 714 3689 ut
735 3647 822 3689 nemo
844 3646 955 3699 eorum,
979 3632 1029 3705 qui
1052 3630 1090 3689 ad
1114 3639 1226 3707 partem
1248 3630 1507 3708 philosophantur,

149 3732 268 3779 conetur
291 3718 327 3780 de
351 3718 397 3777 his
419 3718 531 3795 aliquid
554 3716 659 3788 dicere,
685 3734 791 3777 verane
805 3718 863 3775 sint
877 3734 978 3788 necne,
1002 3734 1098 3793 neque
1113 3728 1273 3792 geometra,
1297 3735 1394 3795 neque
1409 3718 1507 3778 arith-

148 3810 282 3879 meticus,
306 3805 358 3865 sed
381 3806 501 3881 qnidam
523 3804 711 3883 physicorum
731 3806 797 3881 Jure
820 3804 876 3863 hoc
899 3804 1017 3865 iaciunt.
1055 3804 1117 3863 Soli
1141 3823 1269 3881 namque
1291 3806 1508 3867 existimaban-

149 3902 196 3953 tur
218 3904 248 3953 et
270 3894 307 3953 de
330 3904 393 3953 tota
415 3903 520 3952 natura
542 3904 569 3951 et
594 3891 631 3951 de
654 3892 728 3952 Ente
751 3891 904 3969 speculati.
936 3890 1087 3951 ldaetenus
1110 3892 1286 3953 Aristoteles
1309 3893 1346 3953 de
1370 3910 1507 3953 commu·

149 3984 276 4039 nissimis
291 3982 450 4059 principiis.
489 3980 563 4039 Sunt
578 3995 657 4051 reto,
681 3988 712 4037 ut
735 3979 935 4056 supradicere
951 3982 1044 4055 coepi,
1068 3980 1210 4057 principia
1225 3979 1372 4055 quaedam
1387 3980 1507 4041 matbe-

149 4072 321 4127 maticorum
344 4068 519 4145 specialiora
540 4084 598 4125 non
622 4084 725 4144 pauca,
749 4084 826 4143 quae
849 4070 994 4125 communi
1009 4066 1118 4125 iumine
1133 4077 1255 4127 naturae
1279 4078 1437 4129 eemnntnr
1451 4084 1508 4129 nac

150 4154 396 4215 demonstratione
419 4154 551 4231 indigent
573 4170 707 4230 quaeque
730 4156 866 4229 primario
889 4154 926 4213 de
949 4156 1163 4229 quantitatibus
1186 4166 1308 4225 sonant,
1333 4163 1402 4233 post
1416 4156 1507 4217 sebna

150 4240 217 4301 aliis
241 4242 424 4315 adhibentur,
448 4252 593 4318 quatenus
617 4244 832 4302 eomtnmricant
854 4240 922 4301 illae
945 4240 1076 4299 nonnihil
1093 4244 1316 4317 quantitatibus.
1348 4244 1386 4303 t·:t
1401 4242 1507 4303 borum

151 4330 356 4407 principiorum
379 4328 463 4407 plura
485 4340 553 4387 aurit
576 4331 603 4387 in
628 4328 843 4399 mathematica,
866 4346 955 4403 quarn
978 4330 1007 4387 in
1030 4327 1096 4387 aliis
1111 4330 1349 4408 contemplativis
1363 4332 1507 4403 scientiis,

151 4426 268 4493 propter
291 4418 383 4493 ipsam
408 4416 572 4476 intellectus
595 4416 714 4475 humani
731 4426 875 4487 naturam,
899 4432 976 4492 quae
991 4416 1107 4476 ridetur
1122 4417 1191 4475 talis
1205 4434 1271 4477 esse
1286 4434 1322 4477 er
1339 4416 1406 4491 lette
1421 4434 1509 4479 mea·

151 4506 255 4575 tionis,
286 4513 318 4561 ut
341 4503 412 4561 niirii
437 4506 492 4562 nisi
520 4515 572 4564 aut
595 4506 789 4578 quantitates.
820 4514 869 4561 aut
899 4522 950 4581 per
973 4507 1153 4579 quantitates
1175 4504 1302 4581 periente
1325 4520 1507 4583 cognoscens

153 4592 254 4667 possit.
299 4590 404 4666 ltaque
428 4590 469 4659 lit,
492 4600 525 4651 ut
547 4592 728 4651 certissimae
751 4602 780 4649 et
803 4589 984 4651 indubitatae
1007 4594 1064 4649 sint
1087 4590 1361 4653 mathematicorum
1384 4592 1508 4655 conclu·

151 4680 258 4742 aiones.
304 4678 403 4755 Atque
425 4678 484 4739 ltoo
505 4680 622 4739 nornine
645 4680 839 4759 praestantior
861 4680 964 4739 ceteris
987 4689 1032 4737 est
1054 4678 1271 4739 mathematica.
