<?xml version="1.0" encoding="UTF-8"?>
<!DOCTYPE html PUBLIC "-//W3C//DTD XHTML 1.0 Transitional//EN"
    "http://www.w3.org/TR/xhtml1/DTD/xhtml1-transitional.dtd">
<html xmlns="http://www.w3.org/1999/xhtml" xml:lang="en" lang="en">
 <head>
  <title>
</title>
<meta http-equiv="Content-Type" content="text/html;charset=utf-8" />
  <meta name='ocr-system' content='tesseract 3.04.00' />
  <meta name='ocr-capabilities' content='ocr_page ocr_carea ocr_par ocr_line ocrx_word'/>
</head>
<body>
  <div class='ocr_page' id='page_1' title='image "./joanniskepleria00frisgoog/joanniskepleria00frisgoog_0224.png"; bbox 0 0 3308 5534; ppageno 0'>
   <div class='ocr_carea' id='block_1_1' title="bbox 242 393 1239 470">
    <p class='ocr_par' dir='ltr' id='par_1_1' title="bbox 242 393 1239 470">
     <span class='ocr_line' id='line_1_1' title="bbox 242 393 1239 470; baseline -0.012 -7"><span class='ocrx_word' id='word_1_1' title='bbox 242 398 308 470; x_wconf 89' lang='grc'>222</span> <span class='ocrx_word' id='word_1_2' title='bbox 603 396 779 455; x_wconf 77' lang='lat' dir='ltr'>Collectsusa</span> <span class='ocrx_word' id='word_1_3' title='bbox 794 409 831 453; x_wconf 79' lang='lat' dir='ltr'>ex</span> <span class='ocrx_word' id='word_1_4' title='bbox 847 393 988 453; x_wconf 84' lang='lat' dir='ltr'>oodieibm</span> <span class='ocrx_word' id='word_1_5' title='bbox 1004 393 1239 453; x_wconf 76' lang='lat' dir='ltr'>Pultoneaubas.</span> 
     </span>
    </p>
   </div>
   <div class='ocr_carea' id='block_1_2' title="bbox 242 574 1634 4939">
    <p class='ocr_par' dir='ltr' id='par_1_2' title="bbox 242 574 1634 3101">
     <span class='ocr_line' id='line_1_2' title="bbox 347 574 1602 653; baseline 0 -16"><span class='ocrx_word' id='word_1_6' title='bbox 347 576 422 653; x_wconf 78' lang='lat' dir='ltr'>Peg.</span> <span class='ocrx_word' id='word_1_7' title='bbox 446 581 474 639; x_wconf 79' lang='lat' dir='ltr'>b.</span> <span class='ocrx_word' id='word_1_8' title='bbox 517 576 667 653; x_wconf 85' lang='lat' dir='ltr'>Digressis</span> <span class='ocrx_word' id='word_1_9' title='bbox 695 575 808 652; x_wconf 80' lang='lat' dir='ltr'>magis,</span> <span class='ocrx_word' id='word_1_10' title='bbox 834 581 935 637; x_wconf 90' lang='lat' dir='ltr'>mouet</span> <span class='ocrx_word' id='word_1_11' title='bbox 956 574 1159 653; x_wconf 74' lang='lat' dir='ltr'><strong>Epiphanius,</strong></span> <span class='ocrx_word' id='word_1_12' title='bbox 1186 575 1292 638; x_wconf 85' lang='lat' dir='ltr'>Jcsum</span> <span class='ocrx_word' id='word_1_13' title='bbox 1313 592 1373 635; x_wconf 90' lang='lat' dir='ltr'>nou</span> <span class='ocrx_word' id='word_1_14' title='bbox 1402 576 1433 634; x_wconf 91' lang='lat' dir='ltr'>ia</span> <span class='ocrx_word' id='word_1_15' title='bbox 1456 574 1602 637; x_wconf 76' lang='lat' dir='ltr'>uuum</span> 
     </span>
     <span class='ocr_line' id='line_1_3' title="bbox 243 662 1601 742; baseline -0.003 -17"><span class='ocrx_word' id='word_1_16' title='bbox 243 663 350 725; x_wconf 90' lang='lat' dir='ltr'>sedin</span> <span class='ocrx_word' id='word_1_17' title='bbox 374 663 768 742; x_wconf 79' lang='lat' dir='ltr'>Aegyptumdeporiatum,</span> <span class='ocrx_word' id='word_1_18' title='bbox 801 670 831 723; x_wconf 91' lang='lat' dir='ltr'>at</span> <span class='ocrx_word' id='word_1_19' title='bbox 863 664 947 723; x_wconf 87' lang='lat' dir='ltr'>iiuita</span> <span class='ocrx_word' id='word_1_20' title='bbox 973 664 1176 741; x_wconf 83' lang='lat' dir='ltr'>purificatione</span> <span class='ocrx_word' id='word_1_21' title='bbox 1204 667 1234 723; x_wconf 91' lang='lat' dir='ltr'>iu</span> <span class='ocrx_word' id='word_1_22' title='bbox 1256 663 1412 725; x_wconf 86' lang='lat' dir='ltr'>Nasuretb.</span> <span class='ocrx_word' id='word_1_23' title='bbox 1457 662 1601 723; x_wconf 78' lang='lat' dir='ltr'>Nimirum</span> 
     </span>
     <span class='ocr_line' id='line_1_4' title="bbox 243 750 1602 829; baseline -0.003 -16"><span class='ocrx_word' id='word_1_24' title='bbox 243 752 318 813; x_wconf 89' lang='lat' dir='ltr'>bace</span> <span class='ocrx_word' id='word_1_25' title='bbox 341 769 434 813; x_wconf 91' lang='lat' dir='ltr'>eausa</span> <span class='ocrx_word' id='word_1_26' title='bbox 455 760 509 825; x_wconf 90' lang='lat' dir='ltr'>est,</span> <span class='ocrx_word' id='word_1_27' title='bbox 533 769 583 812; x_wconf 91' lang='lat' dir='ltr'>cur</span> <span class='ocrx_word' id='word_1_28' title='bbox 605 751 788 829; x_wconf 81' lang='lat' dir='ltr'><strong>Epiphanius</strong></span> <span class='ocrx_word' id='word_1_29' title='bbox 811 758 926 828; x_wconf 86' lang='lat' dir='ltr'>tempus</span> <span class='ocrx_word' id='word_1_30' title='bbox 948 753 1171 828; x_wconf 70' lang='lat' dir='ltr'>interposuerit,</span> <span class='ocrx_word' id='word_1_31' title='bbox 1194 769 1265 811; x_wconf 92' lang='lat' dir='ltr'>sane</span> <span class='ocrx_word' id='word_1_32' title='bbox 1288 770 1378 828; x_wconf 83' lang='lat' dir='ltr'>qaam</span> <span class='ocrx_word' id='word_1_33' title='bbox 1402 767 1527 828; x_wconf 68' lang='lat' dir='ltr'>umens,</span> <span class='ocrx_word' id='word_1_34' title='bbox 1549 750 1602 811; x_wconf 85' lang='lat' dir='ltr'>scd</span> 
     </span>
     <span class='ocr_line' id='line_1_5' title="bbox 242 837 1601 916; baseline 0 -17"><span class='ocrx_word' id='word_1_35' title='bbox 242 857 302 899; x_wconf 92' lang='lat' dir='ltr'>non</span> <span class='ocrx_word' id='word_1_36' title='bbox 325 838 392 899; x_wconf 90' lang='lat' dir='ltr'>idco</span> <span class='ocrx_word' id='word_1_37' title='bbox 415 856 535 900; x_wconf 89' lang='lat' dir='ltr'>necesse</span> <span class='ocrx_word' id='word_1_38' title='bbox 559 848 613 913; x_wconf 91' lang='lat' dir='ltr'>est,</span> <span class='ocrx_word' id='word_1_39' title='bbox 637 850 753 916; x_wconf 89' lang='lat' dir='ltr'>tempus</span> <span class='ocrx_word' id='word_1_40' title='bbox 776 839 892 913; x_wconf 86' lang='lat' dir='ltr'>longius</span> <span class='ocrx_word' id='word_1_41' title='bbox 915 838 1092 914; x_wconf 80' lang='lat' dir='ltr'>interjicere,</span> <span class='ocrx_word' id='word_1_42' title='bbox 1124 857 1178 900; x_wconf 94' lang='lat' dir='ltr'>nec</span> <span class='ocrx_word' id='word_1_43' title='bbox 1208 838 1320 899; x_wconf 91' lang='lat' dir='ltr'>tollitur</span> <span class='ocrx_word' id='word_1_44' title='bbox 1344 837 1601 913; x_wconf 82' lang='lat' dir='ltr'>Evangeliatarum</span> 
     </span>
     <span class='ocr_line' id='line_1_6' title="bbox 244 924 1602 1003; baseline -0.001 -16"><span class='ocrx_word' id='word_1_45' title='bbox 244 928 394 987; x_wconf 78' lang='lat' dir='ltr'>dissensus</span> <span class='ocrx_word' id='word_1_46' title='bbox 419 925 457 985; x_wconf 92' lang='lat' dir='ltr'>ud</span> <span class='ocrx_word' id='word_1_47' title='bbox 480 928 616 1003; x_wconf 89' lang='lat' dir='ltr'>speciem,</span> <span class='ocrx_word' id='word_1_48' title='bbox 640 927 696 985; x_wconf 89' lang='lat' dir='ltr'>hac</span> <span class='ocrx_word' id='word_1_49' title='bbox 719 924 837 1002; x_wconf 85' lang='lat' dir='ltr'>quidem</span> <span class='ocrx_word' id='word_1_50' title='bbox 861 928 920 986; x_wconf 84' lang='lat' dir='ltr'>via.</span> <span class='ocrx_word' id='word_1_51' title='bbox 957 926 1033 985; x_wconf 85' lang='lat' dir='ltr'>Nam</span> <span class='ocrx_word' id='word_1_52' title='bbox 1055 929 1151 1002; x_wconf 93' lang='lat' dir='ltr'>potuit</span> <span class='ocrx_word' id='word_1_53' title='bbox 1174 929 1263 987; x_wconf 88' lang='lat' dir='ltr'>etiam</span> <span class='ocrx_word' id='word_1_54' title='bbox 1285 930 1329 986; x_wconf 90' lang='lat' dir='ltr'>sic</span> <span class='ocrx_word' id='word_1_55' title='bbox 1351 944 1426 997; x_wconf 89' lang='lat' dir='ltr'>esse,</span> <span class='ocrx_word' id='word_1_56' title='bbox 1450 935 1485 986; x_wconf 92' lang='lat' dir='ltr'>ut</span> <span class='ocrx_word' id='word_1_57' title='bbox 1499 924 1602 987; x_wconf 85' lang='lat' dir='ltr'>eodem</span> 
     </span>
     <span class='ocr_line' id='line_1_7' title="bbox 245 1011 1601 1091; baseline -0.002 -18"><span class='ocrx_word' id='word_1_58' title='bbox 245 1016 293 1075; x_wconf 91' lang='lat' dir='ltr'>die</span> <span class='ocrx_word' id='word_1_59' title='bbox 318 1013 364 1073; x_wconf 84' lang='lat' dir='ltr'>nei</span> <span class='ocrx_word' id='word_1_60' title='bbox 387 1015 489 1091; x_wconf 81' lang='lat' dir='ltr'>paucis</span> <span class='ocrx_word' id='word_1_61' title='bbox 512 1014 672 1090; x_wconf 88' lang='lat' dir='ltr'>interjectis</span> <span class='ocrx_word' id='word_1_62' title='bbox 695 1021 725 1073; x_wconf 89' lang='lat' dir='ltr'>et</span> <span class='ocrx_word' id='word_1_63' title='bbox 747 1014 825 1087; x_wconf 87' lang='lat' dir='ltr'>magi</span> <span class='ocrx_word' id='word_1_64' title='bbox 849 1022 878 1073; x_wconf 90' lang='lat' dir='ltr'>et</span> <span class='ocrx_word' id='word_1_65' title='bbox 901 1011 1053 1089; x_wconf 88' lang='lat' dir='ltr'>Josepbus</span> <span class='ocrx_word' id='word_1_66' title='bbox 1076 1013 1249 1075; x_wconf 88' lang='lat' dir='ltr'>Bethleemo</span> <span class='ocrx_word' id='word_1_67' title='bbox 1280 1013 1478 1088; x_wconf 76' lang='lat' dir='ltr'>discederent,</span> <span class='ocrx_word' id='word_1_68' title='bbox 1507 1012 1550 1073; x_wconf 93' lang='lat' dir='ltr'>iili</span> <span class='ocrx_word' id='word_1_69' title='bbox 1573 1014 1601 1071; x_wconf 90' lang='lat' dir='ltr'>in</span> 
     </span>
     <span class='ocr_line' id='line_1_8' title="bbox 243 1099 1603 1179; baseline -0.001 -19"><span class='ocrx_word' id='word_1_70' title='bbox 243 1102 379 1179; x_wconf 88' lang='lat' dir='ltr'>patriam,</span> <span class='ocrx_word' id='word_1_71' title='bbox 402 1099 554 1177; x_wconf 86' lang='lat' dir='ltr'>Josephus</span> <span class='ocrx_word' id='word_1_72' title='bbox 570 1099 759 1179; x_wconf 76' lang='lat' dir='ltr'>Jerosolyma</span> <span class='ocrx_word' id='word_1_73' title='bbox 781 1099 819 1159; x_wconf 93' lang='lat' dir='ltr'>ad</span> <span class='ocrx_word' id='word_1_74' title='bbox 842 1100 1089 1177; x_wconf 70' lang='lat' dir='ltr'>purificationem,</span> <span class='ocrx_word' id='word_1_75' title='bbox 1112 1104 1209 1177; x_wconf 92' lang='lat' dir='ltr'>potuit</span> <span class='ocrx_word' id='word_1_76' title='bbox 1231 1103 1272 1161; x_wconf 91' lang='lat' dir='ltr'>ibi</span> <span class='ocrx_word' id='word_1_77' title='bbox 1294 1104 1405 1161; x_wconf 92' lang='lat' dir='ltr'>moneri</span> <span class='ocrx_word' id='word_1_78' title='bbox 1429 1104 1460 1159; x_wconf 92' lang='lat' dir='ltr'>in</span> <span class='ocrx_word' id='word_1_79' title='bbox 1483 1102 1603 1175; x_wconf 87' lang='lat' dir='ltr'>somnis,</span> 
     </span>
     <span class='ocr_line' id='line_1_9' title="bbox 246 1186 1602 1265; baseline 0 -18"><span class='ocrx_word' id='word_1_80' title='bbox 246 1187 324 1263; x_wconf 90' lang='lat' dir='ltr'>iude,</span> <span class='ocrx_word' id='word_1_81' title='bbox 348 1205 389 1248; x_wconf 89' lang='lat' dir='ltr'>ec.</span> <span class='ocrx_word' id='word_1_82' title='bbox 412 1188 617 1265; x_wconf 80' lang='lat' dir='ltr'>derosolymis,</span> <span class='ocrx_word' id='word_1_83' title='bbox 641 1189 741 1265; x_wconf 85' lang='lat' dir='ltr'>lugere</span> <span class='ocrx_word' id='word_1_84' title='bbox 765 1189 793 1245; x_wconf 90' lang='lat' dir='ltr'>in</span> <span class='ocrx_word' id='word_1_85' title='bbox 810 1188 989 1264; x_wconf 81' lang='lat' dir='ltr'>Aegyptum.</span> <span class='ocrx_word' id='word_1_86' title='bbox 1030 1188 1126 1247; x_wconf 86' lang='lat' dir='ltr'>Lucas</span> <span class='ocrx_word' id='word_1_87' title='bbox 1149 1206 1219 1249; x_wconf 84' lang='lat' dir='ltr'>vero</span> <span class='ocrx_word' id='word_1_88' title='bbox 1242 1192 1339 1265; x_wconf 89' lang='lat' dir='ltr'>potuit</span> <span class='ocrx_word' id='word_1_89' title='bbox 1361 1189 1419 1247; x_wconf 89' lang='lat' dir='ltr'>boc</span> <span class='ocrx_word' id='word_1_90' title='bbox 1441 1186 1602 1249; x_wconf 85' lang='lat' dir='ltr'>uamsiiira</span> 
     </span>
     <span class='ocr_line' id='line_1_10' title="bbox 244 1272 1604 1353; baseline -0.002 -15"><span class='ocrx_word' id='word_1_91' title='bbox 244 1275 350 1337; x_wconf 88' lang='lat' dir='ltr'>codem</span> <span class='ocrx_word' id='word_1_92' title='bbox 372 1276 449 1352; x_wconf 90' lang='lat' dir='ltr'>jure,</span> <span class='ocrx_word' id='word_1_93' title='bbox 473 1292 533 1351; x_wconf 90' lang='lat' dir='ltr'>quo</span> <span class='ocrx_word' id='word_1_94' title='bbox 557 1274 621 1334; x_wconf 89' lang='lat' dir='ltr'>vult</span> <span class='ocrx_word' id='word_1_95' title='bbox 643 1275 827 1352; x_wconf 79' lang='lat' dir='ltr'>Epiphanius</span> <span class='ocrx_word' id='word_1_96' title='bbox 849 1274 1034 1334; x_wconf 86' lang='lat' dir='ltr'>Matthaenm</span> <span class='ocrx_word' id='word_1_97' title='bbox 1057 1277 1256 1336; x_wconf 83' lang='lat' dir='ltr'>transsiluisse</span> <span class='ocrx_word' id='word_1_98' title='bbox 1278 1277 1491 1353; x_wconf 81' lang='lat' dir='ltr'>prosectionem</span> <span class='ocrx_word' id='word_1_99' title='bbox 1513 1272 1604 1335; x_wconf 87' lang='lat' dir='ltr'>Jeru-</span> 
     </span>
     <span class='ocr_line' id='line_1_11' title="bbox 243 1362 1604 1441; baseline -0.001 -17"><span class='ocrx_word' id='word_1_100' title='bbox 243 1365 367 1441; x_wconf 78' lang='lat' dir='ltr'>aoiymis</span> <span class='ocrx_word' id='word_1_101' title='bbox 397 1366 425 1421; x_wconf 90' lang='lat' dir='ltr'>iu</span> <span class='ocrx_word' id='word_1_102' title='bbox 448 1362 602 1423; x_wconf 85' lang='lat' dir='ltr'>Nasarcth.</span> <span class='ocrx_word' id='word_1_103' title='bbox 647 1362 710 1423; x_wconf 86' lang='lat' dir='ltr'>Nec</span> <span class='ocrx_word' id='word_1_104' title='bbox 740 1362 804 1421; x_wconf 90' lang='lat' dir='ltr'>tolli</span> <span class='ocrx_word' id='word_1_105' title='bbox 835 1370 1024 1439; x_wconf 85' lang='lat' dir='ltr'>apparentem</span> <span class='ocrx_word' id='word_1_106' title='bbox 1056 1362 1219 1423; x_wconf 86' lang='lat' dir='ltr'>dissensum</span> <span class='ocrx_word' id='word_1_107' title='bbox 1248 1365 1303 1425; x_wconf 88' lang='lat' dir='ltr'>hnc</span> <span class='ocrx_word' id='word_1_108' title='bbox 1332 1365 1381 1422; x_wconf 84' lang='lat' dir='ltr'>via</span> <span class='ocrx_word' id='word_1_109' title='bbox 1409 1372 1440 1423; x_wconf 92' lang='lat' dir='ltr'>et</span> <span class='ocrx_word' id='word_1_110' title='bbox 1473 1372 1604 1441; x_wconf 84' lang='lat' dir='ltr'>tempore</span> 
     </span>
     <span class='ocr_line' id='line_1_12' title="bbox 247 1448 1604 1527; baseline -0.001 -16"><span class='ocrx_word' id='word_1_111' title='bbox 247 1449 392 1523; x_wconf 77' lang='lat' dir='ltr'>biennali,</span> <span class='ocrx_word' id='word_1_112' title='bbox 416 1458 497 1527; x_wconf 91' lang='lat' dir='ltr'>patet</span> <span class='ocrx_word' id='word_1_113' title='bbox 521 1450 604 1509; x_wconf 90' lang='lat' dir='ltr'>inde:</span> <span class='ocrx_word' id='word_1_114' title='bbox 636 1451 661 1509; x_wconf 88' lang='lat' dir='ltr'>si</span> <span class='ocrx_word' id='word_1_115' title='bbox 685 1451 762 1510; x_wconf 90' lang='lat' dir='ltr'>cuim</span> <span class='ocrx_word' id='word_1_116' title='bbox 785 1452 885 1508; x_wconf 88' lang='lat' dir='ltr'>statim</span> <span class='ocrx_word' id='word_1_117' title='bbox 908 1467 928 1508; x_wconf 84' lang='lat' dir='ltr'>a</span> <span class='ocrx_word' id='word_1_118' title='bbox 949 1450 1153 1527; x_wconf 85' lang='lat' dir='ltr'>purificatione</span> <span class='ocrx_word' id='word_1_119' title='bbox 1174 1451 1299 1511; x_wconf 90' lang='lat' dir='ltr'>reditum</span> <span class='ocrx_word' id='word_1_120' title='bbox 1323 1453 1352 1509; x_wconf 92' lang='lat' dir='ltr'>in</span> <span class='ocrx_word' id='word_1_121' title='bbox 1375 1448 1524 1509; x_wconf 83' lang='lat' dir='ltr'>Nasaretb</span> <span class='ocrx_word' id='word_1_122' title='bbox 1549 1450 1604 1509; x_wconf 92' lang='lat' dir='ltr'>ibl-</span> 
     </span>
     <span class='ocr_line' id='line_1_13' title="bbox 245 1535 1603 1615; baseline -0.001 -18"><span class='ocrx_word' id='word_1_123' title='bbox 245 1555 304 1615; x_wconf 88' lang='lat' dir='ltr'>quo</span> <span class='ocrx_word' id='word_1_124' title='bbox 326 1545 537 1597; x_wconf 90' lang='lat' dir='ltr'>commoratum</span> <span class='ocrx_word' id='word_1_125' title='bbox 561 1537 688 1608; x_wconf 87' lang='lat' dir='ltr'>biennio,</span> <span class='ocrx_word' id='word_1_126' title='bbox 712 1554 763 1595; x_wconf 94' lang='lat' dir='ltr'>cur</span> <span class='ocrx_word' id='word_1_127' title='bbox 785 1548 854 1614; x_wconf 88' lang='lat' dir='ltr'>post</span> <span class='ocrx_word' id='word_1_128' title='bbox 876 1535 957 1596; x_wconf 89' lang='lat' dir='ltr'>aliud</span> <span class='ocrx_word' id='word_1_129' title='bbox 981 1538 1130 1597; x_wconf 86' lang='lat' dir='ltr'>biennium</span> <span class='ocrx_word' id='word_1_130' title='bbox 1154 1538 1308 1598; x_wconf 87' lang='lat' dir='ltr'>redeuutes</span> <span class='ocrx_word' id='word_1_131' title='bbox 1331 1556 1367 1598; x_wconf 89' lang='lat' dir='ltr'>ex</span> <span class='ocrx_word' id='word_1_132' title='bbox 1384 1538 1525 1615; x_wconf 61' lang='lat' dir='ltr'>chunuto</span> <span class='ocrx_word' id='word_1_133' title='bbox 1547 1554 1603 1595; x_wconf 87' lang='lat' dir='ltr'>unu</span> 
     </span>
     <span class='ocr_line' id='line_1_14' title="bbox 246 1623 1602 1703; baseline -0.001 -18"><span class='ocrx_word' id='word_1_134' title='bbox 246 1634 390 1703; x_wconf 88' lang='lat' dir='ltr'>quaerunt</span> <span class='ocrx_word' id='word_1_135' title='bbox 405 1624 558 1695; x_wconf 88' lang='lat' dir='ltr'>Nasareth,</span> <span class='ocrx_word' id='word_1_136' title='bbox 583 1624 635 1683; x_wconf 89' lang='lat' dir='ltr'>sed</span> <span class='ocrx_word' id='word_1_137' title='bbox 651 1634 818 1702; x_wconf 87' lang='lat' dir='ltr'>proponunt</span> <span class='ocrx_word' id='word_1_138' title='bbox 832 1627 861 1683; x_wconf 93' lang='lat' dir='ltr'>in</span> <span class='ocrx_word' id='word_1_139' title='bbox 876 1623 1029 1684; x_wconf 75' lang='lat' dir='ltr'>Bethleem</span> <span class='ocrx_word' id='word_1_140' title='bbox 1046 1625 1203 1685; x_wconf 85' lang='lat' dir='ltr'>imbitare‘l</span> <span class='ocrx_word' id='word_1_141' title='bbox 1234 1626 1294 1685; x_wconf 87' lang='lat' dir='ltr'>Cur</span> <span class='ocrx_word' id='word_1_142' title='bbox 1309 1624 1481 1685; x_wconf 87' lang='lat' dir='ltr'>liaitbaeua</span> <span class='ocrx_word' id='word_1_143' title='bbox 1496 1642 1602 1683; x_wconf 82' lang='lat' dir='ltr'>noram</span> 
     </span>
     <span class='ocr_line' id='line_1_15' title="bbox 246 1710 1604 1789; baseline 0.001 -18"><span class='ocrx_word' id='word_1_144' title='bbox 246 1712 323 1773; x_wconf 88' lang='lat' dir='ltr'>hanc</span> <span class='ocrx_word' id='word_1_145' title='bbox 346 1715 531 1773; x_wconf 88' lang='lat' dir='ltr'>occasionem</span> <span class='ocrx_word' id='word_1_146' title='bbox 553 1711 710 1771; x_wconf 82' lang='lat' dir='ltr'>navandae</span> <span class='ocrx_word' id='word_1_147' title='bbox 733 1715 846 1789; x_wconf 76' lang='lat' dir='ltr'>patriae</span> <span class='ocrx_word' id='word_1_148' title='bbox 870 1712 1050 1771; x_wconf 79' lang='lat' dir='ltr'>introduxit?</span> <span class='ocrx_word' id='word_1_149' title='bbox 1086 1712 1208 1773; x_wconf 85' lang='lat' dir='ltr'>Rectius</span> <span class='ocrx_word' id='word_1_150' title='bbox 1231 1716 1330 1789; x_wconf 89' lang='lat' dir='ltr'>itaque</span> <span class='ocrx_word' id='word_1_151' title='bbox 1353 1716 1525 1781; x_wconf 84' lang='lat' dir='ltr'>statuimus,</span> <span class='ocrx_word' id='word_1_152' title='bbox 1548 1710 1604 1773; x_wconf 86' lang='lat' dir='ltr'>Jo-</span> 
     </span>
     <span class='ocr_line' id='line_1_16' title="bbox 245 1798 1602 1877; baseline -0.001 -17"><span class='ocrx_word' id='word_1_153' title='bbox 245 1799 370 1877; x_wconf 88' lang='lat' dir='ltr'>aephum</span> <span class='ocrx_word' id='word_1_154' title='bbox 392 1816 429 1859; x_wconf 85' lang='lat' dir='ltr'>cx</span> <span class='ocrx_word' id='word_1_155' title='bbox 451 1803 574 1875; x_wconf 89' lang='lat' dir='ltr'>antiquo</span> <span class='ocrx_word' id='word_1_156' title='bbox 605 1802 700 1859; x_wconf 81' lang='lat' dir='ltr'>tticum</span> <span class='ocrx_word' id='word_1_157' title='bbox 729 1802 819 1859; x_wconf 88' lang='lat' dir='ltr'>luisse</span> <span class='ocrx_word' id='word_1_158' title='bbox 842 1798 1114 1871; x_wconf 76' lang='lat' dir='ltr'>bethleemiticum,</span> <span class='ocrx_word' id='word_1_159' title='bbox 1146 1800 1271 1860; x_wconf 88' lang='lat' dir='ltr'>hluriant</span> <span class='ocrx_word' id='word_1_160' title='bbox 1294 1800 1547 1871; x_wconf 88' lang='lat' dir='ltr'>Nasarethanam,</span> <span class='ocrx_word' id='word_1_161' title='bbox 1575 1806 1602 1859; x_wconf 81' lang='lat' dir='ltr'>ti</span> 
     </span>
     <span class='ocr_line' id='line_1_17' title="bbox 245 1884 1601 1965; baseline -0.001 -18"><span class='ocrx_word' id='word_1_162' title='bbox 245 1885 410 1963; x_wconf 88' lang='lat' dir='ltr'>Joscphum</span> <span class='ocrx_word' id='word_1_163' title='bbox 434 1904 491 1947; x_wconf 93' lang='lat' dir='ltr'>uon</span> <span class='ocrx_word' id='word_1_164' title='bbox 515 1886 633 1945; x_wconf 86' lang='lat' dir='ltr'>donnum</span> <span class='ocrx_word' id='word_1_165' title='bbox 662 1888 691 1945; x_wconf 93' lang='lat' dir='ltr'>in</span> <span class='ocrx_word' id='word_1_166' title='bbox 715 1884 852 1947; x_wconf 81' lang='lat' dir='ltr'>Galilaea</span> <span class='ocrx_word' id='word_1_167' title='bbox 881 1886 1036 1960; x_wconf 79' lang='lat' dir='ltr'>imbuisse,</span> <span class='ocrx_word' id='word_1_168' title='bbox 1066 1886 1119 1946; x_wconf 87' lang='lat' dir='ltr'>scd</span> <span class='ocrx_word' id='word_1_169' title='bbox 1142 1905 1178 1947; x_wconf 91' lang='lat' dir='ltr'>co</span> <span class='ocrx_word' id='word_1_170' title='bbox 1202 1890 1317 1947; x_wconf 83' lang='lat' dir='ltr'>venisse</span> <span class='ocrx_word' id='word_1_171' title='bbox 1343 1903 1473 1965; x_wconf 88' lang='lat' dir='ltr'>sponsae</span> <span class='ocrx_word' id='word_1_172' title='bbox 1503 1902 1601 1957; x_wconf 63' lang='lat' dir='ltr'>causa</span> 
     </span>
     <span class='ocr_line' id='line_1_18' title="bbox 246 1972 1602 2051; baseline -0.001 -18"><span class='ocrx_word' id='word_1_173' title='bbox 246 1976 421 2051; x_wconf 88' lang='lat' dir='ltr'>interimque</span> <span class='ocrx_word' id='word_1_174' title='bbox 452 1973 520 2033; x_wconf 92' lang='lat' dir='ltr'>dum</span> <span class='ocrx_word' id='word_1_175' title='bbox 543 1974 686 2051; x_wconf 88' lang='lat' dir='ltr'>pauculos</span> <span class='ocrx_word' id='word_1_176' title='bbox 716 1991 831 2035; x_wconf 81' lang='lat' dir='ltr'>unetsscs</span> <span class='ocrx_word' id='word_1_177' title='bbox 859 1976 889 2032; x_wconf 95' lang='lat' dir='ltr'>in</span> <span class='ocrx_word' id='word_1_178' title='bbox 912 1972 1049 2033; x_wconf 76' lang='lat' dir='ltr'>Galilaea</span> <span class='ocrx_word' id='word_1_179' title='bbox 1079 1986 1222 2049; x_wconf 76' lang='lat' dir='ltr'>morantur,</span> <span class='ocrx_word' id='word_1_180' title='bbox 1252 1983 1423 2035; x_wconf 82' lang='lat' dir='ltr'>revocatum</span> <span class='ocrx_word' id='word_1_181' title='bbox 1454 1975 1548 2035; x_wconf 86' lang='lat' dir='ltr'>luisse</span> <span class='ocrx_word' id='word_1_182' title='bbox 1576 1976 1602 2031; x_wconf 92' lang='lat' dir='ltr'>in</span> 
     </span>
     <span class='ocr_line' id='line_1_19' title="bbox 245 2058 1602 2139; baseline 0 -18"><span class='ocrx_word' id='word_1_183' title='bbox 245 2062 399 2123; x_wconf 84' lang='lat' dir='ltr'>Bethleem</span> <span class='ocrx_word' id='word_1_184' title='bbox 422 2060 627 2138; x_wconf 89' lang='lat' dir='ltr'>descriptionis</span> <span class='ocrx_word' id='word_1_185' title='bbox 650 2078 749 2134; x_wconf 85' lang='lat' dir='ltr'>causa,</span> <span class='ocrx_word' id='word_1_186' title='bbox 774 2078 809 2121; x_wconf 94' lang='lat' dir='ltr'>eo</span> <span class='ocrx_word' id='word_1_187' title='bbox 833 2060 912 2137; x_wconf 91' lang='lat' dir='ltr'>quod</span> <span class='ocrx_word' id='word_1_188' title='bbox 935 2063 1008 2120; x_wconf 84' lang='lat' dir='ltr'>civis</span> <span class='ocrx_word' id='word_1_189' title='bbox 1031 2072 1109 2121; x_wconf 90' lang='lat' dir='ltr'>esset</span> <span class='ocrx_word' id='word_1_190' title='bbox 1131 2063 1195 2139; x_wconf 87' lang='lat' dir='ltr'>ejus</span> <span class='ocrx_word' id='word_1_191' title='bbox 1219 2063 1284 2125; x_wconf 88' lang='lat' dir='ltr'>ioci.</span> <span class='ocrx_word' id='word_1_192' title='bbox 1323 2062 1411 2123; x_wconf 91' lang='lat' dir='ltr'>lbant</span> <span class='ocrx_word' id='word_1_193' title='bbox 1426 2058 1602 2139; x_wconf 83' lang='lat' dir='ltr'>quiiiuetad</span> 
     </span>
     <span class='ocr_line' id='line_1_20' title="bbox 247 2148 1603 2223; baseline 0.001 -15"><span class='ocrx_word' id='word_1_194' title='bbox 247 2152 398 2210; x_wconf 83' lang='lat' dir='ltr'>civitatem</span> <span class='ocrx_word' id='word_1_195' title='bbox 420 2166 514 2220; x_wconf 91' lang='lat' dir='ltr'>suam,</span> <span class='ocrx_word' id='word_1_196' title='bbox 539 2148 680 2223; x_wconf 85' lang='lat' dir='ltr'>intellige,</span> <span class='ocrx_word' id='word_1_197' title='bbox 703 2166 761 2206; x_wconf 93' lang='lat' dir='ltr'>non</span> <span class='ocrx_word' id='word_1_198' title='bbox 774 2149 835 2223; x_wconf 89' lang='lat' dir='ltr'>jam</span> <span class='ocrx_word' id='word_1_199' title='bbox 851 2149 928 2209; x_wconf 92' lang='lat' dir='ltr'>unde</span> <span class='ocrx_word' id='word_1_200' title='bbox 943 2155 1021 2207; x_wconf 84' lang='lat' dir='ltr'>essct</span> <span class='ocrx_word' id='word_1_201' title='bbox 1036 2150 1171 2221; x_wconf 86' lang='lat' dir='ltr'>oriturus,</span> <span class='ocrx_word' id='word_1_202' title='bbox 1193 2150 1246 2210; x_wconf 92' lang='lat' dir='ltr'>sed</span> <span class='ocrx_word' id='word_1_203' title='bbox 1269 2151 1318 2209; x_wconf 91' lang='lat' dir='ltr'>ubi</span> <span class='ocrx_word' id='word_1_204' title='bbox 1340 2149 1460 2208; x_wconf 89' lang='lat' dir='ltr'>domum</span> <span class='ocrx_word' id='word_1_205' title='bbox 1482 2149 1603 2209; x_wconf 80' lang='lat' dir='ltr'>baberet</span> 
     </span>
     <span class='ocr_line' id='line_1_21' title="bbox 246 2230 1600 2319; baseline -0.003 -22"><span class='ocrx_word' id='word_1_206' title='bbox 246 2236 296 2297; x_wconf 85' lang='lat' dir='ltr'>tel</span> <span class='ocrx_word' id='word_1_207' title='bbox 317 2238 365 2314; x_wconf 90' lang='lat' dir='ltr'>jus</span> <span class='ocrx_word' id='word_1_208' title='bbox 387 2238 526 2295; x_wconf 85' lang='lat' dir='ltr'>civitatis.</span> <span class='ocrx_word' id='word_1_209' title='bbox 549 2230 614 2319; x_wconf 87' lang='lat' dir='ltr'>(Sic</span> <span class='ocrx_word' id='word_1_210' title='bbox 636 2253 701 2294; x_wconf 89' lang='lat' dir='ltr'>eum</span> <span class='ocrx_word' id='word_1_211' title='bbox 726 2236 762 2295; x_wconf 89' lang='lat' dir='ltr'>de</span> <span class='ocrx_word' id='word_1_212' title='bbox 778 2236 893 2295; x_wconf 83' lang='lat' dir='ltr'>Cirriato</span> <span class='ocrx_word' id='word_1_213' title='bbox 909 2236 1054 2307; x_wconf 86' lang='lat' dir='ltr'>scribitur,</span> <span class='ocrx_word' id='word_1_214' title='bbox 1079 2237 1141 2295; x_wconf 93' lang='lat' dir='ltr'>ibat</span> <span class='ocrx_word' id='word_1_215' title='bbox 1163 2240 1194 2295; x_wconf 90' lang='lat' dir='ltr'>in</span> <span class='ocrx_word' id='word_1_216' title='bbox 1210 2240 1359 2297; x_wconf 80' lang='lat' dir='ltr'>civitatens</span> <span class='ocrx_word' id='word_1_217' title='bbox 1374 2255 1470 2309; x_wconf 92' lang='lat' dir='ltr'>suam,</span> <span class='ocrx_word' id='word_1_218' title='bbox 1493 2236 1600 2295; x_wconf 86' lang='lat' dir='ltr'>intelli·</span> 
     </span>
     <span class='ocr_line' id='line_1_22' title="bbox 245 2320 1603 2403; baseline 0.001 -20"><span class='ocrx_word' id='word_1_219' title='bbox 245 2326 324 2399; x_wconf 83' lang='lat' dir='ltr'>gitur</span> <span class='ocrx_word' id='word_1_220' title='bbox 346 2340 404 2382; x_wconf 93' lang='lat' dir='ltr'>non</span> <span class='ocrx_word' id='word_1_221' title='bbox 421 2322 582 2395; x_wconf 87' lang='lat' dir='ltr'>Bethleem,</span> <span class='ocrx_word' id='word_1_222' title='bbox 608 2340 665 2381; x_wconf 94' lang='lat' dir='ltr'>non</span> <span class='ocrx_word' id='word_1_223' title='bbox 680 2322 840 2393; x_wconf 85' lang='lat' dir='ltr'>Nasnrcth,</span> <span class='ocrx_word' id='word_1_224' title='bbox 863 2323 916 2383; x_wconf 90' lang='lat' dir='ltr'>scd</span> <span class='ocrx_word' id='word_1_225' title='bbox 935 2324 1134 2399; x_wconf 85' lang='lat' dir='ltr'>Capernamn,</span> <span class='ocrx_word' id='word_1_226' title='bbox 1159 2326 1209 2383; x_wconf 92' lang='lat' dir='ltr'>uhi</span> <span class='ocrx_word' id='word_1_227' title='bbox 1232 2326 1361 2384; x_wconf 83' lang='lat' dir='ltr'>ciuitatis</span> <span class='ocrx_word' id='word_1_228' title='bbox 1380 2324 1431 2401; x_wconf 85' lang='lat' dir='ltr'>jus</span> <span class='ocrx_word' id='word_1_229' title='bbox 1454 2320 1603 2403; x_wconf 78' lang='lat' dir='ltr'>babebat)</span> 
     </span>
     <span class='ocr_line' id='line_1_23' title="bbox 244 2410 1634 2488; baseline -0.001 -17"><span class='ocrx_word' id='word_1_230' title='bbox 244 2410 320 2471; x_wconf 86' lang='lat' dir='ltr'>Nam</span> <span class='ocrx_word' id='word_1_231' title='bbox 343 2428 420 2488; x_wconf 89' lang='lat' dir='ltr'>quae</span> <span class='ocrx_word' id='word_1_232' title='bbox 443 2411 536 2469; x_wconf 89' lang='lat' dir='ltr'>iorma</span> <span class='ocrx_word' id='word_1_233' title='bbox 560 2410 763 2486; x_wconf 84' lang='lat' dir='ltr'>descriptionis</span> <span class='ocrx_word' id='word_1_234' title='bbox 786 2418 873 2482; x_wconf 92' lang='lat' dir='ltr'>esset,</span> <span class='ocrx_word' id='word_1_235' title='bbox 897 2414 925 2468; x_wconf 94' lang='lat' dir='ltr'>in</span> <span class='ocrx_word' id='word_1_236' title='bbox 943 2427 1001 2485; x_wconf 86' lang='lat' dir='ltr'>qua</span> <span class='ocrx_word' id='word_1_237' title='bbox 1016 2427 1073 2469; x_wconf 91' lang='lat' dir='ltr'>nou</span> <span class='ocrx_word' id='word_1_238' title='bbox 1089 2412 1170 2470; x_wconf 81' lang='lat' dir='ltr'>ciues</span> <span class='ocrx_word' id='word_1_239' title='bbox 1184 2411 1329 2484; x_wconf 90' lang='lat' dir='ltr'>locorum,</span> <span class='ocrx_word' id='word_1_240' title='bbox 1352 2412 1406 2469; x_wconf 93' lang='lat' dir='ltr'>scd</span> <span class='ocrx_word' id='word_1_241' title='bbox 1429 2410 1549 2470; x_wconf 90' lang='lat' dir='ltr'>oriundi</span> <span class='ocrx_word' id='word_1_242' title='bbox 1568 2426 1634 2487; x_wconf 63' lang='lat' dir='ltr'>er,</span> 
     </span>
     <span class='ocr_line' id='line_1_24' title="bbox 243 2496 1604 2575; baseline 0 -16"><span class='ocrx_word' id='word_1_243' title='bbox 243 2499 327 2573; x_wconf 91' lang='lat' dir='ltr'>locis,</span> <span class='ocrx_word' id='word_1_244' title='bbox 350 2498 423 2558; x_wconf 89' lang='lat' dir='ltr'>aiibi</span> <span class='ocrx_word' id='word_1_245' title='bbox 445 2499 535 2572; x_wconf 82' lang='lat' dir='ltr'>ciues,</span> <span class='ocrx_word' id='word_1_246' title='bbox 559 2498 588 2555; x_wconf 92' lang='lat' dir='ltr'>in</span> <span class='ocrx_word' id='word_1_247' title='bbox 612 2496 685 2556; x_wconf 92' lang='lat' dir='ltr'>locis</span> <span class='ocrx_word' id='word_1_248' title='bbox 706 2497 831 2573; x_wconf 84' lang='lat' dir='ltr'>singuiis</span> <span class='ocrx_word' id='word_1_249' title='bbox 854 2497 1095 2557; x_wconf 87' lang='lat' dir='ltr'>describerentur.</span> <span class='ocrx_word' id='word_1_250' title='bbox 1134 2497 1174 2557; x_wconf 78' lang='lat' dir='ltr'>At</span> <span class='ocrx_word' id='word_1_251' title='bbox 1196 2500 1323 2575; x_wconf 83' lang='lat' dir='ltr'>inquiat,</span> <span class='ocrx_word' id='word_1_252' title='bbox 1347 2498 1463 2559; x_wconf 83' lang='lat' dir='ltr'>videtur</span> <span class='ocrx_word' id='word_1_253' title='bbox 1484 2498 1523 2559; x_wconf 93' lang='lat' dir='ltr'>de</span> <span class='ocrx_word' id='word_1_254' title='bbox 1547 2498 1604 2559; x_wconf 88' lang='lat' dir='ltr'>orl·</span> 
     </span>
     <span class='ocr_line' id='line_1_25' title="bbox 246 2584 1604 2663; baseline 0 -18"><span class='ocrx_word' id='word_1_255' title='bbox 246 2584 332 2645; x_wconf 90' lang='lat' dir='ltr'>uadis</span> <span class='ocrx_word' id='word_1_256' title='bbox 354 2588 557 2663; x_wconf 86' lang='lat' dir='ltr'>potiusquam</span> <span class='ocrx_word' id='word_1_257' title='bbox 579 2586 616 2645; x_wconf 92' lang='lat' dir='ltr'>de</span> <span class='ocrx_word' id='word_1_258' title='bbox 639 2584 743 2643; x_wconf 91' lang='lat' dir='ltr'>ineolis</span> <span class='ocrx_word' id='word_1_259' title='bbox 765 2585 967 2661; x_wconf 89' lang='lat' dir='ltr'>accipiendum</span> <span class='ocrx_word' id='word_1_260' title='bbox 983 2593 1101 2661; x_wconf 87' lang='lat' dir='ltr'>propter</span> <span class='ocrx_word' id='word_1_261' title='bbox 1123 2588 1239 2661; x_wconf 88' lang='lat' dir='ltr'>copiam</span> <span class='ocrx_word' id='word_1_262' title='bbox 1262 2586 1430 2657; x_wconf 78' lang='lat' dir='ltr'>bominumt</span> <span class='ocrx_word' id='word_1_263' title='bbox 1454 2588 1516 2645; x_wconf 89' lang='lat' dir='ltr'>ima</span> <span class='ocrx_word' id='word_1_264' title='bbox 1538 2584 1604 2645; x_wconf 82' lang='lat' dir='ltr'>iacit</span> 
     </span>
     <span class='ocr_line' id='line_1_26' title="bbox 245 2671 1603 2749; baseline 0 -16"><span class='ocrx_word' id='word_1_265' title='bbox 245 2675 361 2749; x_wconf 92' lang='lat' dir='ltr'>copiam</span> <span class='ocrx_word' id='word_1_266' title='bbox 376 2671 528 2731; x_wconf 91' lang='lat' dir='ltr'>bominum</span> <span class='ocrx_word' id='word_1_267' title='bbox 544 2674 571 2730; x_wconf 90' lang='lat' dir='ltr'>in</span> <span class='ocrx_word' id='word_1_268' title='bbox 588 2672 697 2747; x_wconf 93' lang='lat' dir='ltr'>oppido</span> <span class='ocrx_word' id='word_1_269' title='bbox 714 2682 840 2744; x_wconf 86' lang='lat' dir='ltr'>angusto</span> <span class='ocrx_word' id='word_1_270' title='bbox 857 2674 945 2732; x_wconf 87' lang='lat' dir='ltr'>ctiam</span> <span class='ocrx_word' id='word_1_271' title='bbox 961 2672 1113 2732; x_wconf 87' lang='lat' dir='ltr'>coniinxus</span> <span class='ocrx_word' id='word_1_272' title='bbox 1128 2674 1332 2749; x_wconf 87' lang='lat' dir='ltr'>agricolarum.</span> <span class='ocrx_word' id='word_1_273' title='bbox 1370 2674 1436 2733; x_wconf 88' lang='lat' dir='ltr'>Non</span> <span class='ocrx_word' id='word_1_274' title='bbox 1453 2676 1534 2733; x_wconf 91' lang='lat' dir='ltr'>enim</span> <span class='ocrx_word' id='word_1_275' title='bbox 1549 2674 1603 2733; x_wconf 89' lang='lat' dir='ltr'>cir·</span> 
     </span>
     <span class='ocr_line' id='line_1_27' title="bbox 245 2758 1603 2839; baseline 0.001 -19"><span class='ocrx_word' id='word_1_276' title='bbox 245 2760 375 2820; x_wconf 87' lang='lat' dir='ltr'>cumibat</span> <span class='ocrx_word' id='word_1_277' title='bbox 388 2767 555 2836; x_wconf 87' lang='lat' dir='ltr'>procurator</span> <span class='ocrx_word' id='word_1_278' title='bbox 572 2758 721 2819; x_wconf 85' lang='lat' dir='ltr'>liomanus</span> <span class='ocrx_word' id='word_1_279' title='bbox 737 2758 832 2831; x_wconf 83' lang='lat' dir='ltr'>villas,</span> <span class='ocrx_word' id='word_1_280' title='bbox 849 2758 902 2819; x_wconf 91' lang='lat' dir='ltr'>sed</span> <span class='ocrx_word' id='word_1_281' title='bbox 915 2760 1099 2819; x_wconf 86' lang='lat' dir='ltr'>convocabat</span> <span class='ocrx_word' id='word_1_282' title='bbox 1115 2762 1228 2819; x_wconf 88' lang='lat' dir='ltr'>ricinos</span> <span class='ocrx_word' id='word_1_283' title='bbox 1244 2760 1390 2835; x_wconf 80' lang='lat' dir='ltr'>agricolas</span> <span class='ocrx_word' id='word_1_284' title='bbox 1406 2763 1435 2819; x_wconf 93' lang='lat' dir='ltr'>in</span> <span class='ocrx_word' id='word_1_285' title='bbox 1452 2760 1603 2839; x_wconf 76' lang='lat' dir='ltr'>oppidum.</span> 
     </span>
     <span class='ocr_line' id='line_1_28' title="bbox 247 2844 1605 2926; baseline 0 -19"><span class='ocrx_word' id='word_1_286' title='bbox 247 2848 418 2907; x_wconf 70' lang='lat' dir='ltr'>(iurantem</span> <span class='ocrx_word' id='word_1_287' title='bbox 433 2844 549 2922; x_wconf 84' lang='lat' dir='ltr'>loseph</span> <span class='ocrx_word' id='word_1_288' title='bbox 564 2848 592 2904; x_wconf 92' lang='lat' dir='ltr'>in</span> <span class='ocrx_word' id='word_1_289' title='bbox 609 2846 770 2906; x_wconf 84' lang='lat' dir='ltr'>diversorio</span> <span class='ocrx_word' id='word_1_290' title='bbox 787 2848 894 2922; x_wconf 89' lang='lat' dir='ltr'>potius,</span> <span class='ocrx_word' id='word_1_291' title='bbox 911 2864 999 2922; x_wconf 83' lang='lat' dir='ltr'>quant</span> <span class='ocrx_word' id='word_1_292' title='bbox 1017 2848 1045 2904; x_wconf 88' lang='lat' dir='ltr'>in</span> <span class='ocrx_word' id='word_1_293' title='bbox 1062 2846 1149 2906; x_wconf 92' lang='lat' dir='ltr'>domo</span> <span class='ocrx_word' id='word_1_294' title='bbox 1165 2848 1241 2907; x_wconf 85' lang='lat' dir='ltr'>sua‘l</span> <span class='ocrx_word' id='word_1_295' title='bbox 1271 2848 1349 2924; x_wconf 87' lang='lat' dir='ltr'>Qtria</span> <span class='ocrx_word' id='word_1_296' title='bbox 1363 2865 1493 2926; x_wconf 88' lang='lat' dir='ltr'>pauper,</span> <span class='ocrx_word' id='word_1_297' title='bbox 1518 2846 1605 2908; x_wconf 84' lang='lat' dir='ltr'>domo</span> 
     </span>
     <span class='ocr_line' id='line_1_29' title="bbox 246 2933 1607 3011; baseline 0.001 -18"><span class='ocrx_word' id='word_1_298' title='bbox 246 2951 349 2995; x_wconf 89' lang='lat' dir='ltr'>carens</span> <span class='ocrx_word' id='word_1_299' title='bbox 371 2947 401 2993; x_wconf 92' lang='lat' dir='ltr'>ct</span> <span class='ocrx_word' id='word_1_300' title='bbox 423 2950 515 3009; x_wconf 91' lang='lat' dir='ltr'>nuper</span> <span class='ocrx_word' id='word_1_301' title='bbox 538 2951 681 3007; x_wconf 81' lang='lat' dir='ltr'>reuersus,</span> <span class='ocrx_word' id='word_1_302' title='bbox 705 2934 835 2993; x_wconf 91' lang='lat' dir='ltr'>nondum</span> <span class='ocrx_word' id='word_1_303' title='bbox 851 2933 887 2993; x_wconf 92' lang='lat' dir='ltr'>de</span> <span class='ocrx_word' id='word_1_304' title='bbox 902 2933 1085 2994; x_wconf 89' lang='lat' dir='ltr'>habitatione</span> <span class='ocrx_word' id='word_1_305' title='bbox 1100 2944 1299 3011; x_wconf 86' lang='lat' dir='ltr'>prospexerat,</span> <span class='ocrx_word' id='word_1_306' title='bbox 1322 2953 1418 2995; x_wconf 84' lang='lat' dir='ltr'>notus</span> <span class='ocrx_word' id='word_1_307' title='bbox 1437 2936 1502 3011; x_wconf 87' lang='lat' dir='ltr'>jam</span> <span class='ocrx_word' id='word_1_308' title='bbox 1517 2936 1607 2995; x_wconf 81' lang='lat' dir='ltr'>marl·</span> 
     </span>
     <span class='ocr_line' id='line_1_30' title="bbox 249 3020 1606 3101; baseline 0.004 -23"><span class='ocrx_word' id='word_1_309' title='bbox 249 3029 305 3095; x_wconf 88' lang='lat' dir='ltr'>tus,</span> <span class='ocrx_word' id='word_1_310' title='bbox 328 3021 402 3080; x_wconf 91' lang='lat' dir='ltr'>iorte</span> <span class='ocrx_word' id='word_1_311' title='bbox 425 3023 514 3080; x_wconf 89' lang='lat' dir='ltr'>ctiam</span> <span class='ocrx_word' id='word_1_312' title='bbox 529 3024 695 3097; x_wconf 81' lang='lat' dir='ltr'>agitaverat</span> <span class='ocrx_word' id='word_1_313' title='bbox 710 3024 819 3093; x_wconf 91' lang='lat' dir='ltr'>animo,</span> <span class='ocrx_word' id='word_1_314' title='bbox 842 3020 974 3081; x_wconf 88' lang='lat' dir='ltr'>habitare</span> <span class='ocrx_word' id='word_1_315' title='bbox 998 3022 1026 3078; x_wconf 94' lang='lat' dir='ltr'>in</span> <span class='ocrx_word' id='word_1_316' title='bbox 1042 3021 1197 3096; x_wconf 88' lang='lat' dir='ltr'>Nasareth,</span> <span class='ocrx_word' id='word_1_317' title='bbox 1221 3024 1299 3101; x_wconf 92' lang='lat' dir='ltr'>apud</span> <span class='ocrx_word' id='word_1_318' title='bbox 1316 3040 1442 3100; x_wconf 86' lang='lat' dir='ltr'>sponsae</span> <span class='ocrx_word' id='word_1_319' title='bbox 1458 3030 1606 3099; x_wconf 80' lang='lat' dir='ltr'>parentes.</span> 
     </span>
    </p>

    <p class='ocr_par' dir='ltr' id='par_1_3' title="bbox 247 3106 1606 3447">
     <span class='ocr_line' id='line_1_31' title="bbox 354 3106 1606 3185; baseline 0.002 -18"><span class='ocrx_word' id='word_1_320' title='bbox 354 3106 468 3181; x_wconf 87' lang='lat' dir='ltr'>ilabes,</span> <span class='ocrx_word' id='word_1_321' title='bbox 492 3126 569 3185; x_wconf 88' lang='lat' dir='ltr'>quae</span> <span class='ocrx_word' id='word_1_322' title='bbox 593 3118 695 3169; x_wconf 88' lang='lat' dir='ltr'>contra</span> <span class='ocrx_word' id='word_1_323' title='bbox 717 3108 874 3185; x_wconf 84' lang='lat' dir='ltr'>Epipimnii</span> <span class='ocrx_word' id='word_1_324' title='bbox 897 3110 1025 3169; x_wconf 87' lang='lat' dir='ltr'>rationes</span> <span class='ocrx_word' id='word_1_325' title='bbox 1048 3107 1084 3169; x_wconf 91' lang='lat' dir='ltr'>de</span> <span class='ocrx_word' id='word_1_326' title='bbox 1107 3110 1237 3169; x_wconf 89' lang='lat' dir='ltr'>biennali</span> <span class='ocrx_word' id='word_1_327' title='bbox 1260 3118 1358 3171; x_wconf 87' lang='lat' dir='ltr'>aetate</span> <span class='ocrx_word' id='word_1_328' title='bbox 1381 3108 1509 3181; x_wconf 86' lang='lat' dir='ltr'>Christi,</span> <span class='ocrx_word' id='word_1_329' title='bbox 1541 3126 1606 3171; x_wconf 89' lang='lat' dir='ltr'>cunt</span> 
     </span>
     <span class='ocr_line' id='line_1_32' title="bbox 248 3195 1605 3275; baseline 0.001 -21"><span class='ocrx_word' id='word_1_330' title='bbox 248 3195 371 3271; x_wconf 84' lang='lat' dir='ltr'>ingeret,</span> <span class='ocrx_word' id='word_1_331' title='bbox 396 3197 554 3273; x_wconf 87' lang='lat' dir='ltr'>excipiam,</span> <span class='ocrx_word' id='word_1_332' title='bbox 579 3204 777 3257; x_wconf 89' lang='lat' dir='ltr'>consentanca</span> <span class='ocrx_word' id='word_1_333' title='bbox 800 3199 849 3267; x_wconf 91' lang='lat' dir='ltr'>iis,</span> <span class='ocrx_word' id='word_1_334' title='bbox 872 3213 950 3271; x_wconf 85' lang='lat' dir='ltr'>quaa</span> <span class='ocrx_word' id='word_1_335' title='bbox 973 3197 1062 3255; x_wconf 91' lang='lat' dir='ltr'>etiam</span> <span class='ocrx_word' id='word_1_336' title='bbox 1085 3197 1231 3257; x_wconf 81' lang='lat' dir='ltr'>llaronius</span> <span class='ocrx_word' id='word_1_337' title='bbox 1254 3200 1371 3275; x_wconf 84' lang='lat' dir='ltr'>excipit.</span> <span class='ocrx_word' id='word_1_338' title='bbox 1417 3198 1481 3274; x_wconf 82' lang='lat' dir='ltr'>Age</span> <span class='ocrx_word' id='word_1_339' title='bbox 1507 3198 1605 3275; x_wconf 79' lang='lat' dir='ltr'>igitur,</span> 
     </span>
     <span class='ocr_line' id='line_1_33' title="bbox 247 3282 1606 3363; baseline 0.001 -20"><span class='ocrx_word' id='word_1_340' title='bbox 247 3283 462 3343; x_wconf 80' lang='lat' dir='ltr'>cardinalitium</span> <span class='ocrx_word' id='word_1_341' title='bbox 492 3286 668 3343; x_wconf 78' lang='lat' dir='ltr'>senitentiam</span> <span class='ocrx_word' id='word_1_342' title='bbox 696 3283 771 3345; x_wconf 84' lang='lat' dir='ltr'>inane</span> <span class='ocrx_word' id='word_1_343' title='bbox 801 3283 948 3360; x_wconf 84' lang='lat' dir='ltr'>indigeta,</span> <span class='ocrx_word' id='word_1_344' title='bbox 977 3284 1003 3341; x_wconf 91' lang='lat' dir='ltr'>si</span> <span class='ocrx_word' id='word_1_345' title='bbox 1031 3284 1104 3345; x_wconf 87' lang='lat' dir='ltr'>iorte</span> <span class='ocrx_word' id='word_1_346' title='bbox 1136 3283 1184 3345; x_wconf 86' lang='lat' dir='ltr'>rel</span> <span class='ocrx_word' id='word_1_347' title='bbox 1206 3304 1242 3347; x_wconf 86' lang='lat' dir='ltr'>er</span> <span class='ocrx_word' id='word_1_348' title='bbox 1266 3285 1322 3347; x_wconf 93' lang='lat' dir='ltr'>hoc</span> <span class='ocrx_word' id='word_1_349' title='bbox 1349 3287 1469 3345; x_wconf 90' lang='lat' dir='ltr'>nomine</span> <span class='ocrx_word' id='word_1_350' title='bbox 1493 3282 1606 3363; x_wconf 78' lang='lat' dir='ltr'>aliquid</span> 
     </span>
     <span class='ocr_line' id='line_1_34' title="bbox 248 3369 714 3447; baseline -0.002 -16"><span class='ocrx_word' id='word_1_351' title='bbox 248 3369 319 3431; x_wconf 90' lang='lat' dir='ltr'>mibi</span> <span class='ocrx_word' id='word_1_352' title='bbox 341 3370 492 3447; x_wconf 85' lang='lat' dir='ltr'>dignitatis</span> <span class='ocrx_word' id='word_1_353' title='bbox 515 3371 714 3431; x_wconf 87' lang='lat' dir='ltr'>adhaerescat.</span> 
     </span>
    </p>

    <p class='ocr_par' dir='ltr' id='par_1_4' title="bbox 247 3456 1634 4659">
     <span class='ocr_line' id='line_1_35' title="bbox 351 3456 1604 3536; baseline 0.003 -19"><span class='ocrx_word' id='word_1_354' title='bbox 351 3456 422 3517; x_wconf 85' lang='lat' dir='ltr'>lam</span> <span class='ocrx_word' id='word_1_355' title='bbox 444 3457 482 3516; x_wconf 90' lang='lat' dir='ltr'>ad</span> <span class='ocrx_word' id='word_1_356' title='bbox 507 3458 663 3518; x_wconf 79' lang='lat' dir='ltr'>Eusebium</span> <span class='ocrx_word' id='word_1_357' title='bbox 688 3460 768 3519; x_wconf 83' lang='lat' dir='ltr'>venit</span> <span class='ocrx_word' id='word_1_358' title='bbox 790 3465 892 3518; x_wconf 89' lang='lat' dir='ltr'>auctor</span> <span class='ocrx_word' id='word_1_359' title='bbox 914 3456 964 3517; x_wconf 90' lang='lat' dir='ltr'>iol.</span> <span class='ocrx_word' id='word_1_360' title='bbox 990 3462 1018 3531; x_wconf 81' lang='lat'>5,</span> <span class='ocrx_word' id='word_1_361' title='bbox 1043 3458 1108 3533; x_wconf 88' lang='lat' dir='ltr'>ejus</span> <span class='ocrx_word' id='word_1_362' title='bbox 1131 3460 1219 3519; x_wconf 89' lang='lat' dir='ltr'>etiam</span> <span class='ocrx_word' id='word_1_363' title='bbox 1243 3460 1411 3520; x_wconf 89' lang='lat' dir='ltr'>testimonio</span> <span class='ocrx_word' id='word_1_364' title='bbox 1432 3476 1487 3536; x_wconf 92' lang='lat' dir='ltr'>pro</span> <span class='ocrx_word' id='word_1_365' title='bbox 1511 3459 1604 3521; x_wconf 71' lang='lat' dir='ltr'>iulus</span> 
     </span>
     <span class='ocr_line' id='line_1_36' title="bbox 250 3545 1606 3623; baseline 0 -16"><span class='ocrx_word' id='word_1_366' title='bbox 250 3562 357 3607; x_wconf 77' lang='lat' dir='ltr'>murus</span> <span class='ocrx_word' id='word_1_367' title='bbox 387 3546 416 3603; x_wconf 97' lang='lat' dir='ltr'>in</span> <span class='ocrx_word' id='word_1_368' title='bbox 439 3546 705 3606; x_wconf 84' lang='lat' dir='ltr'>substructionibus</span> <span class='ocrx_word' id='word_1_369' title='bbox 727 3548 798 3605; x_wconf 88' lang='lat' dir='ltr'>suis.</span> <span class='ocrx_word' id='word_1_370' title='bbox 843 3545 999 3623; x_wconf 86' lang='lat' dir='ltr'>Nunquam</span> <span class='ocrx_word' id='word_1_371' title='bbox 1028 3554 1106 3605; x_wconf 85' lang='lat' dir='ltr'>reete</span> <span class='ocrx_word' id='word_1_372' title='bbox 1129 3546 1305 3622; x_wconf 89' lang='lat' dir='ltr'>cujusquam</span> <span class='ocrx_word' id='word_1_373' title='bbox 1328 3550 1531 3607; x_wconf 88' lang='lat' dir='ltr'>testimonium</span> <span class='ocrx_word' id='word_1_374' title='bbox 1554 3566 1606 3609; x_wconf 84' lang='lat' dir='ltr'>cr·</span> 
     </span>
     <span class='ocr_line' id='line_1_37' title="bbox 247 3632 1605 3711; baseline 0.001 -16"><span class='ocrx_word' id='word_1_375' title='bbox 247 3632 400 3711; x_wconf 91' lang='lat' dir='ltr'>penditur,</span> <span class='ocrx_word' id='word_1_376' title='bbox 429 3632 514 3710; x_wconf 85' lang='lat' dir='ltr'>cujus</span> <span class='ocrx_word' id='word_1_377' title='bbox 537 3635 665 3693; x_wconf 91' lang='lat' dir='ltr'>rationes</span> <span class='ocrx_word' id='word_1_378' title='bbox 687 3634 890 3711; x_wconf 86' lang='lat' dir='ltr'>negliguntur,</span> <span class='ocrx_word' id='word_1_379' title='bbox 918 3642 1092 3693; x_wconf 85' lang='lat' dir='ltr'>auctoresve</span> <span class='ocrx_word' id='word_1_380' title='bbox 1115 3649 1190 3709; x_wconf 89' lang='lat' dir='ltr'>quos</span> <span class='ocrx_word' id='word_1_381' title='bbox 1217 3644 1335 3693; x_wconf 88' lang='lat' dir='ltr'>secutus</span> <span class='ocrx_word' id='word_1_382' title='bbox 1357 3642 1411 3695; x_wconf 91' lang='lat' dir='ltr'>est.</span> <span class='ocrx_word' id='word_1_383' title='bbox 1457 3634 1605 3696; x_wconf 79' lang='lat' dir='ltr'>Eusebius</span> 
     </span>
     <span class='ocr_line' id='line_1_38' title="bbox 249 3722 1607 3801; baseline 0 -20"><span class='ocrx_word' id='word_1_384' title='bbox 249 3722 418 3781; x_wconf 75' lang='lat' dir='ltr'>hiricanum</span> <span class='ocrx_word' id='word_1_385' title='bbox 440 3730 589 3781; x_wconf 86' lang='lat' dir='ltr'>auctorem</span> <span class='ocrx_word' id='word_1_386' title='bbox 604 3740 657 3782; x_wconf 90' lang='lat' dir='ltr'>seu</span> <span class='ocrx_word' id='word_1_387' title='bbox 673 3724 772 3799; x_wconf 90' lang='lat' dir='ltr'>potius</span> <span class='ocrx_word' id='word_1_388' title='bbox 787 3729 1009 3780; x_wconf 87' lang='lat' dir='ltr'>monstratorem</span> <span class='ocrx_word' id='word_1_389' title='bbox 1032 3722 1136 3781; x_wconf 88' lang='lat' dir='ltr'>habuit</span> <span class='ocrx_word' id='word_1_390' title='bbox 1151 3723 1197 3781; x_wconf 89' lang='lat' dir='ltr'>eui</span> <span class='ocrx_word' id='word_1_391' title='bbox 1214 3724 1352 3799; x_wconf 89' lang='lat' dir='ltr'>computi,</span> <span class='ocrx_word' id='word_1_392' title='bbox 1378 3724 1407 3781; x_wconf 92' lang='lat' dir='ltr'>in</span> <span class='ocrx_word' id='word_1_393' title='bbox 1428 3738 1489 3799; x_wconf 77' lang='lat' dir='ltr'>otro</span> <span class='ocrx_word' id='word_1_394' title='bbox 1503 3740 1607 3801; x_wconf 73' lang='lat' dir='ltr'>paru·</span> 
     </span>
     <span class='ocr_line' id='line_1_39' title="bbox 247 3806 1607 3889; baseline 0.001 -20"><span class='ocrx_word' id='word_1_395' title='bbox 247 3808 361 3887; x_wconf 89' lang='lat' dir='ltr'>aliquid</span> <span class='ocrx_word' id='word_1_396' title='bbox 385 3808 531 3869; x_wconf 83' lang='lat' dir='ltr'>Eusebius</span> <span class='ocrx_word' id='word_1_397' title='bbox 561 3812 674 3869; x_wconf 90' lang='lat' dir='ltr'>censuit</span> <span class='ocrx_word' id='word_1_398' title='bbox 704 3808 912 3868; x_wconf 73' lang='lat' dir='ltr'>innovandum.</span> <span class='ocrx_word' id='word_1_399' title='bbox 958 3806 1008 3869; x_wconf 88' lang='lat' dir='ltr'>Sic</span> <span class='ocrx_word' id='word_1_400' title='bbox 1038 3812 1126 3885; x_wconf 85' lang='lat' dir='ltr'>igitur</span> <span class='ocrx_word' id='word_1_401' title='bbox 1150 3818 1281 3869; x_wconf 79' lang='lat' dir='ltr'>veteres:</span> <span class='ocrx_word' id='word_1_402' title='bbox 1311 3809 1445 3869; x_wconf 87' lang='lat' dir='ltr'>Christus</span> <span class='ocrx_word' id='word_1_403' title='bbox 1472 3814 1503 3869; x_wconf 92' lang='lat' dir='ltr'>ln</span> <span class='ocrx_word' id='word_1_404' title='bbox 1531 3812 1607 3889; x_wconf 84' lang='lat' dir='ltr'>bap·</span> 
     </span>
     <span class='ocr_line' id='line_1_40' title="bbox 248 3896 1607 3976; baseline 0.002 -18"><span class='ocrx_word' id='word_1_405' title='bbox 248 3900 334 3958; x_wconf 89' lang='lat' dir='ltr'>tismo</span> <span class='ocrx_word' id='word_1_406' title='bbox 357 3897 462 3957; x_wconf 91' lang='lat' dir='ltr'>habuit</span> <span class='ocrx_word' id='word_1_407' title='bbox 487 3914 581 3957; x_wconf 88' lang='lat' dir='ltr'>anuos</span> <span class='ocrx_word' id='word_1_408' title='bbox 604 3903 662 3976; x_wconf 80' lang='lat'>80,</span> <span class='ocrx_word' id='word_1_409' title='bbox 691 3897 857 3973; x_wconf 88' lang='lat' dir='ltr'>baptisatus</span> <span class='ocrx_word' id='word_1_410' title='bbox 887 3912 957 3955; x_wconf 83' lang='lat' dir='ltr'>vero</span> <span class='ocrx_word' id='word_1_411' title='bbox 987 3904 1033 3955; x_wconf 93' lang='lat' dir='ltr'>cst</span> <span class='ocrx_word' id='word_1_412' title='bbox 1061 3912 1139 3955; x_wconf 82' lang='lat' dir='ltr'>annuo</span> <span class='ocrx_word' id='word_1_413' title='bbox 1166 3903 1214 3959; x_wconf 83' lang='lat'>15.</span> <span class='ocrx_word' id='word_1_414' title='bbox 1239 3896 1368 3970; x_wconf 75' lang='lat' dir='ltr'>&#39;l&#39;iberii3</span> <span class='ocrx_word' id='word_1_415' title='bbox 1398 3898 1424 3955; x_wconf 88' lang='lat' dir='ltr'>si</span> <span class='ocrx_word' id='word_1_416' title='bbox 1453 3898 1542 3973; x_wconf 92' lang='lat' dir='ltr'>primi</span> <span class='ocrx_word' id='word_1_417' title='bbox 1567 3902 1607 3961; x_wconf 82' lang='lat' dir='ltr'>ib</span> 
     </span>
     <span class='ocr_line' id='line_1_41' title="bbox 247 3982 1607 4063; baseline 0.001 -18"><span class='ocrx_word' id='word_1_418' title='bbox 247 3988 317 4045; x_wconf 90' lang='lat' dir='ltr'>unni</span> <span class='ocrx_word' id='word_1_419' title='bbox 340 3984 451 4044; x_wconf 82' lang='lat' dir='ltr'>&#39;liberii</span> <span class='ocrx_word' id='word_1_420' title='bbox 474 3994 587 4063; x_wconf 89' lang='lat' dir='ltr'>partem</span> <span class='ocrx_word' id='word_1_421' title='bbox 602 3985 711 4044; x_wconf 89' lang='lat' dir='ltr'>iaciunt</span> <span class='ocrx_word' id='word_1_422' title='bbox 727 4001 868 4044; x_wconf 90' lang='lat' dir='ltr'>annorum</span> <span class='ocrx_word' id='word_1_423' title='bbox 885 3982 988 4042; x_wconf 91' lang='lat' dir='ltr'>horum</span> <span class='ocrx_word' id='word_1_424' title='bbox 1006 3990 1057 4055; x_wconf 80' lang='lat'>30,</span> <span class='ocrx_word' id='word_1_425' title='bbox 1081 4000 1151 4059; x_wconf 85' lang='lat' dir='ltr'>crgo</span> <span class='ocrx_word' id='word_1_426' title='bbox 1167 3993 1279 4061; x_wconf 87' lang='lat' dir='ltr'>partem</span> <span class='ocrx_word' id='word_1_427' title='bbox 1295 3984 1418 4045; x_wconf 89' lang='lat' dir='ltr'>aiteram</span> <span class='ocrx_word' id='word_1_428' title='bbox 1433 3994 1464 4043; x_wconf 87' lang='lat' dir='ltr'>et</span> <span class='ocrx_word' id='word_1_429' title='bbox 1479 3988 1607 4061; x_wconf 77' lang='lat' dir='ltr'>priorem</span> 
     </span>
     <span class='ocr_line' id='line_1_42' title="bbox 250 4071 1634 4149; baseline -0.001 -16"><span class='ocrx_word' id='word_1_430' title='bbox 250 4083 397 4148; x_wconf 89' lang='lat' dir='ltr'>occttpant</span> <span class='ocrx_word' id='word_1_431' title='bbox 419 4074 514 4132; x_wconf 85' lang='lat' dir='ltr'>uitiari</span> <span class='ocrx_word' id='word_1_432' title='bbox 539 4078 577 4133; x_wconf 75' lang='lat'>15</span> <span class='ocrx_word' id='word_1_433' title='bbox 602 4073 739 4149; x_wconf 80' lang='lat' dir='ltr'>Augusti.</span> <span class='ocrx_word' id='word_1_434' title='bbox 779 4072 820 4130; x_wconf 81' lang='lat' dir='ltr'>ht</span> <span class='ocrx_word' id='word_1_435' title='bbox 843 4074 998 4147; x_wconf 81' lang='lat' dir='ltr'>imperavit</span> <span class='ocrx_word' id='word_1_436' title='bbox 1014 4071 1166 4145; x_wconf 84' lang='lat' dir='ltr'>Augustus</span> <span class='ocrx_word' id='word_1_437' title='bbox 1189 4090 1283 4132; x_wconf 91' lang='lat' dir='ltr'>annos</span> <span class='ocrx_word' id='word_1_438' title='bbox 1308 4074 1358 4143; x_wconf 82' lang='lat' dir='ltr'>bi,</span> <span class='ocrx_word' id='word_1_439' title='bbox 1382 4074 1497 4132; x_wconf 82' lang='lat' dir='ltr'>exactis</span> <span class='ocrx_word' id='word_1_440' title='bbox 1521 4074 1634 4149; x_wconf 82' lang='lat' dir='ltr'>igituir·-</span> 
     </span>
     <span class='ocr_line' id='line_1_43' title="bbox 250 4158 1607 4235; baseline -0.001 -15"><span class='ocrx_word' id='word_1_441' title='bbox 250 4166 290 4220; x_wconf 77' lang='lat'>42</span> <span class='ocrx_word' id='word_1_442' title='bbox 314 4170 402 4220; x_wconf 91' lang='lat' dir='ltr'>uatus</span> <span class='ocrx_word' id='word_1_443' title='bbox 425 4169 470 4219; x_wconf 90' lang='lat' dir='ltr'>est</span> <span class='ocrx_word' id='word_1_444' title='bbox 492 4160 636 4220; x_wconf 87' lang='lat' dir='ltr'>Christus.</span> <span class='ocrx_word' id='word_1_445' title='bbox 682 4160 725 4217; x_wconf 83' lang='lat' dir='ltr'>En</span> <span class='ocrx_word' id='word_1_446' title='bbox 749 4158 856 4235; x_wconf 86' lang='lat' dir='ltr'>quibua</span> <span class='ocrx_word' id='word_1_447' title='bbox 879 4176 915 4218; x_wconf 89' lang='lat' dir='ltr'>ex</span> <span class='ocrx_word' id='word_1_448' title='bbox 938 4160 1088 4235; x_wconf 86' lang='lat' dir='ltr'>principiis</span> <span class='ocrx_word' id='word_1_449' title='bbox 1110 4168 1197 4218; x_wconf 84' lang='lat' dir='ltr'>excat</span> <span class='ocrx_word' id='word_1_450' title='bbox 1222 4162 1273 4220; x_wconf 71' lang='lat' dir='ltr'>i‘z.</span> <span class='ocrx_word' id='word_1_451' title='bbox 1298 4160 1434 4235; x_wconf 79' lang='lat' dir='ltr'>Augusti.</span> <span class='ocrx_word' id='word_1_452' title='bbox 1473 4158 1607 4221; x_wconf 83' lang='lat' dir='ltr'>Reiluuli</span> 
     </span>
     <span class='ocr_line' id='line_1_44' title="bbox 249 4244 1608 4321; baseline -0.001 -13"><span class='ocrx_word' id='word_1_453' title='bbox 249 4247 328 4308; x_wconf 91' lang='lat' dir='ltr'>bunc</span> <span class='ocrx_word' id='word_1_454' title='bbox 351 4248 477 4321; x_wconf 84' lang='lat' dir='ltr'>hugusti</span> <span class='ocrx_word' id='word_1_455' title='bbox 507 4265 618 4307; x_wconf 88' lang='lat' dir='ltr'>annum</span> <span class='ocrx_word' id='word_1_456' title='bbox 644 4248 790 4307; x_wconf 84' lang='lat' dir='ltr'>Eusebius</span> <span class='ocrx_word' id='word_1_457' title='bbox 821 4245 919 4321; x_wconf 85' lang='lat' dir='ltr'>quoad</span> <span class='ocrx_word' id='word_1_458' title='bbox 950 4264 1118 4319; x_wconf 89' lang='lat' dir='ltr'>numerum,</span> <span class='ocrx_word' id='word_1_459' title='bbox 1149 4249 1335 4307; x_wconf 84' lang='lat' dir='ltr'>nativitatem</span> <span class='ocrx_word' id='word_1_460' title='bbox 1365 4256 1465 4305; x_wconf 84' lang='lat' dir='ltr'>tamen</span> <span class='ocrx_word' id='word_1_461' title='bbox 1500 4244 1608 4307; x_wconf 77' lang='lat' dir='ltr'>chisti</span> 
     </span>
     <span class='ocr_line' id='line_1_45' title="bbox 249 4332 1608 4407; baseline -0.001 -12"><span class='ocrx_word' id='word_1_462' title='bbox 249 4336 345 4395; x_wconf 87' lang='lat' dir='ltr'>scrius</span> <span class='ocrx_word' id='word_1_463' title='bbox 366 4334 492 4394; x_wconf 92' lang='lat' dir='ltr'>collocat</span> <span class='ocrx_word' id='word_1_464' title='bbox 514 4351 572 4394; x_wconf 93' lang='lat' dir='ltr'>uno</span> <span class='ocrx_word' id='word_1_465' title='bbox 596 4351 683 4396; x_wconf 87' lang='lat' dir='ltr'>unna.</span> <span class='ocrx_word' id='word_1_466' title='bbox 715 4334 790 4393; x_wconf 86' lang='lat' dir='ltr'>Nam</span> <span class='ocrx_word' id='word_1_467' title='bbox 814 4351 880 4392; x_wconf 92' lang='lat' dir='ltr'>cum</span> <span class='ocrx_word' id='word_1_468' title='bbox 903 4341 1017 4393; x_wconf 84' lang='lat' dir='ltr'>veteres</span> <span class='ocrx_word' id='word_1_469' title='bbox 1039 4344 1174 4393; x_wconf 86' lang='lat' dir='ltr'>exactum</span> <span class='ocrx_word' id='word_1_470' title='bbox 1190 4334 1402 4395; x_wconf 84' lang='lat' dir='ltr'>intellexissent</span> <span class='ocrx_word' id='word_1_471' title='bbox 1420 4338 1471 4395; x_wconf 78' lang='lat'>15.</span> <span class='ocrx_word' id='word_1_472' title='bbox 1488 4332 1608 4407; x_wconf 79' lang='lat' dir='ltr'>Tiberii.</span> 
     </span>
     <span class='ocr_line' id='line_1_46' title="bbox 250 4420 1609 4499; baseline -0.001 -16"><span class='ocrx_word' id='word_1_473' title='bbox 250 4430 414 4483; x_wconf 90' lang='lat' dir='ltr'>currentem</span> <span class='ocrx_word' id='word_1_474' title='bbox 437 4422 583 4483; x_wconf 83' lang='lat' dir='ltr'>Eusebius</span> <span class='ocrx_word' id='word_1_475' title='bbox 605 4424 769 4499; x_wconf 87' lang='lat' dir='ltr'>usurpavit.</span> <span class='ocrx_word' id='word_1_476' title='bbox 815 4420 852 4479; x_wconf 77' lang='lat' dir='ltr'>lit</span> <span class='ocrx_word' id='word_1_477' title='bbox 874 4437 940 4480; x_wconf 92' lang='lat' dir='ltr'>cum</span> <span class='ocrx_word' id='word_1_478' title='bbox 964 4421 1006 4479; x_wconf 91' lang='lat' dir='ltr'>illi</span> <span class='ocrx_word' id='word_1_479' title='bbox 1028 4438 1122 4481; x_wconf 77' lang='lat' dir='ltr'>aranos</span> <span class='ocrx_word' id='word_1_480' title='bbox 1144 4424 1258 4498; x_wconf 89' lang='lat' dir='ltr'>imperii</span> <span class='ocrx_word' id='word_1_481' title='bbox 1274 4422 1401 4499; x_wconf 83' lang='lat' dir='ltr'>Augusti</span> <span class='ocrx_word' id='word_1_482' title='bbox 1425 4422 1609 4481; x_wconf 63' lang='lat' dir='ltr'>centul-d</span> 
     </span>
     <span class='ocr_line' id='line_1_47' title="bbox 250 4506 1610 4587; baseline -0.002 -16"><span class='ocrx_word' id='word_1_483' title='bbox 250 4528 270 4571; x_wconf 93' lang='lat' dir='ltr'>a</span> <span class='ocrx_word' id='word_1_484' title='bbox 294 4508 384 4570; x_wconf 86' lang='lat' dir='ltr'>caede</span> <span class='ocrx_word' id='word_1_485' title='bbox 407 4508 496 4585; x_wconf 86' lang='lat' dir='ltr'>Jniii,</span> <span class='ocrx_word' id='word_1_486' title='bbox 520 4510 666 4571; x_wconf 79' lang='lat' dir='ltr'>Eusebius</span> <span class='ocrx_word' id='word_1_487' title='bbox 688 4526 766 4571; x_wconf 94' lang='lat' dir='ltr'>anno</span> <span class='ocrx_word' id='word_1_488' title='bbox 789 4510 934 4586; x_wconf 85' lang='lat' dir='ltr'>posterius</span> <span class='ocrx_word' id='word_1_489' title='bbox 957 4508 1023 4569; x_wconf 91' lang='lat' dir='ltr'>iilos</span> <span class='ocrx_word' id='word_1_490' title='bbox 1046 4510 1160 4587; x_wconf 89' lang='lat' dir='ltr'>incipit,</span> <span class='ocrx_word' id='word_1_491' title='bbox 1187 4530 1206 4569; x_wconf 91' lang='lat' dir='ltr'>a</span> <span class='ocrx_word' id='word_1_492' title='bbox 1228 4508 1318 4570; x_wconf 89' lang='lat' dir='ltr'>caede</span> <span class='ocrx_word' id='word_1_493' title='bbox 1342 4508 1498 4569; x_wconf 82' lang='lat' dir='ltr'>corttuium</span> <span class='ocrx_word' id='word_1_494' title='bbox 1522 4506 1610 4569; x_wconf 84' lang='lat' dir='ltr'>llirtll</span> 
     </span>
     <span class='ocr_line' id='line_1_48' title="bbox 251 4598 431 4659; baseline -0.011 0"><span class='ocrx_word' id='word_1_495' title='bbox 251 4608 281 4659; x_wconf 92' lang='lat' dir='ltr'>et</span> <span class='ocrx_word' id='word_1_496' title='bbox 304 4598 431 4657; x_wconf 87' lang='lat' dir='ltr'>Pansae.</span> 
     </span>
    </p>

    <p class='ocr_par' dir='ltr' id='par_1_5' title="bbox 251 4682 1611 4939">
     <span class='ocr_line' id='line_1_49' title="bbox 356 4682 1610 4761; baseline 0 -16"><span class='ocrx_word' id='word_1_497' title='bbox 356 4683 443 4759; x_wconf 88' lang='lat' dir='ltr'>Quod</span> <span class='ocrx_word' id='word_1_498' title='bbox 465 4702 574 4745; x_wconf 89' lang='lat' dir='ltr'>annum</span> <span class='ocrx_word' id='word_1_499' title='bbox 596 4682 723 4747; x_wconf 91' lang='lat' dir='ltr'>llerodis</span> <span class='ocrx_word' id='word_1_500' title='bbox 745 4686 867 4757; x_wconf 91' lang='lat' dir='ltr'>attinet,</span> <span class='ocrx_word' id='word_1_501' title='bbox 898 4692 977 4745; x_wconf 91' lang='lat' dir='ltr'>recte</span> <span class='ocrx_word' id='word_1_502' title='bbox 1006 4692 1106 4745; x_wconf 91' lang='lat' dir='ltr'>monet</span> <span class='ocrx_word' id='word_1_503' title='bbox 1130 4682 1289 4761; x_wconf 82' lang='lat' dir='ltr'>Lydiatus,</span> <span class='ocrx_word' id='word_1_504' title='bbox 1319 4684 1517 4761; x_wconf 87' lang='lat' dir='ltr'>transpositos</span> <span class='ocrx_word' id='word_1_505' title='bbox 1545 4697 1610 4745; x_wconf 80' lang='lat' dir='ltr'>erut</span> 
     </span>
     <span class='ocr_line' id='line_1_50' title="bbox 251 4770 1611 4845; baseline 0 -14"><span class='ocrx_word' id='word_1_506' title='bbox 251 4789 389 4833; x_wconf 92' lang='lat' dir='ltr'>numeros</span> <span class='ocrx_word' id='word_1_507' title='bbox 411 4774 441 4831; x_wconf 91' lang='lat' dir='ltr'>iu</span> <span class='ocrx_word' id='word_1_508' title='bbox 464 4772 607 4845; x_wconf 79' lang='lat' dir='ltr'>Eusebio,</span> <span class='ocrx_word' id='word_1_509' title='bbox 639 4782 741 4834; x_wconf 84' lang='lat' dir='ltr'>contra</span> <span class='ocrx_word' id='word_1_510' title='bbox 763 4782 890 4833; x_wconf 91' lang='lat' dir='ltr'>mentem</span> <span class='ocrx_word' id='word_1_511' title='bbox 912 4774 1049 4833; x_wconf 86' lang='lat' dir='ltr'>auctoris.</span> <span class='ocrx_word' id='word_1_512' title='bbox 1094 4771 1170 4831; x_wconf 87' lang='lat' dir='ltr'>Nam</span> <span class='ocrx_word' id='word_1_513' title='bbox 1194 4778 1223 4831; x_wconf 74' lang='lat'>2.</span> <span class='ocrx_word' id='word_1_514' title='bbox 1248 4772 1330 4830; x_wconf 89' lang='lat' dir='ltr'>Darii</span> <span class='ocrx_word' id='word_1_515' title='bbox 1355 4782 1400 4831; x_wconf 85' lang='lat' dir='ltr'>cst</span> <span class='ocrx_word' id='word_1_516' title='bbox 1424 4770 1611 4833; x_wconf 73' lang='lat' dir='ltr'>Eusebium</span> 
     </span>
     <span class='ocr_line' id='line_1_51' title="bbox 255 4856 1611 4939; baseline 0 -18"><span class='ocrx_word' id='word_1_517' title='bbox 255 4866 349 4921; x_wconf 77' lang='lat' dir='ltr'>itti.</span> <span class='ocrx_word' id='word_1_518' title='bbox 379 4858 475 4923; x_wconf 86' lang='lat' dir='ltr'>Jubtt</span> <span class='ocrx_word' id='word_1_519' title='bbox 488 4862 579 4939; x_wconf 82' lang='lat' dir='ltr'>igitur</span> <span class='ocrx_word' id='word_1_520' title='bbox 592 4860 750 4937; x_wconf 75' lang='lat' dir='ltr'>Eusebius,</span> <span class='ocrx_word' id='word_1_521' title='bbox 771 4876 924 4923; x_wconf 84' lang='lat' dir='ltr'>numerare</span> <span class='ocrx_word' id='word_1_522' title='bbox 948 4864 1010 4923; x_wconf 75' lang='lat'>48³</span> <span class='ocrx_word' id='word_1_523' title='bbox 1033 4876 1127 4921; x_wconf 84' lang='lat' dir='ltr'>annos</span> <span class='ocrx_word' id='word_1_524' title='bbox 1148 4876 1186 4923; x_wconf 86' lang='lat' dir='ltr'>cx</span> <span class='ocrx_word' id='word_1_525' title='bbox 1207 4858 1362 4938; x_wconf 88' lang='lat' dir='ltr'>prophetia</span> <span class='ocrx_word' id='word_1_526' title='bbox 1376 4857 1534 4937; x_wconf 73' lang='lat' dir='ltr'>lianielirt</span> <span class='ocrx_word' id='word_1_527' title='bbox 1554 4856 1611 4921; x_wconf 78' lang='lat' dir='ltr'>ad·</span> 
     </span>
    </p>
   </div>
   <div class='ocr_carea' id='block_1_3' title="bbox 0 0 1669 5534">
    <p class='ocr_par' dir='ltr' id='par_1_6' title="bbox 0 0 1669 5534">
     <span class='ocr_line' id='line_1_52' title="bbox 0 0 1669 5534; baseline 0 0"><span class='ocrx_word' id='word_1_528' title='bbox 0 0 1669 5534; x_wconf 95' lang='lat' dir='ltr'> </span> 
     </span>
    </p>
   </div>
  </div>
 </body>
</html>
