3308 5534
158 393 224 465 768
672 367 1043 461 vastassentque(

262 568 340 637 Quae
356 566 451 623 insunt
468 563 513 623 his
526 564 639 635 Kepleri
650 563 737 622 literis
755 566 936 637 gravioribus,
953 566 1053 637 quibus
1071 566 1186 637 propius
1198 565 1258 621 adit
1271 564 1309 622 ad
1321 562 1496 637 mustiones

158 673 231 728 snas,
250 656 381 728 leguntur
397 654 449 711 roi.
469 654 518 712 ill.
537 672 564 725 p.
583 656 618 711 56
630 670 681 723 ss.;
701 655 754 711 suh
771 655 853 713 mam
871 656 942 728 petit
960 672 978 711 a
994 654 1150 721 Maestline,
1169 660 1202 711 ut
1219 652 1359 710 menium
1374 652 1498 709 anomalia·

158 762 220 801 rum
238 742 409 813 planetamm
426 743 455 797 in
474 756 504 798 se
523 741 667 813 suscipiat:
688 758 795 816 ,spera
813 745 911 815 inquit,
931 743 1064 815 quidquid
1082 743 1185 801 laboris
1204 740 1336 812 hoccrit,
1351 738 1501 811 comparui

155 836 266 905 posse“.
301 831 466 888 hlaestiinus
483 846 549 887 sero
567 831 667 888 iterum
687 832 834 905 obmutuit;
858 848 930 891 anno
949 832 1056 890 demum
1075 832 1154 890 1010.
1173 831 1323 902 proximae
1344 830 1403 901 eiua
1418 844 1499 885 ocurr-

156 924 221 977 rnnt
238 919 342 978 literae.
997 920 1003 933 ¹

259 1017 432 1074 Matthias
455 1016 730 1076 Haienreiierus
754 1017 835 1075 initio
859 1018 924 1075 anni
949 1019 1018 1075 isos
1035 1016 1161 1087 'lubinga
1188 1017 1261 1075 baec
1286 1014 1365 1073 dedit
1385 1010 1500 1085 Kepha:

157 1104 235 1173 ,Vidi
253 1110 281 1161 et
297 1105 352 1176 legi
369 1106 549 1175 cogitationes
567 1113 629 1163 tuas
648 1106 683 1163 de
700 1105 784 1163 steila
801 1121 888 1177 nera,
914 1121 986 1175 qnae
1003 1104 1089 1161 multo
1112 1106 1180 1162 mihi
1195 1103 1416 1175 jucundissime
1430 1102 1499 1163 infit

155 1194 228 1264 quod
246 1210 308 1250 eum
325 1209 388 1250 mea
403 1194 575 1265 Epiphanius
594 1195 726 1251 concione
748 1195 777 1250 in
794 1201 897 1266 puncto
916 1192 1087 1250 difficultatis
1106 1193 1248 1250 divinandi
1270 1192 1434 1249 eremum
1451 1204 1500 1245 ern

155 1281 291 1351 gmabant
309 1282 364 1350 (cir.
383 1283 434 1337 roi.
453 1287 475 1340 i.
493 1300 521 1350 p.
537 1286 610 1353 dio).
646 1282 783 1338 Proximis
805 1283 937 1339 insecutis
961 1281 1058 1337 diebus
1082 1281 1137 1337 vidi
1154 1280 1263 1337 incluto
1282 1278 1396 1337 scholae
1411 1276 1498 1333 amin

155 1368 248 1424 offerri
265 1369 406 1438 exemplar
424 1369 653 1440 Paralipomenon
675 1371 703 1426 in
720 1370 897 1427 Vitellionem
920 1374 950 1425 et
966 1368 1047 1425 simul
1070 1369 1162 1426 audiri
1185 1368 1285 1425 literas
1309 1365 1419 1423 recturi
1431 1360 1498 1421 ea&

153 1473 238 1513 causa
254 1464 382 1513 armatas
401 1459 438 1530 (r.
457 1474 479 1515 s.
498 1476 525 1528 p.
544 1459 617 1526 759).
652 1459 696 1514 Ad
718 1457 782 1514 illas
805 1458 915 1528 quidem
937 1465 1044 1527 grutam
1066 1464 1183 1513 sendus
1209 1456 1384 1512 voluntatem
1399 1450 1496 1507 lema

152 1554 231 1601 turus
249 1547 284 1603 D.
302 1546 404 1601 Rector
426 1547 604 1615 respondebit
627 1553 679 1604 ete.
713 1549 789 1617 (Vide
806 1548 856 1604 rol.
876 1550 909 1600 11.
931 1565 958 1615 p.
976 1552 1024 1617 34,
1051 1551 1096 1599 ubi
1113 1550 1194 1599 otiam
1217 1544 1396 1613 deprehendas
1415 1540 1495 1593 aaut

152 1635 239 1686 literas
256 1635 343 1685 illdem
362 1637 393 1685 da
411 1634 505 1701 Optica
522 1636 644 1703 wantos.)

255 1728 336 1783 Anno
354 1728 425 1785 1604
448 1728 550 1785 adiisse
568 1731 717 1802 KepIerum
742 1732 876 1789 medicum
894 1731 1136 1788 Kanibnmensem
1159 1728 1206 1785 lo.
1225 1727 1261 1784 G.
1280 1727 1493 1797 Brenggerar.

153 1814 283 1882 adjuncto
301 1814 373 1871 iorte
391 1831 474 1886 opere
493 1816 527 1872 de
545 1815 652 1891 Optlca,
669 1833 705 1876 er
723 1819 767 1875 his
778 1820 929 1889 Brenggeri
946 1818 1036 1877 verbis
1055 1819 1160 1875 einoet:
1175 1855 1275 1873 .....
1296 1815 1423 1881 ,Amicus
1437 1824 1492 1867 ιιι

152 1904 191 1960 ld.
208 1904 373 1960 PraebIerns
391 1904 589 1963 humanitatem
606 1913 682 1964 mam
700 1907 770 1965 adeo
789 1906 966 1978 praedicarit,
985 1915 1017 1963 ut
1034 1906 1211 1973 decreverim,
1227 1903 1344 1960 tandem
1361 1896 1491 1971 dtqriiri

153 1999 183 2047 te
199 1991 276 2049 dare.
313 1991 368 2048 Sed
386 2008 450 2049 ecoe
468 2000 565 2065 optate
583 2012 657 2052 nnnc
675 1995 804 2054 advolant
820 1996 919 2053 literne
935 2002 1015 2065 tuae,
1033 2010 1106 2066 quae
1123 2010 1180 2063 qno
1198 1993 1292 2048 mium
1310 2008 1328 2049 a
1344 2004 1389 2047 rue
1404 2002 1491 2059 caspar

151 2086 226 2137 tatae
244 2096 277 2137 eo
296 2081 430 2152 gratiores
448 2081 515 2137 mihi
533 2083 699 2153 obtigerunt
725 2084 822 2157 Video,
840 2092 869 2141 ta
886 2083 973 2140 libere
984 2082 1176 2154 philosophari
1193 2089 1223 2137 et
1241 2095 1335 2137 rerum
1351 2076 1488 2135 mtunl'·

151 2183 249 2225 causas
272 2183 307 2225 ex
324 2169 392 2240 ipsis
411 2171 525 2227 rationis
548 2170 669 2230 fontibus
692 2174 797 2245 potius,
821 2189 904 2242 qnam
927 2188 961 2227 ex
985 2173 1138 2242 priscorum
1161 2167 1395 2240 philosophorum
1410 2160 1487 2231 riteh

151 2276 346 2330 nonnunquam
368 2262 497 2334 turbidis,
523 2260 634 2318 haurire
659 2260 836 2317 constituisse
855 2266 924 2316 etc!
969 2259 1099 2316 Pluribus
1120 2259 1179 2328 J'arn
1202 2256 1262 2327 agit
1285 2246 1487 2323 Brennum&

150 2349 257 2418 optiois,
275 2349 309 2404 de
327 2350 388 2405 ioco
406 2350 532 2420 imaginis
550 2366 599 2420 per
622 2348 799 2405 reflexionem
817 2349 990 2420 apparentis,
1014 2348 1048 2404 de
1066 2347 1188 2418 speculis
1210 2345 1317 2417 plania,
1339 2340 1485 2401 conruit

150 2436 286 2504 macaris,
306 2437 340 2493 de
357 2436 569 2494 retractionibus
588 2438 767 2506 (Batamrnm
785 2437 1003 2493 observationem
1021 2435 1160 2509 explicare
1178 2432 1299 2503 studet),
1317 2432 1352 2488 de
1368 2430 1435 2499 iane,
1447 2436 1484 2483 n

150 2522 289 2593 pasculis,
308 2525 380 2581 aeris
401 2526 535 2595 pondere,
562 2524 597 2580 de
615 2523 696 2581 stella
712 2538 785 2580 nora
801 2530 853 2580 etc.
884 2524 1004 2593 (Literna
1022 2522 1104 2578 datae
1120 2531 1187 2580 sunt
1204 2521 1233 2579 d.
1254 2523 1299 2578 10.
1316 2519 1381 2576 dara
1400 2516 1484 2573 ind·

149 2613 280 2684 integrae,
299 2613 370 2669 sicut
387 2613 499 2682 Kepieri
517 2613 669 2682 responsio,
689 2611 715 2668 d.
734 2611 760 2668 d
780 2612 967 2682 rainoardi,
985 2610 1115 2683 leguntur
1132 2610 1188 2667 rei.
1200 2610 1235 2665 11.
1255 2624 1355 2678 apag.
1367 2607 1399 2663 di
1410 2600 1483 2661 alto

150 2700 195 2753 Ex
213 2700 266 2756 hac
284 2699 397 2770 lieplcri
421 2701 601 2770 responsione
626 2700 696 2755 baec
719 2706 825 2755 tantum
844 2698 891 2755 hio
907 2699 1057 2769 repetenda
1081 2699 1256 2767 censuimus,
1280 2696 1383 2765 quibua
1405 2688 1481 2747 iffi

149 2785 383 2843 iecitiiterarum:
407 2783 569 2844 Plurimum
593 2803 640 2845 me
664 2784 846 2844 delectarunt
868 2792 937 2844 tuae
959 2784 1072 2855 literae,
1093 2799 1161 2842 cum
1183 2788 1306 2858 propter
1326 2777 1389 2839 alia
1406 2772 1482 2841 Ιώ

149 2880 212 2932 tum
228 2873 354 2932 maxime
378 2871 458 2949 quod
471 2872 638 2934 libertatem
653 2874 683 2931 in
699 2871 876 2949 philosopho
900 2878 1053 2950 tantopere
1068 2868 1270 2930 commendas
1298 2864 1381 2926 Nihil
1392 2872 1483 2943 potua

150 2961 245 3037 magis
267 2960 307 3020 ad
329 2978 424 3021 meam
447 2961 622 3020 seutentiam
645 2959 873 3037 exprimendam,
897 2975 966 3019 nam
989 2969 1090 3019 eontra
1111 2957 1302 3017 adremarios
1316 2954 1404 3030 huius
1422 2948 1483 3009 Η·

149 3051 205 3107 tuti
228 3065 266 3108 ne
295 3047 504 3125 disputandum
533 3048 651 3124 quidem
681 3064 796 3108 censeo.
841 3045 901 3108 Sed
923 3048 953 3108 'et
981 3048 1148 3107 necemaria
1179 3052 1226 3105 est
1255 3040 1482 3104 moderatior·

149 3134 237 3209 dicta,
259 3153 297 3196 ne
318 3134 405 3197 liberi
427 3153 492 3196 esse
515 3135 615 3209 veiint,
641 3144 715 3210 qnos
737 3141 844 3195 natura
865 3151 968 3194 serres
989 3135 1110 3207 crearit,
1133 3150 1192 3193 neu
1214 3131 1340 3192 libertas
1361 3129 1434 3205 insit
1450 3136 1481 3181 Ι·

148 3232 231 3299 repta
252 3223 421 3283 rebellionis
444 3225 650 3298 convincatur,
673 3229 718 3283 est
739 3222 845 3283 modus
867 3226 896 3281 in
919 3221 1016 3296 rebus,
1040 3237 1094 3282 nec
1116 3238 1183 3281 raro
1206 3236 1266 3279 usu
1290 3218 1388 3291 vemt,
1407 3224 1437 3275 nt
1452 3212 1480 3269 ‘¹-

149 3313 343 3387 tempernntia
372 3309 530 3371 festinandi
562 3312 809 3371 existimationem
838 3319 968 3371 nostram
997 3312 1165 3387 prostituat.
1219 3307 1371 3385 Papertns
1396 3302 1480 3379 im
1523 3298 1527 3315 '

149 3396 242 3458 muita
264 3401 419 3459 mussitesi
441 3416 557 3459 meeum
580 3397 745 3459 diutissime
768 3406 869 3459 conha
890 3399 1112 3474 antiquitatem,
1141 3412 1222 3473 quae
1245 3405 1404 3473 postqum
1422 3384 1480 3449 Η·

150 3485 278 3560 querci
300 3489 376 3547 serio
399 3505 418 3547 a
441 3505 487 3547 me
510 3487 565 3546 sub
588 3488 711 3547 rationis
734 3484 864 3547 calculos
879 3492 986 3546 vocata
1007 3485 1098 3559 iuere,
1122 3483 1170 3544 sel
1187 3491 1324 3563 tempore
1338 3486 1480 3541 maim

149 3572 332 3650 deprehensa
358 3583 428 3634 sunt
456 3575 618 3636 verissima.
671 3576 769 3652 Atque
797 3573 828 3633 id
849 3575 960 3651 passim
990 3574 1020 3632 in
1041 3588 1108 3633 mee
1131 3589 1238 3649 opere,
1271 3556 1479 3657 praecipuast

148 3659 250 3735 linem,
284 3679 348 3721 sum
379 3663 455 3722 uitro
483 3663 579 3722 lassus
603 3665 651 3734 (ΙΙ.
671 3666 746 3733 381).
797 3662 910 3721 Vitium
937 3678 1008 3721 sane
1038 3660 1110 3720 mihi
1136 3669 1286 3735 agnatum
1314 3668 1345 3720 et
1370 3652 1478 3717 cerv

150 3749 342 3809 ratiocinandi
371 3766 470 3811 comes
493 3749 672 3810 individuus.
717 3749 752 3807 in
774 3752 928 3811 sententiis
958 3747 1077 3826 quidem
1099 3756 1236 3809 veterum
1262 3744 1399 3808 taxandis
1415 3732 1477 3799 iifl·

149 3835 217 3896 dum
231 3838 349 3897 invenio
366 3855 445 3899 ame
461 3845 615 3914 peccatum
631 3839 659 3895 in
676 3834 792 3914 Optica,
815 3836 869 3897 sed
886 3845 984 3897 umen
1000 3836 1082 3898 deest
1097 3835 1251 3896 sulliciens
1265 3844 1397 3896 retem
1407 3826 1475 3889 hait

253 3945 349 4000 hienae
365 3945 515 4000 Februario
534 3947 644 4017 scripsit
661 3946 766 4015 Argius
787 3945 1069 4016 christophorus
1088 3946 1281 4016 Heydnnus
1298 3944 1336 4001 ad
1353 3936 1474 4011 Regin

146 4034 270 4089 maximis
288 4032 365 4089 iilum
383 4034 511 4091 laudibus
530 4049 644 4104 ornans,
664 4036 772 4105 quaerit
789 4033 824 4089 de
841 4050 913 4091 nora
930 4033 1024 4102 steila,
1049 4035 1083 4090 de
1101 4035 1200 4089 Lunae
1224 4034 1339 4089 mentia
1353 4022 1473 4105 Trffl

146 4130 175 4177 et
192 4121 349 4191 astrologia,
368 4121 448 4177 simui
473 4124 556 4178 rerba
574 4122 640 4178 iacit
658 4122 693 4178 de
713 4123 835 4189 ,menda
853 4125 981 4194 liartis“‚
1000 4138 1083 4192 qnam
1103 4122 1243 4188 ,numeris
1262 4122 1323 4179 suia
1339 4114 1471 4177 abael&

145 4208 304 4279 propediem
326 4208 466 4278 pollicitus
488 4210 524 4264 sit
541 4209 686 4279 Kepierus.
726 4212 881 4282 Responsio
899 4212 1011 4282 liepieri
1034 4211 1079 4280 (de
1101 4211 1187 4267 rebus
1209 4207 1390 4281 asuoiogidtl
1407 4204 1470 4257 ⁶¹¹

146 4295 286 4364 solip.
306 4297 411 4352 hillae.
447 4297 490 4352 De
505 4295 644 4366 Tycbonis
668 4298 906 4356 observationibus
925 4307 977 4355 etc.
1001 4300 1071 4355 haee
1094 4298 1251 4369 respondit,
1295 4294 1359 4355 Nos
1378 4284 1468 4347 W

148 4395 197 4438 ma
219 4377 360 4455 'Pyehone
383 4389 509 4456 morino,
532 4380 710 4443 haeredibus
735 4382 783 4443 vei
806 4383 979 4444 absentibus
1001 4383 1051 4443 vai
1065 4400 1171 4460 pamm
1186 4385 1300 4461 peritia,
1321 4370 1466 4441 W

147 4482 219 4525 num
242 4464 407 4528 relictarum
431 4468 553 4530 tutelam
576 4469 648 4529 mibi
680 4470 858 4531 confidenter
880 4481 910 4530 et
928 4470 1031 4530 iersan
1053 4481 1227 4549 arroganter
1249 4450 1463 4549 usurpem*

148 4555 242 4615 versia
263 4553 422 4616 haeredum
444 4557 662 4631 voluntatibus,
693 4574 751 4617 non
779 4558 905 4618 obscura
933 4566 1031 4618 tamen
1056 4558 1194 4635 jussione
1223 4554 1408 4635 imperatori,
1428 4556 1461 4617 t·

147 4656 214 4702 enm
236 4659 335 4702 eoram
357 4644 613 4705 instrumentorum
637 4645 709 4705 mihi
723 4644 939 4718 demandasset,
963 4662 1029 4723 ego,
1053 4648 1114 4708 iata
1135 4653 1262 4723 accepto
1277 4640 1409 4709 msam
1423 4628 1457 4687 ὗ

146 4731 331 4790 sacrationes
353 4732 540 4807 potissimum
561 4736 658 4812 recepi
681 4733 835 4797 curandas.
880 4732 996 4795 linitae
1018 4752 1054 4796 er
1077 4752 1114 4797 ce
1135 4722 1454 4795 ‹tontrnrersiaaltu

146 4823 178 4881 et
198 4816 356 4897 Mandu,
386 4818 456 4881 dum
484 4836 541 4901 ego
562 4822 715 4901 pubiicum
736 4821 923 4887 commodum
943 4825 1083 4904 respicio,
1113 4824 1188 4904 ipah
1207 4820 1248 4883 de
1267 4820 1371 4901 prim
1385 4810 1449 4869 Ι·
