3322 5534
248 423 315 497 940
759 422 824 478 viee
838 420 956 477 duania
971 419 1094 491 Keplcri,

250 607 354 667 uitium
375 604 527 677 armornm,
551 604 689 675 contagio
710 602 799 662 lebria
821 600 986 678 Ungasieae
1007 599 1177 661 maturae
1190 601 1358 676 (pietatem
1381 599 1523 662 ultanon
1543 610 1607 662 ten·

248 696 382 771 parantis
404 695 461 750 sibi
485 711 503 752 a
525 690 680 751 visitandis
702 691 831 763 iniectis)
854 690 994 765 corripuit
1014 691 1236 765 importausqne
1251 690 1466 748 uimissimnm
1480 689 1608 751 subSolc

251 779 481 841 melancholicas
503 777 633 850 ‹idi-mag
652 788 820 855 symptoma
840 776 879 836 ad
899 785 1062 836 extremm
1081 778 1231 848 exstinxit,
1255 786 1346 835 tanta
1361 779 1608 839 commiserantes

252 866 453 945 popularium,
484 876 516 924 nt
539 875 635 925 essent
659 883 735 941 qnae
757 864 955 925 exclamarent
983 866 1013 922 in
1035 866 1101 940 ejus
1122 864 1240 935 iuuere,
1270 864 1455 940 posthanc
1474 864 1609 942 sepultae

252 958 282 1014 in
304 957 388 1014 terris
410 971 468 1011 non
490 970 649 1031 superesse,
664 952 782 1015 bonam.
827 950 911 1026 Quae
933 952 1091 1010 tristissimi
1113 968 1199 1010 casus
1222 953 1347 1027 imao,
1375 970 1554 1029 quanquam
1570 951 1608 1013 rel

252 1043 367 1101 bostem
389 1040 559 1112 barbarum,
590 1042 615 1098 si
638 1048 786 1115 spectator
806 1039 924 1110 inbuet,
953 1037 1062 1097 nedum
1083 1041 1236 1110 maritum,
1267 1041 1485 1099 communium
1511 1049 1608 1117 patr·

252 1129 411 1188 liberomm
435 1128 781 1203 perturbare‘potnisset,
804 1135 912 1199 nmen,
934 1128 1021 1201 qnasi
1042 1126 1099 1185 boc
1120 1143 1224 1201 parum
1238 1138 1334 1199 esset,
1359 1131 1495 1187 aceoeait
1516 1126 1608 1187 adcr-

251 1216 365 1277 rnnlum
395 1217 576 1274 miseriarum
606 1214 680 1272 baec
706 1231 825 1288 quoqne
855 1213 1023 1272 insultantis
1051 1213 1187 1274 fortunae
1215 1213 1413 1288 indignitas,
1448 1214 1532 1291 quod
1556 1232 1607 1274 ern

255 1312 335 1363 totos
355 1301 492 1360 undecim
516 1319 610 1359 annos
632 1301 745 1376 Pragae
768 1300 969 1360 difficultatem
991 1302 1134 1376 assignati
1161 1299 1305 1376 stipendii
1330 1301 1430 1361 aulici
1453 1302 1607 1362 tolerasse·

254 1408 321 1450 cnm
337 1390 471 1463 conjuge,
494 1389 621 1447 sollicita
635 1388 671 1446 de
685 1405 740 1446 sno
756 1390 950 1458 matrimonio,
973 1388 1143 1447 melioribus
1158 1386 1257 1463 digna,
1281 1403 1356 1447 cum
1370 1407 1392 1447 a
1414 1398 1484 1448 toto
1501 1392 1607 1449 triente

256 1476 418 1536 discessum
450 1493 485 1534 ex
508 1475 577 1534 aula
600 1478 628 1532 in
656 1475 753 1534 locum
782 1475 1013 1553 tranquilliorem
1040 1474 1160 1534 molitus
1187 1492 1286 1534 essem
1319 1475 1512 1553 tandemque
1540 1474 1607 1537 nl'e

255 1563 491 1623 intolerabilibus
513 1562 749 1638 impendentibus
772 1563 904 1635 adactus,
927 1569 961 1621 nt
974 1564 1047 1622 meis
1062 1564 1269 1639 prospicerem,
1295 1563 1473 1623 violentam
1495 1566 1608 1641 emptio

254 1668 322 1711 nem
346 1657 518 1722 tentassem,
542 1668 608 1709 cnm
627 1651 691 1727 jam
713 1649 750 1710 de
772 1650 839 1710 loco
862 1657 958 1711 certus
980 1667 1086 1722 mam,
1117 1652 1148 1708 in
1169 1667 1231 1725 quo
1252 1652 1333 1709 meis
1356 1654 1477 1711 rectius
1497 1653 1607 1711 tumn

129 1784 136 1813 ,
256 1756 358 1814 spero,
389 1740 506 1813 inipso
535 1740 674 1814 temporis
705 1737 830 1798 arficulo
856 1740 1003 1815 jacturam
1030 1737 1107 1798 bane
1131 1737 1189 1796 leci
1218 1743 1250 1797 et
1275 1737 1425 1814 conjugis
1457 1747 1489 1800 et
1509 1754 1607 1816 optas

257 1843 346 1902 qnam
369 1823 448 1884 illius
470 1828 627 1902 praecipue
649 1825 825 1886 remeandas
848 1843 940 1886 causa
959 1842 1129 1884 sumseram.

362 1912 439 1970 Tum
462 1930 508 1971 res
531 1913 693 1988 Pragenses
716 1915 745 1970 in
769 1911 832 1973 dies
853 1913 984 1990 Keplero
1007 1914 1166 1988 iniquiores
1188 1920 1259 1972 sunt
1282 1911 1400 1973 laetae.
1448 1912 1607 1991 Rudolph

260 2001 338 2060 cuim
361 2002 526 2076 imperator,
550 2018 568 2059 a
590 2000 726 2060 iratribus
748 1999 935 2076 Hungsriaa,
959 1999 1132 2071 Bobemiae,
1157 1999 1300 2060 sustuna
1325 2003 1458 2079 imperia
1479 1999 1608 2079 depone

258 2094 378 2147 coaetos
401 2088 449 2145 vix
474 2087 575 2163 procul
598 2089 636 2148 ab
659 2106 695 2147 eo
717 2096 796 2160 erat,
819 2096 852 2147 nt
874 2088 988 2162 Pragae
1011 2090 1146 2163 captivus
1167 2086 1346 2160 baberetur,
1370 2092 1490 2165 quique
1510 2087 1607 2149 anbro-

140 2248 143 2253 .
258 2193 323 2234 rnm
344 2192 439 2249 usqne
463 2174 560 2234 adbuc
575 2174 704 2252 Keplero
726 2175 871 2247 laverant,
892 2177 1039 2236 somonam
1051 2173 1173 2234 aliunde
1194 2173 1385 2235 relucentem
1400 2176 1607 2252 mutaris·

258 2279 318 2322 uon
340 2261 443 2322 wem
466 2280 526 2338 qua
547 2265 628 2339 prius
650 2265 815 2323 reverentia
836 2271 867 2324 et
888 2263 1019 2322 officosa
1051 2262 1204 2322 volontate
1234 2261 1417 2335 babuerunt
1438 2264 1607 2342 Imperater‘s

258 2359 467 2410 astronomum.
513 2348 656 2424 Quamvis
679 2353 756 2410 enirn
783 2350 862 2426 apud
884 2348 1074 2427 Rudolpbum
1104 2351 1315 2425 imperatorem
1338 2350 1472 2429 Kepleri
1498 2350 1606 2412 eund·

260 2446 306 2496 tas
329 2445 360 2496 et
382 2440 548 2497 aestimatio
576 2441 705 2497 maxima
728 2455 793 2498 esse
823 2454 882 2497 non
911 2437 1055 2498 desineret
1084 2437 1221 2513 idemque
1250 2438 1293 2497 ab
1325 2455 1365 2498 eo
1396 2439 1606 2500 etiamnunein

259 2524 409 2584 rebusad
432 2524 624 2601 astrologiam
646 2525 859 2602 pertinentibus
881 2525 1045 2600 consilinm,
1068 2523 1304 2585 consolationem
1329 2529 1361 2584 in
1378 2527 1474 2588 rebus
1495 2525 1606 2586 edred

260 2621 291 2672 et
313 2629 410 2672 coram
435 2621 588 2688 quaereret
610 2621 640 2672 et
662 2630 714 2689 per
736 2612 894 2689 epistolas,
917 2620 1032 2686 tamen,
1064 2630 1129 2672 cnm
1152 2616 1182 2671 in
1206 2611 1271 2672 dies
1294 2615 1465 2689 angustiae
1485 2615 1606 2693 peorffl

261 2701 388 2776 majores
411 2699 520 2771 fierent,
544 2699 689 2775 Keplerns
712 2701 761 2758 vix
784 2701 921 2760 omnibns
935 2701 1047 2761 viribus
1068 2699 1210 2761 marcetbs
1232 2700 1293 2760 sibi
1310 2706 1485 2778 promissae
1499 2701 1607 2778 elien

261 2795 373 2864 partem
396 2789 492 2863 potuit
521 2795 702 2864 extorquere.
749 2787 847 2863 atqua
874 2805 941 2848 enm
970 2788 1108 2847 deiuncta
1135 2804 1227 2847 uxore
1255 2789 1290 2846 in
1323 2788 1393 2849 dies
1417 2792 1608 2867 iniquiorsatt

261 2875 443 2935 molestiores
475 2874 577 2934 tierent
613 2892 659 2934 res
689 2874 868 2951 Prageuses‚
908 2878 1093 2936 occasionem
1129 2877 1207 2951 cepit
1235 2875 1297 2934 sibi
1329 2875 1472 2937 oblatam
1501 2876 1607 2937 offitio!

263 2960 439 3038 deponendi.
489 2961 563 3021 Cum
593 2964 669 3022 enim
700 2970 831 3038 tempore
861 2965 987 3024 maxime
1017 2970 1181 3039 opportuno
1212 2962 1250 3022 ab
1286 2960 1461 3025 Ordinibus
1490 2963 1607 3024 ammo

263 3049 427 3126 Superioris
443 3049 576 3109 Lincium
601 3057 762 3123 vocaretur,
786 3051 869 3109 initio
885 3050 1004 3126 quidem
1024 3054 1182 3126 imperator
1204 3050 1243 3109 ab
1267 3053 1463 3111 amicissimo
1475 3069 1529 3113 suo
1541 3049 1607 3125 Kep-

263 3137 324 3197 lero
348 3136 441 3196 deseri
466 3135 575 3209 noluit,
608 3146 756 3213 postremo
779 3145 878 3197 antem
900 3148 1015 3198 munta
1036 3141 1181 3199 sententia
1202 3136 1331 3213 Kepleri
1365 3143 1463 3200 cessit
1483 3139 1607 3216 mesilam

263 3223 412 3300 adjunctis
434 3226 548 3298 gratiae
571 3242 662 3284 cansa
683 3224 799 3284 duobus
826 3226 991 3298 beneficiis,
1024 3225 1117 3285 altero
1146 3233 1178 3284 nt
1200 3223 1300 3283 Lincii
1332 3243 1463 3302 qnoque
1485 3226 1607 3302 Keplernt

264 3314 447 3387 imperatoris
470 3319 656 3371 astronomus
680 3329 826 3371 essenon
850 3312 1007 3385 desineret,
1039 3313 1131 3372 altero
1161 3319 1194 3371 nt
1215 3315 1382 3387 pecuniam
1407 3317 1439 3376 ei
1461 3315 1608 3375 stbibrerct

263 3417 282 3459 a
309 3399 380 3457 fisco
410 3398 594 3459 solvendam.
640 3399 738 3472 Quum
768 3409 866 3460 autem
898 3418 974 3461 anno
1002 3400 1118 3460 demum
1148 3405 1232 3459 1612
1266 3398 1414 3462 Lincium
1446 3401 1607 3478 nomime,

263 3487 373 3546 iactum
397 3495 442 3545 est
465 3494 497 3544 ut
519 3505 584 3545 cum
609 3486 764 3547 decederet
785 3487 958 3565 Rutotphns
981 3488 1095 3564 Pragae
1117 3493 1195 3547 esset
1212 3486 1382 3562 Keplerns.

368 3574 450 3633 Idem
474 3574 566 3635 donec
581 3574 675 3634 Lincii
698 3592 744 3633 res
767 3574 925 3636 familiares
940 3577 1162 3653 composuisset,
1183 3573 1288 3633 liberis
1311 3574 1462 3637 Susanna
1483 3570 1607 3637 etauio·

264 3663 330 3721 vico
354 3664 382 3718 in
406 3662 558 3721 Moraviue
582 3664 749 3738 provinciae
774 3662 846 3722 urbe
865 3663 1016 3722 Knustadt
1037 3662 1116 3739 apud
1140 3664 1251 3722 amieos
1275 3662 1450 3741 hospitium
1471 3661 1606 3742 promeriti

263 3751 315 3808 nbi
337 3749 437 3808 ludum
462 3748 611 3825 publicum
634 3750 868 3825 frequentabant.
914 3750 1007 3810 Lincii
1031 3759 1130 3809 autem
1152 3767 1268 3808 morum
1289 3751 1488 3826 jucunditate
1508 3758 1536 3810 et
1553 3762 1604 3807 mo·

264 3836 358 3896 destia
380 3846 410 3896 et
432 3839 572 3895 acerrimo
596 3840 625 3894 in
649 3836 843 3910 exsequendis
866 3846 896 3897 et
918 3838 1044 3914 publicis
1066 3846 1096 3898 et
1117 3838 1240 3913 privatis
1272 3841 1412 3914 negotiis
1440 3837 1535 3899 studio
1553 3849 1606 3893 reor

263 3923 371 3982 multos
394 3932 423 3983 et
454 3927 565 3982 amicos
593 3936 622 3984 ct
644 3926 775 3983 lautores
801 3925 857 3983 sibi
887 3927 1081 4000 comparavit,
1113 3925 1162 4000 qui
1191 3924 1248 3982 riri
1281 3924 1424 3986 derelicti
1447 3925 1605 3988 eteniam

263 4011 440 4071 discuterent
463 4020 492 4070 et
514 4013 636 4086 exiguas
651 4031 698 4071 res
713 4010 870 4072 familiares
893 4014 982 4072 seriis
1005 4011 1100 4072 modis
1115 4018 1266 4087 augerent.
1299 4011 1441 4086 Quonim
1464 4016 1605 4072 insenso

262 4101 372 4174 primos
403 4097 484 4157 locos
515 4106 615 4159 tenent
646 4101 785 4158 Erasmus
818 4098 855 4158 de
887 4100 1136 4174 Starcmberg
1166 4107 1196 4159 et
1227 4096 1387 4176 Georgius
1422 4092 1604 4161 mammo

263 4185 576 4257 Tsehernembel,
601 4189 629 4243 in
655 4186 807 4246 discordiis
822 4204 889 4245 mox
908 4187 945 4246 de
967 4187 1108 4262 religione
1131 4188 1201 4245 ortis
1223 4185 1420 4248 clarissimus
1443 4188 1604 4248 Luam

263 4288 371 4330 causac
395 4280 425 4332 et
447 4273 582 4331 defensor
604 4282 633 4333 ot
654 4282 864 4351 propugnator.
908 4274 1053 4335 Matthias
1083 4277 1255 4350 imperator,
1288 4278 1344 4349 qui
1369 4275 1527 4354 Rudolpbo
1548 4284 1603 4330 sur·

263 4367 399 4431 cesserat,
424 4368 453 4418 et
476 4362 538 4436 ipse
557 4361 717 4436 Keplerum
740 4369 939 4422 astronomum
963 4379 1132 4424 caesareum
1155 4378 1220 4421 esse
1244 4360 1348 4422 voluit
1372 4362 1525 4438 eidemque
1542 4370 1604 4418 na·

263 4444 365 4503 cedern
388 4446 536 4522 publicam
561 4450 688 4525 amplius
711 4449 885 4508 solvendam
909 4467 973 4510 csse
998 4451 1097 4526 jussit.
1143 4447 1242 4520 Quum
1273 4456 1381 4510 autem
1405 4450 1540 4511 Matthias
1557 4458 1603 4504 ¹⁰⁸

262 4533 358 4590 minus
382 4551 469 4607 quam
492 4533 667 4613 lindolphus
690 4537 726 4598 de
749 4540 874 4613 pecnnia
895 4537 1058 4610 laboraret,
1089 4535 1235 4612 Keplerus
1262 4537 1315 4596 vix
1346 4534 1602 4600 assumamini&

261 4621 322 4676 suis
346 4626 376 4679 at
397 4623 556 4680 amicornm
579 4626 714 4699 precibus
738 4626 842 4698 effecit,
867 4633 900 4684 ut
923 4625 1040 4685 debitae
1063 4623 1205 4700 pecuniae
1228 4621 1350 4700 aliquid
1375 4627 1548 4705 exprimeret

365 4705 434 4764 Jam
459 4725 523 4766 cum
547 4709 661 4787 Pragse
685 4720 771 4785 essct,
795 4721 824 4771 et
846 4713 932 4772 amici
956 4719 987 4772 et
1008 4712 1139 4789 inprimis
1155 4711 1280 4785 amicae,
1305 4730 1390 4786 quae
1413 4717 1456 4774 rei
1475 4703 1601 4775 familiaris

260 4792 421 4869 Keplcrum
444 4797 693 4873 imperitissimum
716 4817 780 4859 esse
797 4801 872 4861 bene
887 4799 1093 4877 intelligerent,
1117 4795 1278 4872 monendo,
1301 4800 1461 4862 suadendo
1481 4797 1600 4859 adonem

260 4897 327 4941 cunr
350 4884 449 4942 conati
470 4891 548 4959 sunt,
572 4893 605 4947 ut
627 4888 657 4947 in
679 4886 825 4949 secundas
847 4889 968 4968 nuptias
989 4888 1136 4962 ῦωῑῐθῑι
1158 4900 1296 4965 (illm.
1309 4889 1455 4973 Pmibffl
1474 4889 1532 4967 ¹9⁸⁰
1547 4893 1599 4943 θ’
