3322 5534
151 396 216 466 718
676 392 1011 466 vrurmmuepue.

149 577 284 655 promisi,
313 573 391 636 00110
417 590 465 634 me
494 575 572 635 intra
601 573 752 635 octiduum
778 590 886 635 arcana
919 575 1017 635 omnia
1046 571 1214 637 absolvere.
1260 573 1385 636 Proieci
1412 584 1502 635 00000

149 672 272 738 tentum,
295 671 329 722 ut
349 662 475 722 eeceutri
498 662 740 739 inaequalitatem
761 661 946 723 mediocriter
966 660 1113 721 salvarem
1128 662 1201 735 (nisi
1219 661 1385 738 quodum
1404 663 1503 723 lundr-

148 751 321 812 mentalium
344 751 584 811 obaerrationum
608 756 648 810 20
665 752 784 809 minutis
806 752 914 810 vitiose
937 749 991 809 iult
1012 747 1157 828 00000000)
1180 757 1213 809 00
1234 749 1500 811 minuendamcrre

150 838 228 899 Solis
257 839 501 899 eeeentrioitatcm
530 837 677 898 00110000.
708 869 751 882 -
773 843 875 897 Porro:
907 836 987 896 Inter
1015 838 1187 912 potissimae
1220 854 1336 898 causas
1365 839 1499 899 turisendi

149 925 298 1005 Tyebonis
320 926 376 984 init
398 933 428 985 et
450 924 533 997 baec,
556 927 740 986 ulteriores
762 927 1011 986 eooentrleitatuur
1030 927 1239 1001 proportiones
1262 943 1303 987 ex
1325 927 1395 1004 ipso
1416 925 1500 986 dirue

149 1032 219 1074 rem.
267 1013 375 1073 Verum
398 1012 502 1090 'Pyebo
532 1014 649 1089 copiam
678 1030 777 1073 aarum
804 1012 876 1072 mibi
903 1029 964 1073 nou
993 1013 1078 1085 iecit,
1109 1014 1167 1071 nlsl
1190 1022 1342 1089 quantun
1366 1014 1498 1075 obitcrtt

149 1100 230 1162 aliud
253 1117 345 1178 egeus
367 1103 442 1159 inter
465 1101 647 1160 coenandum
667 1101 730 1176 jam
754 1098 790 1160 de
813 1117 948 1178 apogueo
970 1099 1069 1177 hujus,
1089 1098 1152 1175 jam
1177 1099 1214 1159 de
1238 1101 1325 1161 illiue
1349 1101 1497 1162 0001000·

150 1189 243 1251 minii.
283 1186 342 1248 Sed
365 1204 430 1247 eum
445 1188 567 1260 rideret,
590 1205 655 1247 esse
670 1188 742 1246 mihi
758 1191 908 1264 ingenium
928 1187 1038 1260 audax,
1062 1190 1227 1247 rectissime
1251 1189 1386 1249 ramasse
1400 1206 1496 1249 macru

150 1293 239 1354 agere
262 1293 293 1335 se
317 1275 513 1349 existimabat,
537 1273 657 1334 indultis
680 1274 720 1334 ad
741 1292 839 1335 meum
861 1276 987 1336 lubitum
1011 1276 1275 1336 observationibus
1298 1278 1377 1353 ipsis
1399 1275 1494 1335 Mutis.

151 1364 186 1424 10
210 1363 267 1423 1000
289 1370 405 1438 tempus
428 1365 495 1422 trivi
518 1379 573 1423 neo
595 1361 632 1422 de
655 1361 779 1421 eliomm
800 1363 986 1440 planetarum
1009 1363 1271 1423 observationibus
1294 1364 1339 1423 lui
1355 1363 1494 1424 sollieitur

18 1516 23 1529 x
151 1451 306 1528 sperabam
329 1449 460 1525 quotidie
484 1453 594 1510 exitum
616 1451 645 1507 in
669 1449 783 1510 theoria
805 1450 920 1521 Martis,
944 1457 1011 1526 post
1032 1449 1108 1509 01100
1122 1466 1247 1527 quoque
1269 1449 1492 1513 0010010000.-

152 1538 297 1598 ANouis
318 1537 471 1597 Februarii
502 1553 597 1613 usque
626 1536 665 1597 ad
687 1536 750 1597 Gal.
772 1537 872 1612 Junii‚
903 1539 1011 1597 eitrer
1042 1539 1155 1597 circiter
1176 1540 1369 1614 septimanas
1391 1543 1492 1612 001000,

151 1628 292 1686 continuo
321 1641 386 1684 eum
409 1624 550 1702 Tyebone
579 1627 668 1701 inque
699 1627 835 1685 00001000
863 1625 929 1700 ejus
959 1626 1030 1686 riri.
1075 1624 1263 1685 Inritaverat
1290 1629 1319 1685 10
1342 1644 1393 1687 me
1421 1626 1493 1687 00000

149 1714 215 1773 rice
239 1729 380 1790 perquam
403 1711 539 1772 humanis
561 1712 599 1771 ad
622 1729 670 1771 me
684 1715 801 1791 seriptis
817 1712 918 1773 literis.
957 1710 1016 1772 Sed
1034 1729 1085 1773 eae
1098 1728 1155 1788 ego
1171 1712 1275 1772 literas
1292 1713 1345 1775 die
1363 1720 1413 1775 10.
1428 1712 1494 1775 10011

150 1800 267 1860 demum
291 1799 426 1859 Viennae
455 1802 485 1858 in
515 1798 611 1860 reditu
634 1801 745 1876 accepi.
791 1800 841 1862 Sic
864 1817 934 1877 ergo
956 1816 1015 1859 uon
1043 1808 1156 1860 tantum
1179 1810 1286 1877 gratus
1309 1801 1493 1879 00010οη00·

63 1915 66 1925 ·
148 1894 229 1948 tatus
253 1889 341 1947 etlam
365 1888 420 1946 init
443 1887 590 1948 adventus
617 1904 710 1948 meus.
755 1887 794 1947 itt
816 1887 853 1949 de
876 1884 1022 1948 sumtibus
1049 1904 1187 1948 accessus
1216 1891 1278 1948 mei
1302 1898 1426 1951 000000
1444 1904 1492 1950 ut

148 1974 253 2048 voluit,
278 1977 303 2034 si
326 1974 497 2046 voluissem,
520 1981 551 2034 00
573 1972 609 2035 de
632 1976 742 2034 viatico
765 1974 804 2035 ad
826 1975 952 2036 reditum
967 1977 1132 2036 necessario
1147 1974 1300 2036 Viennam
1324 1994 1422 2054 00000
1439 1994 1493 2054 prr·

147 2065 253 2141 spexit.
298 2060 421 2123 Summa
442 2078 515 2123 vero
537 2064 720 2123 tractationis
732 2070 861 2133 ,nostrae
882 2065 938 2123 init
960 2063 1043 2138 baec,
1065 2070 1100 2122 ut
1120 2064 1490 2143 procuraretmilri‘l'yrbt

147 2149 248 2211 literae
276 2148 429 2223 Caesaris,
463 2151 571 2227 quibus
601 2156 631 2209 et
660 2166 784 2210 0000000
812 2153 843 2209 10
873 2152 1023 2212 biennium
1056 2153 1086 2209 iu
1114 2151 1295 2211 Bobemiam
1329 2150 1491 2213 maturandi

147 2237 298 2316 'l'yebmis
322 2237 512 2317 editionibus,
534 2245 564 2297 et
585 2236 679 2319 nihilo
700 2239 799 2298 minus
821 2238 960 2299 salarium
983 2255 1080 2299 meum
1103 2239 1133 2297 in
1156 2237 1259 2316 Styrla
1281 2240 1420 2301 obtinere
1437 2255 1491 2316 p*

146 2342 225 2400 000ος
255 2325 458 2403 suppeditaret
485 2333 514 2385 et
542 2333 657 2384 sumtus
685 2327 782 2385 itineri
811 2329 992 2387 necessarios
1025 2325 1063 2387 ad
1093 2324 1238 2385 familiam
1266 2327 1489 2388 0000οί00000οι

149 2409 265 2488 Quibus
287 2432 306 2471 a
328 2430 375 2472 me
397 2413 556 2490 propositis
580 2415 699 2488 insuper
721 2412 839 2489 adjecit,
863 2420 1030 2474 curaturum
1052 2429 1094 2487 se,
1118 2421 1152 2473 ut
1172 2416 1334 2474 minimum
1361 2422 1421 2476 100
1440 2414 1489 2473 ttr-

146 2500 226 2560 leros
248 2501 401 2577 accipiam,
440 2500 513 2559 Post
535 2498 651 2575 aliquot
664 2502 808 2561 namium
824 2502 1078 2564 conversationem
1100 2517 1240 2561 reversus
1256 2500 1397 2563 Gratiam
1416 2516 1488 2579 negt·

149 2589 221 2647 tium
244 2587 350 2665 reliqui
373 2584 543 2665 pendulum.

252 2686 332 2742 Brevi
350 2693 496 2757 postquem
514 2685 651 2756 Keplerus
675 2685 711 2741 ud
729 2686 888 2758 Tychonem
912 2688 1071 2744 Benaticam
1093 2676 1261 2743 0000000000
1287 2697 1318 2744 et
1341 2686 1486 2760 propinrb

148 2773 250 2846 spectio
267 2773 404 2844 Trebonio
427 2774 536 2843 ingenio
561 2779 589 2829 et
612 2774 742 2837 moribus.
767 2790 820 2831 neo
843 2791 898 2829 nou
922 2789 977 2844 qua
1000 2775 1107 2830 ratione
1129 2774 1219 2830 habiti
1242 2775 1351 2833 1000100
1371 2772 1487 2834 donrffi

146 2861 232 2933 lilius,
257 2862 388 2919 consultis
411 2862 482 2917 torte
506 2860 657 2918 fautoribus
680 2861 845 2917 Hoffmanno
869 2868 897 2917 et
920 2862 1098 2936 (loruducio,¹
1114 2878 1168 2918 uec
1196 2878 1256 2920 000
1278 2865 1389 2920 medico
1409 2858 1486 2920 calchi

146 2950 288 3016 demanio,
314 2946 489 3020 conscripsit,
517 2956 548 3006 ut
565 2964 596 3004 00
614 2955 642 3003 et
657 2947 788 3004 familiam
806 2949 841 3005 ab
865 2949 938 3004 omni
957 2948 1118 3005 detrimento
1136 2957 1227 3005 tutum
1245 2956 1414 3022 praestaret,
1433 2949 1486 3004 tur

147 3034 404 3096 Deliberotiorrem
427 3034 464 3094 dc
485 3053 574 3096 mora
589 3033 764 3107 Bobcmioo,
783 3053 866 3108 quarn
885 3037 965 3093 etiarn
984 3038 1078 3094 amicis
1096 3038 1125 3092 in
1144 3038 1237 3107 styria
1259 3037 1406 3109 legendam
1420 3042 1444 3091 et
1455 3030 1484 3087 di

144 3125 320 3196 judicandam
338 3124 451 3182 tradidit
469 3126 502 3193 (r.
522 3145 541 3180 s.
560 3147 588 3195 p.
609 3129 678 3194 tte).

253 3216 482 3277 Deliberatlonis
505 3235 588 3278 meus
612 3219 710 3295 capita
733 3224 801 3278 sunt
824 3218 915 3278 varia.
960 3215 1100 3291 Primum,
1123 3226 1157 3277 ut
1179 3235 1294 3278 annum
1317 3222 1483 3292 unumriqut

148 3304 272 3366 alterum
300 3307 331 3363 in
355 3304 499 3365 Bobemia
520 3322 616 3366 morer
645 3313 674 3366 et
702 3314 840 3367 eventum
871 3322 967 3364 rerum
991 3306 1021 3362 in
1044 3303 1143 3382 Styria
1171 3308 1291 3366 eminus
1321 3303 1482 3383 0000000100

149 3391 315 3454 consultum
337 3392 427 3452 rebus
449 3394 521 3453 meis
544 3393 732 3474 adeoquetet
753 3392 858 3453 studiis
881 3409 946 3452 esee
962 3392 1088 3467 videtur,
1109 3396 1241 3453 maxime
1263 3396 1290 3453 ei
1309 3389 1482 3472 qnoutycn

147 3480 302 3559 pollicetur
318 3481 441 3540 obtineri
458 3488 556 3558 queat,
581 3488 613 3540 ut
628 3480 767 3541 salarium
790 3481 956 3558 Styrlaeum
979 3480 1070 3539 nihilo
1092 3483 1189 3540 secius
1207 3484 1404 3544 continuetur.
1434 3476 1483 3538 flu

150 3572 306 3630 occasione
329 3575 444 3645 tempus
467 3569 539 3628 mihi
554 3568 800 3646 suppeditaretur,
823 3568 965 3630 liberandi
981 3567 1067 3626 fidem
1083 3586 1179 3628 meam
1202 3572 1234 3628 in
1249 3573 1397 3647 promisso
1415 3572 1483 3627 ante-

150 3664 229 3717 0000
253 3656 374 3717 coelesti
393 3665 423 3722 (1.
441 3667 475 3716 re
493 3667 545 3723 aa),
568 3650 685 3733 possem
709 3658 853 3733 paulatim
875 3658 1065 3729 innotescere,
1088 3664 1121 3715 00
1137 3657 1335 3732 postmodum
1348 3661 1377 3716 in
1391 3668 1484 3717 00000

149 3751 288 3805 ereutum
312 3743 348 3803 de
371 3743 539 3804 conditione
563 3746 664 3820 eliqua
686 3744 758 3802 milri
784 3760 842 3804 non
871 3742 990 3803 dilfiulle
1017 3751 1096 3804 esset
1116 3746 1300 3821 prospicere.
1346 3746 1485 3805 noane
1530 3778 1532 3821 t

151 3832 184 3893 C.
207 3829 249 3891 Μί
272 3833 483 3892 innotescerem
506 3832 762 3909 conditionemque
787 3831 1023 3895 honestissimam
1046 3830 1233 3909 adipiscerer.
1249 3832 1304 3893 -In
1319 3829 1485 3893 arndttsnrir
1530 3842 1532 3903 1

147 3919 205 3981 1000
226 3921 344 3979 nomine
367 3919 545 3997 proficerem,
570 3919 649 3996 quod
665 3919 854 3997 particulares
871 3917 1079 3996 dispositiones
1094 3919 1210 3979 orbium
1231 3919 1415 3993 coelestium.
1432 3914 1486 3979 nni

148 4006 187 4067 ad
209 4024 277 4066 mea
299 4009 420 4066 inuenta
440 4007 618 4084 percolenda
640 4011 715 4067 scitu
738 4009 918 4068 necessarias
934 4006 1043 4084 diuque
1058 4006 1253 4080 desideratas,
1278 4016 1486 4071 0000000000οι·

146 4097 227 4172 poris
249 4093 440 4155 addiscerem.
478 4095 671 4173 Speraveram
695 4094 822 4171 quidem,
846 4110 893 4154 me
915 4096 973 4153 ista
992 4093 1070 4171 apud
1086 4095 1123 4153 1).
1138 4093 1487 4174 Tyebouemij

147 4185 344 4255 inuenturum,
368 4181 420 4243 sed
443 4182 537 4258 major
559 4201 605 4244 res
628 4191 690 4257 000,Ι
706 4200 794 4260 quam
817 4190 933 4242 uttam
955 4181 1053 4254 100010,
1076 4188 1137 4241 tum
1159 4182 1247 4242 breri
1272 4192 1403 4265 ternpore
1421 4178 1486 4241 ded·

148 4270 242 4332 datur.
288 4269 391 4355 Tyebo
415 4270 638 4331 observationes
661 4270 752 4330 babet
774 4271 911 4348 optimas,
935 4285 1012 4346 quae
1035 4271 1125 4329 instar
1146 4271 1297 4334 materiae
1319 4266 1487 4333 0000001100

149 4358 316 4419 aedificium
346 4358 570 4432 exstruendum,
600 4358 690 4418 habet
722 4367 750 4418 et
779 4360 929 4437 operarios
961 4364 991 4417 et
1021 4356 1164 4435 quiequid
1196 4358 1363 4421 deaidmarl
1390 4355 1486 4419 000010

147 4453 256 4524 potest.
302 4443 386 4505 Unus
416 4445 459 4504 illi
484 4446 566 4507 deest
589 4445 782 4520 architectus,
813 4448 864 4523 qui
887 4444 933 4502 bie
955 4445 1091 4504 omuibus
1110 4445 1200 4520 juxta
1219 4463 1256 4507 00
1279 4456 1389 4508 000000.
1426 4440 1485 4503 ilc!

150 4536 206 4594 etsi
229 4535 378 4610 ingenium
402 4533 431 4592 in
454 4536 519 4612 ipso
543 4532 743 4594 felicissimum
767 4541 797 4594 et
818 4532 906 4613 plane
928 4531 1189 4592 architectonicum
1203 4542 1262 4609 est,
1286 4538 1389 4615 ingene
1406 4538 1484 4592 00001

149 4623 280 4682 varietas
305 4628 335 4682 et
358 4623 388 4680 iu
410 4621 534 4698 singulis
557 4619 784 4700 profundissime
812 4612 909 4683 lateus
936 4621 1045 4681 veritus
1066 4618 1224 4697 hucusque
1254 4620 1484 4701 dirigendam·
1529 4568 1532 4743 ἶ

148 4706 320 4786 'l'ycbouem
344 4709 486 4781 detinuit,
516 4726 582 4769 oum
601 4709 665 4786 jam
687 4716 823 4770 senectus
846 4708 890 4768 illi
912 4707 1049 4785 obrepat,
1079 4707 1231 4784 ingenium
1255 4719 1289 4772 et
1311 4726 1406 4771 ornnes
1423 4706 1484 4765 r'rrt

147 4811 293 4856 enarrans
318 4805 370 4858 ant
392 4814 450 4856 non
465 4796 575 4857 multoe
590 4805 657 4877 post
671 4812 766 4858 anuos
787 4803 971 4870 enervatum,
993 4794 1069 4854 adeo
1084 4803 1118 4855 ut
1132 4794 1298 4861 difficulter
1316 4798 1394 4858 00100
1405 4789 1482 4854 uuit

146 4882 262 4946 efficere
283 4888 387 4964 possit.
434 4885 541 4963 ltaque
562 4887 588 4946 sl
611 4884 676 4947 tine·
690 4887 749 4946 mel
769 4884 883 4947 10100010
910 4882 980 4944 0010
1002 4883 1132 4962 prlrari,
1159 4883 1292 4948 duorum
1319 4886 1431 4948 01οω
1448 4880 1481 4937 ⁸⁸
