3308 5534
146 392 211 466 922
624 392 1075 471 amctnaienoaausaaa

147 573 235 631 terris
267 575 321 631 Sed
339 576 412 631 haba
430 573 513 646 paulo
531 574 628 643 altius,
653 588 723 644 quae
743 574 776 630 de
793 577 881 628 morte
899 571 986 641 ipsius
1003 570 1101 626 habeo.
1133 568 1255 640 Nepotis
1275 570 1402 628 comitiis
1419 578 1511 628 masur

147 662 303 733 Kepplcrus
320 679 420 718 manno
439 665 557 731 strigoso
576 663 697 732 (duobus
716 661 827 716 florenis
845 666 944 729 postea
961 657 1037 712 illum
1051 657 1195 727 vendidit),
1215 659 1243 714 in
1263 666 1392 714 nostram
1403 658 1509 714 deserit

148 750 249 805 urbem.
286 749 340 804 Vix
359 750 478 805 triduum
497 750 543 806 hic
561 755 742 805 commoratus
761 746 849 802 calido
867 745 959 816 coepit
980 744 1103 800 infestari
1127 744 1229 799 morbo.
1269 746 1362 800 Batus
1379 747 1443 815 ipse
1459 748 1511 816 pri·

148 836 230 891 mitus
248 836 344 902 iuerat,
363 853 392 891 se
406 852 484 892 sacro
503 844 608 893 tantum
627 838 690 906 igne
703 834 832 902 ustulari,
850 831 965 902 proinde
983 846 1086 899 susque
1105 831 1195 900 deque
1212 847 1298 888 sunm
1317 832 1427 887 ferebat
1445 850 1512 887 mor·

148 923 221 977 brim.
256 925 310 980 Ubi
328 925 432 993 majore
449 926 557 981 fervore
575 926 713 992 urebatur,
732 922 880 977 adhibuere
897 925 1072 989 φλιροτομιαν
1090 920 1136 987 qni
1154 921 1226 975 circa
1245 920 1341 988 ipsum
1359 928 1450 975 aaut.
1467 922 1513 976 sed

149 1011 217 1066 nihil
235 1012 392 1068 effecerunt.
430 1015 510 1069 Brevi
530 1013 600 1068 enim
620 1028 652 1068 eo
671 1011 859 1082 redigebatur,
884 1017 915 1067 ut
933 1008 1030 1066 ardore
1048 1009 1135 1078 magis
1158 1010 1307 1078 magisque
1324 1017 1471 1064 crescems
1486 1025 1513 1063 se

149 1100 238 1168 ipsum
264 1101 415 1156 nesciverit.
452 1103 577 1157 Durante
602 1103 777 1157 morbo-non
800 1100 965 1168 loquebatur
990 1100 1034 1166 (ut
1050 1097 1110 1151 fieri
1129 1097 1247 1156 assolet)
1275 1106 1410 1166 tanquam
1436 1097 1512 1151 ammi

149 1205 270 1258 compos.
307 1190 531 1246 concionatorum
556 1191 660 1259 aliquot
681 1191 770 1260 ipsum
795 1188 900 1257 adiere,
926 1195 955 1242 ct
971 1186 1061 1241 vivida
1085 1185 1245 1239 solatiorum
1271 1200 1345 1254 aqua
1363 1186 1458 1255 ipsum
1475 1202 1512 1239 re·

149 1277 248 1332 fecero.
279 1277 400 1332 Tandem
419 1293 495 1333 meus
508 1279 605 1333 Affinis
618 1276 808 1346 sigismundus
827 1275 1040 1345 christophorus
1060 1275 1220 1328 Donavcrus
1237 1271 1372 1326 Minister
1391 1273 1513 1341 Evange-

150 1362 219 1418 licus
238 1364 445 1420 Ratisbonensis
472 1374 500 1419 et
525 1368 614 1435 ipsum
638 1367 824 1436 agonizantem
847 1366 1027 1437 spiritumque
1052 1366 1110 1419 Deo
1135 1363 1298 1418 reddentem
1323 1363 1462 1417 murale.
1486 1374 1511 1415 vn

152 1450 260 1518 quidem
280 1467 389 1506 servum
406 1454 457 1508 Dei
476 1455 598 1522 addecet,
618 1455 774 1510 consolatus
793 1460 845 1510 est.
880 1455 995 1510 Factum
1014 1453 1066 1507 boc
1084 1459 1127 1508 est
1145 1454 1169 1506 5.
1188 1451 1231 1507 dic
1245 1453 1417 1508 Novembris
1430 1454 1514 1521 (riae

152 1538 239 1593 Anno.
275 1539 355 1593 Nono
373 1539 501 1596 humatus
520 1547 562 1596 cst
581 1543 608 1596 in
626 1542 789 1597 coemeterio
808 1541 869 1595 Divi
888 1539 962 1594 Petri
980 1546 1059 1593 extra
1076 1539 1223 1595 civitatem.
1261 1539 1352 1593 Moris
1372 1539 1446 1594 euim
1464 1556 1512 1593 nor

152 1632 204 1694 ast,
221 1632 253 1680 ut
270 1627 341 1682 intra
359 1629 464 1682 moerria
484 1630 634 1686 liutberani
653 1630 827 1700 sepeliantur.
864 1629 1028 1685 Conciouem
1046 1627 1188 1681 funebrem
1209 1624 1310 1681 babuit
1328 1634 1416 1681 antea
1434 1629 1512 1681 uomi-

153 1719 233 1768 natus
251 1728 328 1768 meus
347 1714 447 1771 affinis.
486 1717 627 1784 Exequiae
645 1718 756 1772 fuerunt
775 1714 1029 1786 satis'spleudidae.
1059 1717 1164 1771 Textus
1184 1714 1311 1769 funebris
1330 1724 1394 1768 erat
1413 1714 1514 1770 desum

152 1808 199 1855 tus
217 1816 253 1854 cx
270 1801 337 1856 Luc.
358 1817 417 1871 cap.
440 1805 481 1860 tt.
499 1822 521 1858 v.
541 1805 584 1862 28.
604 1806 695 1876 Seelig
713 1805 775 1860 sind
793 1806 837 1861 dia
854 1806 951 1861 (lottes
970 1810 1037 1858 vrort
1061 1804 1147 1858 boren
1165 1811 1218 1858 etc.
1257 1802 1352 1857 hedes
1372 1804 1402 1857 in
1421 1804 1514 1871 quibas

153 1890 235 1944 vitam
253 1887 323 1942 finiit
342 1898 407 1945 sunt
424 1892 458 1948 N.
478 1892 709 1948 Hillobrandi.
742 1894 877 1949 Resculaa
895 1893 991 1963 ipsius,
1011 1909 1079 1961 quas
1098 1907 1191 1947 secum
1210 1890 1398 1945 Ratiabouam
1417 1892 1515 1953 attulit,

153 1975 242 2044 sigillo
260 1984 324 2032 sunt
340 1980 521 2036 communitae
538 1997 625 2050 usque
642 1981 677 2037 ad
696 1981 841 2036 adventum
860 1981 945 2051 ipsius
963 1981 1076 2048 Uxoris,
1097 1980 1156 2049 Jam
1178 1979 1286 2034 viduae.
1325 1980 1371 2034 lta
1391 1988 1460 2049 puto
1477 1996 1517 2033 me

153 2078 248 2118 omnes
275 2065 494 2123 circumstantias
521 2075 773 2127 commemorasset
810 2071 886 2125 Haec
903 2069 1064 2136 Fischcrus,
1093 2069 1193 2138 quibus
1217 2066 1307 2125 addo.
1331 2068 1411 2138 qnod
1435 2084 1517 2139 nuper

154 2150 322 2206 Ratiebonae
344 2158 423 2207 tanta
446 2155 521 2210 illum
540 2157 692 2226 Imperator
714 2164 807 2214 noster
827 2158 1017 2213 Fcrdinandus
1041 2157 1129 2228 gratia
1151 2164 1179 2212 et
1197 2156 1345 2211 clementia
1374 2174 1516 2227 proseque

154 2239 236 2293 hatur
253 2239 324 2294 lecto
343 2240 556 2312 decumbentem,
576 2253 604 2298 ut
619 2262 679 2300 cum
693 2247 781 2300 navim
796 2245 999 2303 conscendisset
1013 2252 1040 2299 ct
1055 2245 1165 2314 jamjam
1180 2244 1256 2299 abire
1270 2244 1417 2301 voluisset
1430 2244 1517 2299 :redita

155 2326 287 2396 chplori
305 2326 420 2383 adversa
442 2330 597 2386 valetudine
616 2348 665 2402 per
683 2349 747 2388 suos
765 2333 854 2403 ipsum
872 2331 1000 2396 invisere,
1028 2333 1107 2400 eique
1125 2332 1161 2389 30
1179 2330 1220 2384 vel
1245 2340 1278 2386 ut
1305 2331 1353 2384 alii
1374 2332 1470 2385 volunt
1486 2330 1516 2385 23

155 2428 300 2470 aurarum
318 2418 508 2485 ungarioorum
528 2419 714 2477 valedictionis
727 2422 835 2477 nomine
853 2419 944 2475 offerri
962 2421 1033 2477 serio
1048 2419 1170 2490 jusserit.
1202 2420 1233 2473 In
1253 2418 1354 2473 ultimo
1373 2417 1517 2472 irretitae

156 2502 272 2557 articulo
290 2504 487 2574 interrogatus,
511 2522 565 2575 quo
588 2509 677 2564 medio
696 2523 725 2563 se
743 2506 854 2563 tandem
873 2508 978 2563 salvum
994 2507 1054 2563 fieri
1073 2506 1180 2573 credat,
1207 2505 1386 2560 confidenter
1411 2521 1516 2575 respon·

158 2589 252 2646 debat:
277 2592 363 2668 Uerico
382 2593 540 2651 Saloutaria
557 2598 647 2652 nostri
664 2597 733 2652 Jcsu
753 2596 859 2653 Christi
874 2597 986 2663 merito,
1011 2597 1037 2649 in
1057 2595 1130 2663 quod
1149 2594 1255 2647 scilicet
1275 2608 1360 2647 omne
1377 2594 1515 2648 refugium.

156 2676 284 2731 solatium
303 2686 331 2739 ct
348 2680 463 2735 salutem
482 2697 560 2736 snam
579 2683 719 2738 fundatam
738 2698 798 2737 esse
818 2682 1036 2737 constantissime
1060 2697 1091 2735 se
1109 2680 1215 2735 testari.
1253 2680 1301 2733 Sic
1321 2681 1437 2733 omnino
1455 2680 1515 2749 pei·

156 2764 224 2819 tioni
248 2772 312 2820 tuae
336 2769 506 2824 satisfactum
530 2777 606 2839 puto.
651 2770 731 2839 Quod
756 2777 841 2826 restat
854 2765 892 2824 'ct
915 2785 965 2839 pro
991 2767 1084 2822 oblato
1108 2768 1252 2822 Musarum
1280 2774 1333 2820 etc.
1369 2766 1515 2835 salutisque

158 2851 264 2921 lavoro,
285 2870 339 2922 quo
359 2871 401 2909 me
419 2859 548 2926 prosequi
566 2857 651 2912 literis
670 2858 725 2911 uris
744 2855 866 2924 voluisti,
890 2873 933 2910 me
952 2871 1058 2924 semper
1076 2854 1190 2911 habebis
1214 2852 1292 2907 mille
1311 2853 1404 2908 modis
1424 2852 1517 2921 obliga·

158 2939 291 2995 tissimum
309 2943 398 2996 Tuum
416 2943 446 3000 S.
466 2945 610 3001 Loncium.
642 2944 778 3015 Scriptum
797 2943 962 2999 Ratisbonae
981 2944 1023 2998 24.
1042 2943 1105 2998 lan.
1127 2942 1203 2997 1631.

263 3029 462 3086 Gulielmus
483 3032 721 3089 Schichardus
738 3034 807 3089 haec
825 3031 901 3088 dedit
920 3032 1104 3099 Bemeggero:

266 3118 450 3173 Schichardus
462 3120 634 3189 Berneggero
648 3122 676 3176 S.
697 3128 725 3175 et
741 3120 961 3175 incolumitatem.
999 3118 1078 3186 Quod
1097 3117 1175 3172 siccis
1194 3116 1286 3170 ocrrlis
1304 3116 1351 3169 vix
1373 3117 1425 3170 tibi
1442 3117 1516 3181 sigui-

160 3204 242 3258 iicure
265 3220 390 3274 possum,
416 3208 631 3275 praeclarissime
649 3211 682 3264 D.
702 3210 885 3278 somergem,
910 3208 1055 3264 amicornm
1074 3203 1216 3269 fidissime,
1236 3202 1517 3257 dissimularemus·

161 3291 235 3346 haud
255 3293 349 3362 debeo,
369 3311 545 3363 communem,
566 3297 619 3351 heu
639 3297 788 3365 quondam!
808 3304 929 3351 nocuum
949 3293 1129 3362 Keppierum‚
1154 3290 1222 3344 illud
1242 3290 1438 3345 mathematici
1456 3290 1517 3346 ctteli

160 3379 236 3457 sidus
254 3381 356 3449 primae
375 3383 578 3450 magnitudinis,
598 3383 759 3439 occubuisse
778 3399 811 3437 ac
828 3381 1000 3436 mortalitatis
1013 3381 1179 3435 horizontem
1199 3377 1321 3433 subiisse
1341 3380 1518 3447 proximadie

160 3468 240 3533 alib.
259 3467 327 3521 Nov.
347 3469 512 3523 lintisbonae
536 3471 691 3539 ibidemque
714 3469 851 3537 sepultum
873 3467 960 3537 pridie
980 3468 1082 3521 larnaria
1105 3466 1227 3534 eclipsis.
1254 3476 1285 3518 nt
1313 3482 1417 3535 nempe
1436 3482 1517 3520 coram

160 3570 245 3623 supra
264 3556 407 3622 lustraret,
435 3560 509 3625 quod
528 3558 606 3611 nobis
625 3558 699 3610 humi
718 3555 799 3608 toties
818 3554 977 3608 monstravit
1001 3560 1083 3621 atque
1107 3553 1245 3624 praedixit
1265 3554 1362 3607 etiam.
1402 3555 1425 3603 0
1445 3568 1516 3622 qnam

132 3648 136 3655 '
159 3642 358 3697 inaestimabile
377 3643 504 3699 damnum
524 3661 622 3713 passae
641 3650 705 3697 saint
722 3643 775 3697 hae
793 3641 889 3696 literae
901 3641 1120 3710 incomparabilis
1134 3641 1183 3693 viri
1202 3639 1297 3693 obitu!
1318 3644 1361 3695 :tc
1381 3642 1435 3694 nisi
1449 3643 1515 3695 itia·

159 3728 254 3782 sobius
271 3729 384 3799 aliquis,
411 3742 556 3786 conatuum
576 3731 701 3787 conscius
721 3738 749 3785 ct
766 3729 869 3800 peritus
889 3728 1048 3783 schedarum
1074 3728 1172 3782 haeres
1196 3727 1413 3795 semiperfectas
1435 3730 1517 3781 inris-

160 3816 248 3871 tiones
267 3817 400 3883 absolvat,
419 3819 589 3872 trucidabitur
607 3818 754 3886 posteritas
774 3818 889 3871 maximo
903 3817 1033 3871 nobilium
1048 3815 1267 3884 speculationum
1281 3828 1430 3883 prouentu.
1460 3816 1517 3882 Quis

159 3920 223 3959 vero
249 3907 434 3976 Hipparchum
460 3906 541 3961 edet?
577 3905 644 3973 Quis
668 3904 887 3959 observationum
911 3902 1085 3972 protocolla?
1118 3899 1320 3969 Ephemerides
1346 3902 1422 3955 enim
1447 3901 1515 3954 dcte·

160 3991 256 4059 minus,
275 3995 340 4060 quia
359 3993 492 4048 stabulis
508 3994 565 4060 jam
585 3992 757 4047 exstantibus
777 4006 792 4044 a
810 3992 905 4060 quovis
924 3990 1073 4059 computari
1092 3998 1223 4058 possunt.
1250 3987 1292 4040 illi
1311 4004 1379 4041 vero
1404 4002 1444 4043 tot
1461 3986 1516 4053 rigi·

160 4076 257 4130 liarum
276 4080 382 4134 fructus
400 4096 454 4134 non
473 4096 560 4148 aeque
579 4079 716 4148 parabiles
719 4118 815 4133 .....
853 4078 940 4132 Velim
966 4078 1047 4131 etiam
1067 4077 1099 4129 [l.
1120 4077 1152 4128 lt.
1172 4074 1353 4129 llabrechtus
1375 4076 1516 4129 Aristarchi

161 4165 247 4218 nostri
266 4166 368 4219 obitum
387 4169 526 4223 resciscat.
563 4167 667 4221 Valete.
696 4166 837 4232 Tubingae
855 4164 882 4218 d.
905 4168 945 4219 15.
965 4164 1034 4217 Nov.
1053 4168 1079 4226 (v
1107 4166 1152 4225 st.)
1176 4163 1250 4216 toto.

267 4253 341 4308 ldem
362 4253 395 4306 ad
415 4256 544 4307 cundem:
565 4255 695 4322 ttbsecro,
715 4254 781 4322 quid
800 4253 885 4307 babes
904 4252 937 4304 dc
957 4259 1029 4303 statu
1048 4249 1144 4303 viduae
1164 4249 1327 4318 tlieplcrii':
1363 4254 1407 4305 Au
1427 4252 1515 4317 S-rari

162 4340 298 4407 persistet,
318 4349 366 4395 aut
378 4342 542 4397 Fridlandus
557 4343 670 4412 gratiam
684 4342 795 4411 pupillis
814 4340 894 4394 ctiam
908 4343 1046 4407 prorogat,
1067 4337 1139 4406 quod
1159 4335 1288 4404 equidem
1302 4338 1428 4393 ‹leinncti
1441 4354 1515 4389 ιιι-,ιιι

161 4434 188 4480 et
207 4427 321 4482 eruditio
340 4437 498 4482 mereretur.
536 4432 602 4485 ltem
623 4431 667 4484 ribi
687 4440 742 4486 tam
760 4430 806 4483 diu
825 4430 857 4486 l).
875 4426 1049 4490 Bartschius‚
1070 4426 1211 4494 ecquando
1231 4436 1391 4481 revertetur
1411 4428 1444 4481 ad
1463 4442 1515 4494 pr.»

162 4512 305 4567 tassionem
324 4516 376 4570 sibi
394 4516 532 4571 vobiscum
552 4517 735 4574 destinatam?
766 4518 808 4573 Ex
829 4516 930 4572 redttcc
949 4530 1016 4568 aveo
1035 4513 1117 4579 scire,
1143 4512 1209 4580 quid
1228 4513 1264 4566 de
1283 4513 1441 4582 pvosthnrnis
1458 4514 1515 4565 i‘rr·

162 4599 229 4653 tricis
248 4602 412 4668 sperandum
431 4605 467 4657 sit
485 4606 520 4671 (d.
540 4606 581 4660 211.
602 4607 668 4675 ataj.
691 4608 777 4673 toti).

267 4688 456 4756 Berneggcrus
480 4694 636 4760 respondit:
665 4694 706 4747 lle
726 4692 918 4762 chplerianis
944 4691 1025 4745 rebus
1051 4689 1096 4742 six
1118 4688 1267 4756 quicquam
1287 4690 1360 4754 scio,
1384 4690 1436 4743 nisi
1452 4686 1514 4755 qul

163 4774 280 4840 memini,
298 4776 331 4829 Ι).
351 4777 523 4832 ltartschium
542 4780 648 4848 pridem
668 4781 820 4851 scripsisse,
840 4781 875 4835 ad
893 4777 1068 4834 succidendus
1088 4775 1301 4830 observationes
1314 4776 1515 4845 tyrannicae

162 4867 253 4915 cetera
270 4861 456 4919 Fndlaudium
480 4864 576 4921 ducem
604 4868 640 4925 ob
663 4877 797 4927 mutatum
818 4883 908 4931 rerum
932 4882 1044 4923 sumum
1068 4868 1172 4921 summ
1194 4872 1307 4922 sumtus
1329 4880 1387 4921 aon
1410 4862 1514 4935 amphus

172 5120 184 5151 h
