3322 5534
239 377 306 449 960
756 375 822 434 uia
837 375 954 434 loannis
970 375 1092 447 Kepleri.

238 555 324 616 facilc
352 554 414 615 ficri
436 557 549 634 potuit,
581 563 614 615 ut
644 558 694 632 qui
718 557 896 618 Perdinaudi
925 559 957 615 in
983 556 1072 617 rebus
1098 556 1190 616 sacris
1218 558 1388 617 consiliarii
1419 565 1451 617 et
1479 566 1606 618 sudores

240 654 333 717 erant,
356 643 516 718 chlerum
539 643 685 704 adducere
709 643 835 719 uellent,
859 652 893 704 ut
913 643 1002 705 fldem
1024 653 1164 717 mutaret,
1186 661 1247 720 qua
1269 663 1304 703 re
1326 645 1399 704 sols
1420 644 1485 705 fieri
1505 656 1606 722 posset,

240 741 274 790 ut
296 729 392 790 Gratii
415 740 586 791 remaneret
633 731 725 808 Cujus
748 733 817 791 lacti
841 734 979 808 quamvis
997 749 1058 790 non
1088 740 1193 807 aperta
1216 734 1397 792 testimonis
1421 733 1521 792 afferri
1540 751 1604 810 pos·

240 822 308 891 siut,
331 829 428 876 tamen
451 838 488 877 ex
510 828 574 877 toto
596 835 691 878 rerum
713 827 793 879 statu
816 819 976 880 verisimile
998 827 1053 891 est,
1076 818 1237 895 Keplerum
1259 820 1418 894 ejusmodi
1434 820 1606 880 cohortatio-

239 907 327 964 nibus
352 916 381 964 et
405 907 629 965 invitationibus
651 907 824 983 perductum
846 924 927 978 esse,
952 914 985 965 ut
1005 905 1162 967 Herrvarto
1184 910 1370 967 sententiam
1394 925 1485 967 susm
1508 910 1605 978 rerb‘u

240 1010 316 1069 quae
339 992 358 1050 l.
383 1011 407 1053 c.
432 994 586 1069 leguntur,
618 997 753 1070 aperiret.
799 993 984 1054 Jesuitarum
1014 997 1116 1068 utique
1145 993 1324 1068 permultum
1359 997 1552 1068 interfuisse,
1578 1006 1606 1055 ut

240 1083 344 1152 virum,
369 1081 466 1156 qualis
489 1080 635 1157 Keplerus
658 1091 730 1153 erat,
753 1081 792 1140 ad
814 1099 899 1140 suam
922 1081 1009 1141 fidem
1024 1081 1224 1153 conciliarent,
1247 1082 1367 1140 ideam
1393 1101 1450 1158 per
1471 1102 1505 1143 se
1519 1085 1605 1159 ipsun

240 1169 398 1227 verisimile
421 1180 482 1237 est,
507 1180 568 1225 tum
591 1168 740 1227 literarum
764 1170 947 1238 commercio,
971 1168 1051 1244 quod
1074 1180 1179 1244 postca
1201 1187 1268 1228 curn
1286 1168 1429 1229 Guldiuo
1445 1182 1477 1230 et
1492 1172 1605 1230 ailberto

241 1255 343 1323 Curtio
357 1253 483 1312 Jesuitis
505 1256 717 1331 frequentavit,
742 1258 856 1314 ratione
877 1259 951 1314 satis
973 1264 1055 1314 certa
1075 1258 1293 1331 comprobatur.
1325 1259 1452 1332 Quibus
1469 1259 1508 1316 de
1523 1258 1604 1317 literis

240 1360 329 1401 uuam
352 1340 472 1399 Guldini
503 1342 661 1417 epistolam
691 1346 855 1401 invenimus
882 1342 1019 1423 (eamque
1050 1341 1235 1421 decriptam),
1268 1361 1331 1418 qua
1365 1344 1422 1404 ille
1452 1344 1604 1420 Keplerum

242 1432 342 1489 verbis
371 1432 513 1504 gravibus
536 1429 648 1500 edocet,
672 1441 782 1504 quanto
805 1433 844 1489 sit
867 1429 940 1489 fides
955 1428 1101 1489 catholiea
1116 1430 1210 1504 major
1225 1440 1254 1489 et
1269 1434 1374 1506 potior
1392 1450 1487 1507 quam
1502 1433 1604 1491 lutbe-

239 1535 327 1589 rana,
360 1519 451 1574 Curtii
482 1526 581 1574 autern
604 1518 768 1592 complures
799 1525 916 1578 emtam
945 1515 1104 1593 epistolae,
1134 1510 1258 1592 quibus'
1278 1520 1423 1593 epistolis
1456 1519 1604 1596 respondet

242 1603 446 1680 Keplerianis3
477 1613 510 1661 ut
536 1605 601 1679 ejus
629 1607 759 1662 altimum
790 1605 828 1662 ad
850 1621 934 1662 suam
963 1606 1139 1663 seutemiam
1162 1606 1257 1679 magis
1280 1605 1460 1680 inclinaret,
1492 1618 1604 1667 conteu-

239 1694 335 1750 tiooes
358 1691 455 1762 alieri,
480 1709 555 1765 quae
579 1693 653 1765 inter
678 1691 861 1751 buthcranos
885 1693 966 1767 ipsos
993 1700 1054 1749 tum
1082 1700 1165 1749 ortae
1192 1702 1301 1750 essent
1351 1692 1476 1768 Quibus
1499 1694 1603 1754 onobu

240 1776 374 1855 Loyolae
397 1779 593 1837 sectatoribus
616 1796 692 1854 quae
714 1789 783 1838 sunt
803 1781 930 1853 scriptae
952 1797 972 1838 a
993 1777 1123 1854 Keplero
1147 1779 1301 1854 epistolae,
1326 1783 1359 1837 in
1384 1800 1506 1840 summa
1520 1798 1604 1858 quse·

243 1866 326 1925 rendi
349 1883 420 1924 cura
442 1867 568 1923 inveniri
592 1884 650 1924 uon
673 1874 822 1942 poterant,
846 1883 934 1941 quam
957 1865 1080 1924 obrem
1103 1884 1138 1925 cr
1161 1869 1312 1941 responsis
1336 1869 1379 1926 ab
1404 1870 1468 1928 illis
1491 1869 1603 1929 redditis

243 1952 300 2012 hoc
323 1971 413 2010 ununt
436 1953 580 2027 conjicere
604 1952 681 2021 licet,
706 1952 773 2012 illos
796 1952 959 2028 Keplerum
989 1952 1028 2011 ad
1059 1969 1144 2011 anam
1172 1952 1259 2012 fidem
1290 1954 1449 2016 adducere
1473 1957 1602 2026 volu'ns,

240 2040 320 2099 bunc
347 2052 446 2099 autem
477 2042 614 2099 omnibus
644 2041 894 2118 postulationibus
925 2041 1081 2099 lonasime
1111 2039 1272 2100 obstitisse.
1318 2040 1423 2116 Quem
1453 2045 1602 2103 sutem'u

240 2127 361 2187 modum
389 2145 421 2186 se
453 2130 591 2202 gesserit,
621 2146 688 2187 curn
716 2131 743 2186 ei
766 2147 785 2187 a
808 2127 984 2187 Lutberanis
1013 2135 1042 2187 et
1072 2126 1279 2186 Lineiensibus
1309 2139 1344 2187 et
1367 2129 1602 2208 Tubiugemibu

241 2215 427 2291 objiceretur,
451 2215 527 2273 clam
551 2233 617 2274 cum
640 2232 748 2274 causae
771 2214 966 2274 Calvisianae
989 2214 1099 2286 lavere,
1123 2232 1213 2290 supra
1235 2216 1367 2274 relatum
1390 2230 1449 2278 cst.
1471 2252 1518 2263 -

345 2301 417 2361 Jam
440 2320 505 2360 cum
529 2306 654 2378 primum
677 2305 782 2375 (misso
796 2302 974 2377 Prodromo)
997 2304 1072 2360 iuter
1093 2301 1310 2378 Tychonem
1340 2314 1374 2362 et
1396 2305 1601 2382 Keplersn

239 2388 390 2448 literarum
413 2393 618 2448 commercium
642 2390 810 2449 inchoatum
833 2397 893 2461 est,
925 2391 954 2446 in
977 2389 1110 2464 epistolis
1142 2406 1219 2464 quse
1248 2393 1290 2448 sit
1318 2390 1410 2465 justa
1443 2394 1484 2454 de
1507 2393 1601 2454 muudt

243 2476 434 2554 bypotbesis,
464 2477 544 2535 baud
575 2496 640 2535 raro
668 2477 802 2554 pluribus
832 2476 1007 2553 disputatur.
1058 2474 1162 2552 'l'ycbo
1192 2476 1329 2552 quidem,
1368 2484 1513 2555 quamvis
1539 2483 1601 2541 ratis

242 2563 445 2640 Copcruicana
469 2567 494 2623 ei
518 2568 636 2623 minime
659 2565 802 2640 placeret,
832 2573 931 2624 tamen
952 2562 1163 2622 Ptolemaicam
1185 2563 1292 2623 lslsam
1314 2582 1387 2626 esse
1414 2570 1495 2630 bene
1527 2569 1601 2628 intel-

241 2650 309 2728 ligit
337 2663 366 2712 ct
398 2651 469 2728 quid
500 2654 529 2707 in
559 2663 685 2727 utraque
712 2656 825 2711 ratione
853 2652 967 2727 justum
995 2653 1050 2720 sit,
1080 2650 1137 2708 boc
1164 2649 1253 2710 modo
1280 2653 1375 2712 simul
1401 2657 1507 2717 valere
1527 2671 1601 2732 poert

240 2739 343 2812 credit,
367 2748 399 2797 ut
422 2739 512 2797 Terra
535 2741 574 2797 sit
597 2742 728 2809 immota,
751 2739 801 2798 Sol
825 2741 903 2797 circa
923 2738 1059 2810 Terram,
1083 2740 1161 2797 circa
1177 2737 1278 2797 Solem
1300 2740 1452 2815 planetae
1475 2756 1601 2803 rotentsr.

240 2826 401 2903 Keplcrum
425 2829 533 2901 itaque,
559 2844 647 2900 quam
670 2827 698 2882 in
714 2826 876 2884 Prodromo
897 2828 1065 2901 exposuerit
1087 2827 1238 2897 rationem,
1263 2845 1333 2886 eam
1351 2832 1383 2887 iu
1408 2831 1601 2891 doctrinan

240 2933 274 2975 sc
297 2918 445 2973 inventam
470 2914 624 2972 transferre
649 2913 752 2971 voluit.
798 2912 907 2971 Contra
929 2912 1075 2988 Keplerus
1095 2913 1228 2986 juvenis,
1252 2926 1317 2972 tum
1342 2916 1463 2996 (1598)
1485 2919 1600 2978 noud-

241 3005 317 3060 inter
340 3002 442 3061 doctos
457 3004 603 3076 cognitus,
626 3001 771 3079 Tycboni,
795 3002 858 3059 viro
873 3000 1045 3072 clarissimo,
1068 3002 1119 3075 qui
1142 2998 1325 3060 blandiendo
1341 3016 1506 3083 corruptus
1524 3006 1601 3065 ali·

240 3092 298 3148 sibi
322 3090 442 3164 obloqui
465 3106 524 3145 non
548 3092 762 3157 consuevisset,
785 3088 944 3146 fortissimo
967 3089 1065 3146 animo
1087 3089 1220 3145 resistere
1237 3099 1267 3145 et
1289 3091 1444 3151 rationem
1470 3093 1599 3169 Coperui·

241 3195 345 3236 canam
376 3178 471 3234 solam
501 3194 599 3233 verant
629 3175 798 3251 praedicare
830 3168 920 3234 ausus
950 3184 1004 3234 est.
1053 3172 1163 3232 Postea
1193 3192 1332 3250 quoquc.
1367 3197 1438 3238 cum
1468 3181 1599 3258 Keplerus

239 3264 367 3340 Pragnm
398 3264 589 3339 demigrasset
618 3275 647 3321 et
676 3266 732 3338 ipsi
760 3265 969 3320 convenissent
990 3260 1115 3340 (1600),
1146 3264 1279 3337 inprimis
1312 3264 1352 3323 de
1387 3268 1497 3327 eadem
1519 3285 1599 3345 quac·

241 3355 337 3410 stione
361 3371 379 3409 a
404 3353 473 3408 viris
498 3360 527 3408 et
550 3352 734 3408 sermonibus
757 3348 944 3408 hilarioribus
958 3349 1138 3425 disputatum
1161 3359 1191 3408 et
1206 3358 1427 3414 controuersiis
1452 3357 1599 3416 acrioribus

242 3448 385 3498 certatum
409 3448 464 3496 est.
496 3437 593 3510 Quum
617 3451 716 3495 autem
740 3448 861 3513 uterque
885 3440 914 3494 in
936 3455 991 3494 sua
1013 3439 1150 3512 opinione
1175 3437 1360 3497 obstinatius
1379 3452 1599 3518 perseverarat,

240 3527 315 3586 baec
338 3529 467 3584 virorum
490 3524 635 3584 dissensio
666 3535 781 3600 praeter
810 3523 885 3583 alias
915 3542 1020 3583 causam
1047 3527 1197 3599 graviores
1220 3524 1391 3600 Keplerum
1424 3542 1460 3589 nt
1482 3549 1532 3608 per
1550 3529 1597 3588 sli-

241 3622 382 3690 quantum
416 3614 554 3687 temporis
582 3630 601 3669 a
629 3612 771 3687 Tyelroue
801 3611 964 3670 discederet
991 3613 1172 3686 permovisse
1210 3611 1342 3673 viderur.
1402 3618 1525 3678 Certum
1553 3627 1597 3687 ert,

240 3702 411 3778 'l'ycltonem
433 3719 451 3758 a
474 3700 604 3775 Keplero
627 3699 809 3775 postulasse,
833 3707 865 3756 ut
886 3701 1029 3757 rationem
1052 3698 1251 3776 Tyehonicsm
1279 3709 1474 3776 argumentis
1499 3705 1597 3764 mstbe

241 3792 356 3847 maricis
386 3789 536 3863 probaret,
568 3786 727 3861 Keplerunr
757 3796 856 3844 autem
884 3786 940 3845 hoc
968 3786 1149 3862 postulatum
1177 3792 1390 3863 recusat-issu
1422 3794 1506 3869 quod
1534 3792 1596 3850 idsu

240 3875 412 3953 Tychonenr
436 3874 641 3933 moribundum
665 3875 703 3931 ab
727 3885 895 3932 astronomo
918 3872 1093 3950 postulasse,
1116 3873 1237 3948 Kepleri
1254 3882 1435 3940 narratione
1459 3881 1597 3940 coufirma-

241 3974 303 4021 tum
323 3963 385 4037 jam
408 3981 498 4040 supra
522 3962 659 4019 traditum
683 3972 737 4019 est
762 3993 804 4003 -

346 4050 509 4124 Postquam
533 4050 569 4108 de
593 4051 728 4126 propiore
752 4051 827 4106 inter
849 4047 1019 4124 Tyehonem
1042 4058 1072 4107 et
1093 4046 1256 4124 Keplerum
1278 4053 1509 4114 necessitudine
1529 4062 1596 4112 rsu-

242 4135 339 4207 limus,
362 4137 400 4194 ad
423 4137 511 4210 lrtrjus
527 4154 624 4194 mores
647 4135 773 4212 amplius
796 4134 1003 4194 describendos
1026 4135 1100 4194 baec
1122 4152 1243 4210 quoque
1266 4136 1384 4199 addere
1408 4142 1514 4214 liceat,
1535 4154 1596 4216 qest

239 4225 278 4282 ab
302 4225 348 4291 iis,
372 4226 480 4298 quibus
504 4224 623 4300 liepleri
647 4226 764 4299 propria
786 4233 892 4281 natura
914 4239 972 4281 nort
995 4226 1160 4281 accurratius
1184 4236 1346 4299 perspecta
1370 4239 1434 4301 est,
1459 4229 1597 4289 huleritio

239 4310 342 4368 baberi
359 4322 489 4386 possent.
519 4309 667 4386 Keplerus
682 4313 760 4368 enim
783 4319 900 4368 comet
922 4309 993 4384 qnid
1012 4311 1135 4384 justum,
1158 4308 1232 4382 quid
1258 4312 1409 4386 injustum
1426 4328 1516 4389 eset,
1535 4316 1595 4374 base

241 4398 426 4471 intelligeret,
450 4410 480 4455 et
495 4416 609 4455 summo
626 4397 737 4473 pudore
753 4407 840 4469 esset,
864 4415 900 4455 ea
916 4415 991 4471 qrrae
1008 4397 1119 4470 injusta
1135 4395 1180 4454 rel
1196 4395 1275 4456 laisa
1292 4400 1490 4478 videbuntur,
1505 4417 1594 4477 magu

239 4487 358 4560 saepius
370 4485 529 4543 acerbitate
541 4486 689 4543 refutavit.
713 4484 853 4558 Qualium
865 4485 1072 4543 relutationum
1092 4483 1219 4557 vestigia
1235 4495 1267 4543 et
1281 4486 1315 4543 iu
1330 4493 1424 4549 variis
1441 4488 1595 4568 ejusopeti·

241 4571 296 4628 bus
320 4574 523 4644 inueniuntur,
547 4575 588 4631 ita
610 4572 728 4647 quidem
753 4582 784 4630 ut
806 4573 861 4648 ipsi
881 4571 1062 4643 adversarii,
1089 4589 1165 4646 quos
1187 4574 1282 4645 petit,
1309 4575 1353 4634 ab
1379 4577 1453 4637 aliis
1476 4589 1594 4654 cumn

239 4673 298 4714 non
321 4662 449 4733 possint,
474 4671 502 4718 et
527 4663 554 4716 in
579 4660 711 4735 epistolis
735 4659 934 4736 compluribus
957 4659 1103 4733 ejusmodi
1133 4658 1377 4732 significationes
1400 4668 1510 4727 insunt.
1547 4660 1593 4736 Ου’

239 4741 360 4819 Keplcri
384 4749 499 4804 animus
516 4747 665 4804 irritabilis
682 4749 785 4804 mirum
801 4750 830 4802 itt
847 4746 967 4804 modum
981 4750 1119 4823 apparuit
1133 4756 1205 4813 tum,
1230 4763 1301 4805 cum
1319 4754 1451 4827 prinum
1466 4750 1592 4830 Tydeus

239 4832 451 4893 consuetudine
475 4836 518 4894 uti
541 4837 696 4914 coepisset,
720 4837 772 4894 ubi
785 4833 943 4913 Keplerus,
966 4852 1034 4895 cum
1058 4834 1323 4897 vaiement'usims
1348 4841 1426 4902 iram
1447 4845 1478 4901 iu
1492 4837 1591 4923 'lydu-
