3308 5534
148 397 215 468 720
433 399 437 405 ·
662 394 999 469 vitatosnnisiiepiai.

148 579 259 657 optime
280 574 426 637 collocare
448 592 500 654 per
521 575 580 637 hoe
601 578 797 655 interregnum
810 575 1030 640 scholasticum.
1068 573 1189 637 Utinam
1204 574 1236 635 id
1254 573 1435 654 perpetim
1447 580 1490 635 aa

147 683 167 724 a
188 665 329 743 quopiam
351 664 543 738 edoceantur,
571 681 604 725 se
625 682 763 742 magnam
791 676 904 746 partem
930 663 1056 742 gloriae,
1084 681 1174 740 quam
1196 663 1233 726 0.
1255 661 1326 722 ii*
1347 670 1492 741 most!

147 754 242 812 tribus
263 759 316 811 aut
336 760 463 828 quatuor
484 751 626 811 florenum
649 752 780 813 millibus
803 756 832 812 in
854 768 948 814 annos
969 751 1113 829 singulos,
1136 752 1255 811 nonnisi
1278 749 1492 811 mussulae

148 843 255 917 exiguo
279 839 468 899 ducentorum
490 839 637 917 stipendio
659 840 699 900 ad
720 858 753 901 se
776 841 909 902 densare
930 856 1028 918 posse
1073 837 1132 899 Sed
1154 847 1185 899 et
1206 838 1276 918 plus
1299 846 1403 919 petere
1421 836 1492 897 rida-

148 929 210 1001 bor,
232 944 321 1003 quam
344 944 441 988 meam
462 925 566 987 deceat
588 925 772 988 modoetiam.
801 927 873 990 lam
887 931 1005 987 noviter
1026 928 1104 988 enlm
1125 925 1218 987 literis
1242 929 1335 987 amiel
1356 924 1492 1002 ani-ns

148 1016 219 1074 mibi
240 1014 365 1074 relatum
387 1023 443 1087 eet,
465 1013 598 1074 decretos
619 1015 690 1074 mibi
714 1014 857 1076 ducentos
879 1014 1009 1076 thaleros
1036 1031 1089 1093 pro
1112 1013 1245 1076 editione
1266 1020 1299 1074 et
1322 1012 1492 1075 dedicarint

146 1101 240 1163 libelli
262 1104 329 1162 mei.
373 1101 479 1178 ltaque
508 1110 622 1162 motum
652 1104 738 1165 abest
759 1112 793 1162 ut
821 1106 885 1183 ipse
913 1119 968 1180 ego
997 1118 1173 1163 consensum
1202 1102 1345 1162 ordinum
1374 1102 1404 1160 is
1429 1099 1492 1159 ime

147 1207 259 1251 moram
281 1206 377 1250 meam
405 1195 503 1268 petere
526 1193 650 1268 possim,
683 1199 716 1250 ut
738 1192 787 1249 rix
809 1193 895 1251 aliter
917 1191 1038 1251 iniamia
1060 1206 1159 1250 carere
1186 1192 1304 1269 possim
1330 1190 1404 1262 rrlsl,
1429 1186 1491 1247 sias

146 1279 249 1356 iussus
271 1278 311 1337 ab
332 1279 405 1355 ipsis
426 1277 475 1336 bic
496 1295 622 1352 manere,
645 1294 692 1337 me
714 1277 744 1337 id
766 1295 855 1356 aegre
876 1279 972 1338 iacere
994 1277 1137 1339 simulem.

252 1363 366 1441 Quodsi
388 1363 470 1424 solus
491 1364 594 1442 Tycbo
624 1365 734 1425 scribat
755 1365 794 1426 ed
817 1365 973 1439 Proceree,
1004 1364 1084 1442 quod
1111 1382 1144 1424 se
1171 1364 1323 1424 iacturum
1345 1362 1491 1443 pellicatu,

148 1451 251 1514 videor
273 1469 332 1511 nou
354 1454 428 1511 satie
449 1453 574 1512 multum
599 1455 785 1530 magistratui
807 1470 873 1514 meo
897 1454 1074 1527 tributurus,
1107 1450 1210 1512 videor
1231 1453 1324 1511 nimis
1345 1449 1491 1527 maa-

147 1543 334 1601 instituturus
357 1541 538 1617 petitionem,
563 1546 596 1600 ut
617 1541 731 1601 scilicet
752 1543 866 1618 integra
887 1541 1065 1601 universitas
1085 1541 1202 1618 privato
1225 1537 1352 1598 domino
1366 1536 1492 1599 cosssls

148 1631 312 1705 ministrum
334 1645 430 1690 suum.
475 1625 542 1703 Quo
570 1636 658 1707 pacto
688 1635 802 1703 metuo,
833 1637 867 1689 ut
893 1629 1042 1705 repulsam
1071 1628 1163 1687 leram
1189 1633 1245 1686 sut
1274 1626 1351 1685 mibi
1377 1625 1491 1705 pleuh

147 1717 250 1777 missio
280 1722 475 1794 proponatur,
506 1732 584 1792 quae
609 1715 681 1775 mibi
708 1718 808 1793 gravis
836 1715 980 1778 accideret
1010 1721 1129 1796 proptor
1154 1730 1296 1789 uxorem,
1319 1729 1449 1774 sooeru
1465 1720 1490 1771 ι

149 1802 252 1865 slbnsa
273 1805 304 1861 in
327 1803 435 1880 Scyria.

251 1889 322 1951 Jam
345 1908 425 1963 vero,
448 1897 481 1949 ut
502 1889 611 1967 fingam
633 1890 755 1952 eonoedl
776 1890 857 1964 mibi,
881 1888 961 1968 qnod
983 1892 1127 1969 petituros
1149 1906 1225 1964 snm,
1248 1905 1312 1949 nou
1334 1887 1416 1949 lases
1435 1892 1490 1947 m

147 1977 336 2039 difficultates
363 1980 578 2039 oeconomicon
624 1979 727 2039 Deeeri
758 1996 833 2038 uxor
860 1980 974 2054 integro
1004 1979 1122 2038 biennio
1150 1976 1201 2039 rel
1230 1975 1363 2056 amplius
1383 1975 1490 2035 imas

147 2084 208 2127 non
231 2073 337 2145 potest.
384 2067 421 2125 At
443 2067 469 2124 si
491 2064 550 2126 hue
571 2064 743 2141 adducatur,
766 2083 825 2125 non
847 2068 902 2126 erit
923 2065 954 2125 id
976 2067 1039 2126 sine
1066 2071 1173 2127 sumtu.
1221 2064 1287 2125 lieo
1308 2064 1397 2125 aliter
1414 2076 1489 2141 qun

147 2155 271 2215 honeste
294 2160 324 2212 et
345 2155 435 2212 misso
466 2170 551 2213 curru
579 2153 724 2214 deducere
751 2153 834 2213 illam
864 2169 992 2232 possum.
1038 2150 1112 2228 Quis
1142 2168 1214 2230 ergo
1244 2160 1364 2213 snmtns
1391 2148 1428 2209 sd
1447 2150 1489 2207 its

147 2241 364 2322 suppeditabit,
396 2239 432 2300 de
459 2243 633 2301 necessariis
663 2241 702 2301 ad
730 2240 854 2302 reditum
879 2242 944 2318 quis
972 2240 1113 2300 cavebit?
1148 2240 1242 2316 Quis,
1271 2256 1354 2318 quae
1375 2236 1487 2297 dania

146 2328 275 2410 praediis
297 2330 395 2387 uxoris
416 2327 619 2405 negliguntur,
643 2331 791 2403 restituet,
814 2330 881 2405 quir
901 2329 1053 2406 neglectas
1075 2327 1304 2388 commoditates
1325 2334 1357 2387 et
1378 2338 1487 2385 aaa·

147 2417 283 2489 reditum,
306 2423 422 2475 centum
445 2416 572 2494 amplius
594 2416 712 2476 florenis
727 2415 950 2489 aestimandum,
973 2433 1010 2476 es
1025 2414 1154 2475 donariis
1169 2415 1337 2476 faventium
1350 2414 1420 2474 mibi
1431 2426 1487 2491 prs·

149 2522 247 2567 cerum
278 2502 501 2581 compensabit?
538 2504 584 2563 An
614 2503 696 2565 solus
718 2503 822 2582 'l'yobo
851 2502 973 2564 omnini
1015 2502 1072 2562 Vix
1102 2505 1198 2563 saciet
1247 2503 1296 2561 An
1326 2518 1384 2579 ego
1407 2500 1486 2559 σιὰ

149 2594 348 2654 astronomiae
377 2609 469 2652 causa
497 2591 668 2669 negligam?
704 2590 837 2664 Vellem,
868 2593 895 2651 si
923 2590 996 2650 mihi
1022 2598 1211 2669 suppeterent
1242 2588 1366 2649 alianda
1393 2594 1485 2648 m

149 2681 307 2741 necmaarii
329 2677 368 2738 sd
391 2679 526 2741 alendam
549 2680 615 2739 loco
639 2683 791 2757 peregrino
814 2676 972 2754 familiam,
1001 2679 1027 2737 si
1049 2695 1108 2738 non
1130 2678 1168 2739 de
1190 2680 1293 2738 uxoris
1315 2692 1400 2737 mma
1418 2672 1484 2735 δι’

149 2775 300 2847 ageretur,
331 2784 456 2843 qaorum
486 2774 564 2826 tutor
586 2784 652 2826 cum
674 2769 746 2842 sim,
779 2764 948 2843 diligentem
977 2783 1025 2826 me
1047 2765 1198 2828 custodem
1227 2783 1295 2828 ease
1321 2766 1401 2825 lsms
1418 2768 1485 2842 l*

53 2884 55 2889 ·
149 2855 240 2919 huma
257 2855 354 2931 jubet.

256 2942 368 3018 Quodsi
391 2941 463 3000 milri
486 2949 600 3001 constet
622 2941 824 3003 adducendam
847 2958 980 3015 uxorem,
1000 2941 1063 3018 jam
1086 2941 1160 3000 illud
1181 2938 1407 3019 dispiciendum,
1426 2946 1485 2995 tn·

150 3031 252 3110 porinc
273 3047 392 3108 paream
420 3032 483 3106 ipse
515 3046 571 3105 ego
595 3037 624 3089 et
646 3030 738 3088 alium
761 3032 812 3107 qui
835 3046 954 3088 uxorem
977 3029 1105 3089 adducat
1132 3028 1299 3089 conducam
1321 3046 1359 3088 es
1380 3038 1485 3086 coos*

150 3120 265 3194 guineis
287 3119 361 3194 eJus,
384 3116 464 3193 quod
488 3116 623 3192 equidem
638 3117 748 3192 malim,
772 3134 809 3177 an
832 3134 903 3177 vero
925 3118 989 3194 ipse
1004 3116 1189 3186 descendam,
1212 3117 1316 3175 omnia
1330 3111 1485 3176 conniis

151 3222 267 3283 ponem,
291 3221 411 3264 uxorem
434 3205 556 3264 honeste
579 3209 744 3283 praesentia
765 3222 832 3265 mes
853 3206 982 3277 comiter,
1006 3212 1036 3264 et
1049 3206 1092 3264 sie
1107 3207 1197 3264 etiam
1211 3220 1261 3265 mc
1284 3202 1485 3263 iterumalst·

149 3291 350 3353 Proceribus‘l
381 3292 528 3352 Fortassis
550 3290 581 3350 id
605 3295 648 3351 ita
668 3291 732 3352 fieri
750 3290 919 3352 consultam
941 3295 1030 3352 etiam
1053 3299 1170 3370 propter
1190 3308 1291 3351 meam
1314 3288 1486 3351 cxistiub't·

150 3397 227 3454 uem,
249 3397 287 3440 ne
308 3387 413 3456 potent
428 3378 583 3453 Ordioarii,
606 3397 672 3439 meo
694 3380 832 3439 instinctu
854 3378 917 3439 fieri
939 3382 1005 3452 ista,
1028 3378 1081 3439 sed
1102 3380 1235 3440 babeant
1253 3396 1304 3440 ma
1326 3384 1486 3441 osmi*

150 3470 176 3528 si
198 3469 353 3546 quiescens
376 3484 431 3543 ego
454 3466 535 3526 domi
556 3466 649 3526 literis
671 3483 792 3528 rerocer
812 3469 843 3525 in
865 3466 1048 3530 Bobemiam.

255 3553 333 3614 lllud
356 3557 445 3614 etiam
468 3554 729 3628 considerandum,
760 3570 848 3631 quem
875 3553 973 3614 locum
994 3553 1033 3613 ed
1056 3552 1252 3615 habitandum
1274 3553 1369 3613 salim
1387 3549 1486 3627 alkm-

150 3640 248 3719 Praga
271 3645 345 3702 meis
367 3642 473 3701 studiis
494 3650 565 3720 apta
587 3650 646 3715 est,
677 3642 764 3702 isthic
788 3649 833 3702 eet
852 3640 1019 3719 frequentia
1040 3644 1211 3713 nationum,
1235 3641 1326 3701 istliio
1347 3638 1487 3700 πω

150 3730 239 3790 rebus
267 3732 340 3791 meie
368 3731 532 3808 prospicere
561 3747 694 3808 possem,
725 3730 811 3789 isthic
840 3737 886 3789 est
914 3729 1017 3806 aliqua
1047 3732 1122 3790 inter
1149 3728 1288 3787 homines
1310 3727 1487 3805 germani·

151 3819 282 3893 linguam
306 3816 447 3878 callentes
469 3821 646 3891 amoenitas,
675 3835 735 3895 qua
756 3817 867 3877 soletur
889 3834 962 3876 uror
988 3834 1056 3877 mes
1076 3819 1239 3877 amicorum
1261 3824 1293 3876 ct
1316 3822 1488 3892 mgnssn

150 3905 324 3968 absentiam.
362 3904 471 3964 Contra
493 3922 552 3965 non
574 3912 672 3984 potest
694 3904 780 3964 isthic
804 3906 864 3963 rivi
886 3906 945 3964 nisi
966 3920 1074 3980 magno
1096 3913 1205 3976 sumtu,
1229 3905 1282 3980 qui
1298 3899 1486 3963 mibirslsss

150 3994 280 4070 suppetit
304 3992 351 4052 rel
373 4011 393 4052 a
413 3991 554 4070 Tycbone
577 4011 635 4052 non
657 3991 902 4070 suppeditabitur.
947 3990 1057 4052 Hicin
1080 3991 1216 4051 Benatka
1238 3993 1330 4069 pauci
1350 3998 1416 4051 suat
1431 3998 1487 4063 μ’

152 4081 239 4151 mani,
263 4077 392 4138 solitudo
415 4079 580 4151 bominum,
603 4079 754 4158 l'ycbonis
772 4096 840 4140 rero
862 4088 1006 4156 angustae
1020 4078 1118 4152 sedes,
1141 4096 1252 4156 magna
1266 4072 1486 4139 mrostsnffss

151 4167 199 4223 cni
225 4165 317 4225 nolim
346 4168 508 4226 immiscere
538 4183 635 4242 meos,
666 4169 717 4243 qui
748 4167 953 4243 tranquillitati
976 4174 1006 4226 et
1028 4167 1190 4227 modestiae
1219 4172 1422 4228 aesrsarersst¹
1455 4154 1486 4217 fl

151 4259 249 4312 umen
272 4261 305 4313 ut
328 4252 461 4330 Tycboni
495 4256 595 4315 crebro
623 4271 763 4332 praesens
790 4256 862 4327 sim,
895 4253 1059 4315 studiorum
1088 4256 1165 4314 ratio
1187 4262 1220 4314 ct
1239 4257 1339 4333 ipsias
1359 4244 1486 4330 'lyrffl

151 4342 333 4417 propositam
357 4341 495 4419 postulat.

255 4426 315 4487 Sed
336 4427 396 4488 iere
419 4430 513 4502 omisi,
537 4428 616 4506 quod
638 4431 732 4508 primo
754 4427 822 4489 loeo
846 4438 909 4490 crat
931 4427 1179 4508 perpendendum,
1201 4435 1382 4506 praesistrre,
1398 4416 1483 4483 sifi

151 4512 246 4588 possit
267 4515 428 4589 commode,
451 4518 593 4596 tantisper
613 4520 644 4574 in
659 4517 794 4577 Caesaris
816 4519 937 4577 servitio
953 4520 1054 4577 risere
1076 4526 1106 4576 et
1125 4515 1263 4594 'lyolroni
1285 4533 1326 4577 ax
1345 4504 1483 4575 ΜΗ

153 4614 271 4674 operam
295 4600 373 4675 dare,
397 4620 433 4662 an
457 4622 476 4663 a
498 4603 562 4663 solo
577 4603 718 4682 'lyebona
738 4604 893 4683 pendere?
930 4603 1007 4664 lllud
1030 4603 1137 4664 suadet
1156 4604 1297 4664 caesam
1318 4596 1481 4679 laid·

152 4684 239 4746 aulae
260 4687 407 4766 splendor,
431 4689 602 4752 dissuadent
624 4692 705 4753 haec.
736 4692 867 4751 Primum
881 4696 931 4751 rix
954 4709 1001 4752 mc
1022 4693 1166 4768 recipient
1186 4693 1246 4751 nisi
1268 4698 1373 4763 totam,
1391 4694 1479 4745 rsa*

153 4771 230 4832 cista
250 4772 384 4852 Styrensi
412 4776 578 4852 iunctione,
605 4788 658 4840 aut
685 4788 836 4858 receptum
864 4788 969 4859 postea
995 4796 1053 4838 non
1084 4778 1214 4857 amplius
1243 4779 1395 4839 dimissui·
1428 4766 1478 4828 Ι·

152 4859 230 4921 sam
255 4863 365 4923 russeo
398 4862 631 4929 emerammi·
659 4866 795 4929 casus
822 4868 953 4948 impet·
983 4866 1209 4947 spumau-
1241 4876 1333 4929 esst
1382 4848 1474 4923 Ν*
1522 4904 1525 4949 ÷

1520 4954 1525 5253 i

1510 5262 1525 5485 i
