3308 5534
145 391 213 466 924
596 392 684 455 anre
700 392 813 467 liepleri
830 391 865 451 de
881 390 943 464 elna
960 389 1046 451 ntltn

146 568 280 627 redimere
303 575 404 641 posset
441 572 543 628 Verum
564 571 631 643 quia
652 571 693 628 sie
715 572 775 628 fata
798 569 902 639 tulero,
925 568 999 624 rivet
1018 567 1077 638 lem
1100 566 1198 626 saltem
1222 568 1319 627 aniene
1342 569 1412 629 ielix
1432 586 1508 643 saer

148 646 270 726 eatbam,
289 661 333 715 cni
351 657 415 715 dnm
433 660 556 715 mortalis
576 659 688 728 degeret
705 658 774 714 adeo
791 657 916 728 ingentes
933 658 1054 715 admovit
1070 658 1176 730 111111,
1194 658 1285 728 digne
1299 660 1358 725 ille,
1376 662 1508 730 quaein

148 746 285 817 mysteriis
303 747 483 817 penitioribus
501 747 622 816 intersit,
645 746 740 816 digua,
764 761 847 816 qnam
867 747 926 817 jam
948 747 1068 817 excipiet
1089 754 1118 803 et
1140 746 1284 818 compleat
1304 754 1405 804 tantus
1424 749 1471 803 ille
1484 758 1509 805 et

148 839 205 887 tam
223 831 310 889 duleis
333 850 431 900 sonus,
456 833 493 889 sd
516 851 596 903 quem
619 833 818 889 exaudiendum
840 834 903 904 ipsa
923 834 977 891 sibi
995 835 1066 889 viam
1090 841 1168 892 tenta
1190 834 1377 891 contentione
1400 836 1507 906 apernit

150 916 205 974 Sed
223 919 295 989 quod
314 919 350 974 sd
367 936 418 975 nos
437 928 552 991 spectat,
571 922 670 990 dignus
689 919 788 987 obitus,
808 937 890 991 quem
901 921 1058 978 academiae
1073 923 1155 978 etiam
1167 922 1296 990 integrae
1307 920 1445 979 1111111111
1455 940 1510 980 en·

149 1005 272 1061 vestibus
290 1005 410 1062 defleant
428 1007 589 1077 calculoque
606 1015 667 1064 atro
685 1009 758 1064 diem
775 1015 880 1078 notent,
897 1009 952 1065 nisi
968 1009 1044 1079 qnod
1060 1008 1108 1067 ille
1124 1017 1204 1080 pente
1223 1011 1271 1066 sni
1287 1010 1407 1066 meliore
1424 1028 1509 1082 supaa

149 1099 207 1165 stes
226 1093 325 1162 jubere
350 1094 469 1165 videtur,
493 1103 525 1151 nt
548 1112 626 1152 nemo
650 1096 718 1154 fletu
739 1097 809 1152 inxit
830 1097 935 1154 1111111
971 1099 1081 1155 Potiore
1104 1106 1181 1154 certe
1194 1100 1263 1168 jnre
1286 1115 1373 1169 quarn
1397 1099 1445 1155 ille
1467 1118 1509 1170 per

151 1181 232 1238 docta
249 1182 336 1237 virum
355 1183 480 1239 volitabit
499 1197 548 1238 ora
567 1185 682 1253 ejusque
700 1185 797 1243 hodes
808 1186 965 1255 posteritas,
983 1186 1037 1242 nisi
1048 1187 1163 1255 ingrata,
1181 1187 1357 1244 condoeeeet
1368 1203 1508 1257 nunquan

152 1268 289 1325 Videlicet
306 1277 445 1339 stuporem
464 1270 576 1339 creabit,
595 1273 703 1340 quoties
722 1273 783 1340 quis
801 1272 910 1329 labores
927 1272 1071 1328 herculeos
1088 1274 1395 1344 incomparabilemque
1412 1277 1509 1343 genien

153 1355 203 1413 viri
222 1356 452 1413 animadverterit
488 1357 607 1426 Quidni?
630 1375 691 1414 eum
714 1357 843 1414 admirari
868 1359 994 1430 quidem,
1016 1360 1067 1416 sed
1084 1361 1216 1430 consequi
1236 1377 1295 1416 non
1312 1363 1412 1430 liceat,
1436 1379 1510 1433 quan·

149 1449 210 1499 tnm
226 1443 301 1501 illius
325 1445 464 1516 ingenium
489 1456 641 1501 ceterorum
667 1446 836 1517 ingeniorum
861 1446 971 1503 dotibus
993 1446 1165 1517 praecellens
1186 1448 1302 1517 agndae
1321 1450 1417 1504 instar
1437 1466 1511 1519 snper

151 1530 248 1587 nubeis
267 1533 387 1590 volatum
402 1535 497 1602 jugem
515 1535 642 1590 tenuerit.
670 1533 731 1589 Nisi
747 1533 871 1603 proiecto
889 1533 925 1588 de
941 1533 989 1588 illo
1007 1549 1102 1588 verum
1119 1549 1174 1590 non
1187 1533 1279 1601 video,
1297 1551 1384 1605 quun
1402 1552 1511 1607 ungu

151 1619 277 1677 Minerva
294 1627 369 1678 artes
388 1638 481 1677 omnes
499 1621 626 1679 docuisse
644 1620 763 1690 dicatur,
782 1628 811 1677 et
828 1620 938 1692 Jupiter
956 1620 989 1678 0.
1007 1622 1048 1677 li.
1065 1620 1211 1677 admisisse
1230 1621 1261 1676 in
1280 1623 1432 1678 eoncssinm
1449 1624 1512 1678 ileo

152 1725 221 1764 rum.
246 1709 332 1764 Nobis
346 1713 379 1764 ed
392 1709 508 1767 tolicitss
520 1715 614 1777 restat,
628 1709 702 1779 quod
719 1709 831 1765 tametsi
843 1709 980 1778 iacturam
992 1716 1098 1765 tentam
1116 1710 1239 1779 reparari
1251 1726 1309 1765 non
1321 1726 1411 1780 posse
1421 1712 1512 1767 mur·

152 1812 221 1860 mna
240 1797 354 1866 gloriosi
370 1803 462 1853 tamen
485 1798 536 1854 viri
557 1812 626 1853 aevo
644 1795 764 1866 quadarn
782 1810 818 1850 ex
836 1801 916 1864 parte
939 1795 1098 1866 vixerimus,
1121 1804 1235 1854 etcum
1260 1814 1315 1869 ego
1340 1799 1453 1869 quide·
1468 1800 1513 1855 ai·

153 1899 244 1953 qnam,
262 1890 292 1938 tn
310 1884 370 1952 ipse
387 1883 532 1940 maximam
550 1901 612 1940 cum
630 1883 677 1938 illo
696 1882 856 1940 societatem
874 1881 1056 1938 habuerimus.
1087 1884 1219 1953 Ignoscas
1233 1886 1312 1955 milri,
1331 1888 1359 1942 ei
1376 1887 1513 1957 epistola·

153 1970 232 2026 hisce
249 1971 329 2041 quasi
347 1970 490 2028 desideriis
518 1973 616 2042 cepitis
635 1978 692 2027 tam
710 1971 766 2026 cari
784 1969 964 2041 perfundam,
990 1971 1095 2040 qnippe
1116 1987 1173 2027 non
1190 1987 1307 2042 possm
1324 1990 1386 2030 non
1403 1976 1476 2045 epod
1490 1986 1515 2031 te

150 2058 270 2113 animum
287 2074 378 2114 meum
396 2075 557 2115 exonerare.
593 2060 705 2116 Utinam
730 2074 793 2115 vero
818 2057 858 2114 sie
876 2071 985 2126 possem
1008 2059 1061 2126 piis
1083 2066 1232 2128 parentare
1250 2062 1400 2127 manibus,
1422 2072 1454 2117 nt
1473 2062 1514 2117 ile

150 2161 260 2216 qnoque
277 2147 450 2217 intelligeret,
468 2164 549 2218 quam
567 2147 634 2201 milvi
652 2147 688 2202 ait
705 2153 847 2202 aeteruum
864 2144 951 2214 ipsius
968 2144 1123 2201 reconditio
1140 2154 1221 2213 grate
1238 2146 1348 2203 intusa.

257 2234 369 2299 Scribis,
386 2236 521 2292 restitisse
544 2238 572 2294 in
589 2237 716 2293 manibus
739 2235 807 2303 tuis,
834 2232 909 2303 qnod
930 2231 1122 2288 manusculum
1144 2232 1200 2301 ipsi
1216 2231 1404 2291 destinaram.
1439 2236 1515 2306 Quil-

152 2320 218 2391 quid
236 2320 271 2376 de
288 2321 337 2376 illo
355 2322 451 2392 egeris,
470 2324 540 2379 scito
558 2339 602 2379 me
620 2331 729 2394 gratnm
746 2322 910 2378 habiturum

258 2407 432 2465 Diodstns
450 2411 626 2480 Geueveusie
646 2427 708 2467 cum
727 2424 782 2479 quo
800 2407 886 2465 multe
903 2421 955 2478 per
971 2404 1066 2462 literne
1090 2407 1148 2477 egit
1166 2407 1372 2479 Schiekmdne,
1390 2410 1437 2466 1111
1452 2411 1515 2480 lisy

151 2493 240 2551 lerum
257 2501 323 2552 bunc
340 2497 530 2567 superstitem,
555 2505 654 2567 postea
672 2512 736 2552 vero
754 2502 890 2551 mortuum
908 2500 1071 2563 prosecutus
1089 2504 1133 2550 est
1150 2495 1297 2552 laudibus:
1322 2498 1373 2553 En
1392 2498 1516 2555 omni

153 2584 241 2638 1111111
259 2584 377 2653 epistole
393 2585 429 2640 nd
447 2585 595 2655 Keplernm
614 2585 686 2655 (Vll.
703 2584 780 2655 596),
805 2598 867 2638 eum
884 2596 940 2651 qno
956 2579 1070 2637 literarii
1086 2584 1245 2639 commercii
1260 2584 1328 2653 jnre
1347 2602 1516 2656 conmean-

156 2670 210 2727 sibi
227 2670 333 2728 licitum
350 2687 412 2730 esse
429 2673 577 2743 pollicetur
594 2680 623 2727 et
641 2685 709 2726 ense
727 2686 794 2741 erga
809 2669 901 2738 ipsum
917 2668 1108 2724 observantiae
1130 2679 1344 2727 monumentum
1362 2672 1462 2727 edendi
1478 2688 1516 2727 ce

154 2759 292 2813 cerionem
317 2767 514 2829 opportunam,
538 2774 555 2813 a
572 2767 601 2814 te
618 2776 668 2829 pro
687 2766 736 2814 tna
753 2756 945 2812 benevolentia
962 2754 1015 2810 hoc
1032 2756 1205 2824 potissimum
1222 2768 1410 2829 exspectans,
1431 2770 1462 2815 at
1476 2762 1516 2817 be

154 2846 238 2915 uigna
255 2847 490 2902 commendatione
508 2847 543 2902 ad
556 2847 721 2902 Phoenicem
733 2843 807 2899 hunc
818 2842 956 2916 meatem,
975 2842 1178 2898 immortalitate
1197 2845 1405 2916 dignissimum
1423 2848 1516 2903 111111

155 2934 366 3005 cipraestrnae,
384 2937 551 3005 calciago,
570 2935 677 2990 virtutis
695 2940 724 2987 et
742 2932 857 2987 nominis
876 2931 937 3000 1111
956 2931 1044 2987 cultor
1061 2932 1273 2997 devotissimus,
1292 2935 1397 2991 eodem
1414 2946 1516 2991 11111-

156 3022 242 3090 spicio
260 3023 412 3092 indigetari,
432 3031 459 3077 et
478 3024 539 3092 quis
557 3023 617 3091 ejus
631 3021 659 3076 in
671 3021 714 3074 his
727 3018 844 3088 publicis
861 3018 1064 3073 turbationibus
1083 3019 1120 3074 sit
1132 3028 1224 3076 status
1237 3029 1268 3076 et
1287 3024 1338 3079 ubi
1357 3040 1434 3080 nune
1445 3024 1517 3092 dege

156 3116 206 3177 per
224 3118 253 3165 te
270 3111 341 3166 seire
358 3112 440 3167 etiam
459 3117 543 3180 atque
561 3112 641 3165 etiam
660 3109 751 3177 cupio.
786 3106 880 3164 Hebes
900 3114 930 3164 et
946 3107 991 3161 hic
1008 3107 1165 3176 adjunctam
1178 3110 1308 3177 ejusdem
1320 3110 1461 3168 Gaaeendi
1477 3112 1515 3165 ob

156 3199 337 3254 servationem
354 3199 465 3268 eclipsis
484 3198 591 3261 solaris,
610 3213 644 3252 ex
663 3195 723 3264 ejus
741 3195 777 3250 ad
789 3211 833 3250 me
850 3194 969 3264 epistola
986 3204 1158 3265 excerptam
1176 3196 1234 3252 dno
1254 3197 1345 3253 libelli
1364 3200 1426 3267 eine
1438 3215 1516 3254 ene*

155 3282 257 3352 plavia,
280 3285 329 3338 tibi
348 3294 377 3340 et
395 3286 514 3356 lieplero
534 3286 638 3351 dicata,
663 3284 784 3339 nondum
808 3284 913 3350 habeo,
936 3282 1094 3352 propediem
1111 3283 1159 3339 illa
1177 3294 1322 3353 exspecto
1360 3287 1481 3351 (Parisiis
1493 3286 1516 3357 d,

154 3371 182 3427 3.
202 3370 277 3442 Sept
301 3373 386 3441 11130.)
404 3404 437 3412 -
455 3374 609 3429 Luctnosus
629 3387 710 3427 casus
727 3371 873 3426 Phoenicis
890 3371 977 3427 nostri
995 3370 1136 3438 Germani,
1153 3371 1250 3440 llegrri
1267 3374 1388 3442 inquam
1404 3372 1516 3444 lieplst

155 3458 238 3513 aium
255 3477 311 3515 non
329 3462 418 3516 minus
436 3462 574 3516 funestum
592 3464 697 3528 (quem,
723 3460 808 3523 iaxit,
830 3464 936 3514 avertat
954 3459 1040 3527 Deua)
1063 3475 1124 3513 cnm
1149 3458 1267 3515 horrore
1291 3460 1362 3516 milti
1388 3462 1517 3532 praesage

155 3548 243 3604 Italici
255 3549 356 3618 Lyncis
371 3549 494 3614 Galilsei‚
513 3546 651 3618 praesenti
664 3545 767 3615 qnippe
778 3544 901 3614 periculo
918 3548 1006 3614 pestis
1025 3547 1061 3601 ibi
1073 3546 1224 3614 1111111111
1243 3556 1275 3604 et
1284 3547 1417 3605 radentis
1428 3551 1516 3605 amis

155 3637 286 3706 expositi.
309 3638 343 3692 dc
362 3654 416 3705 qno
432 3637 489 3705 jam
514 3638 619 3707 pridem
644 3635 715 3689 nibil
737 3632 836 3688 audivi
871 3632 953 3702 Quod
976 3642 1118 3704 superest,
1143 3634 1221 3689 robis
1242 3636 1362 3705 liepleci
1386 3638 1515 3692 meinis

155 3723 183 3777 id
200 3725 411 3780 incumbendum
431 3734 518 3792 esset,
537 3732 567 3779 ut
585 3736 679 3776 merae
698 3720 820 3776 defuncti
837 3719 945 3788 proles,
967 3722 1159 3777 meditationes
1178 3739 1217 3778 se.
1236 3725 1301 3793 ejus
1319 3738 1351 3781 et
1370 3730 1472 3798 scripta
1485 3728 1515 3779 ai

154 3812 267 3867 interitu
290 3811 494 3868 vindicarentur
512 3821 540 3866 et
558 3812 593 3866 ad
612 3812 733 3866 auctoris
760 3812 858 3866 lamam
883 3808 1077 3879 publicumque
1099 3811 1200 3866 bonum
1224 3812 1284 3868 fido
1302 3816 1418 3871 custodi
1434 3816 1514 3871 trade

155 3909 250 3954 rentur
267 3900 361 3969 sicque
380 3916 463 3968 qnam
481 3900 679 3955 officiosissime
702 3900 754 3968 piis
777 3901 838 3967 ejus
856 3896 982 3954 manibus
1004 3904 1204 3967 percuteretur.
1240 3901 1416 3967 ricemeris
1436 3906 1514 3959 16111

154 3986 236 4053 Vulgi
255 3987 289 4042 de
301 3988 423 4057 lieplero
441 3989 499 4044 viro
511 3985 717 4056 incomparabili
734 3992 799 4041 aute
816 3995 845 4039 et
863 3994 928 4054 post
946 3982 1050 4038 obitum
1066 3985 1137 4039 male
1154 3996 1283 4055 comptos
1297 4005 1370 4058 qnos
1389 4006 1512 4047 11111111

155 4088 309 4139 sermones,
335 4075 427 4143 potius
452 4075 621 4144 spernendos
640 4090 720 4143 quam
740 4073 920 4128 advertendoe
944 4071 1036 4139 duco,
1055 4087 1116 4125 cnm
1140 4074 1243 4128 erudiri
1267 4080 1380 4132 nescim
1398 4078 1513 4133 emese

155 4175 226 4228 qnae
244 4177 300 4215 non
318 4163 460 4232 intelligit,
479 4164 603 4230 damnat,
630 4162 703 4217 nude
720 4161 755 4215 ab
772 4161 906 4232 imperitis
924 4160 1018 4229 impeti
1036 4159 1184 4215 illustrium
1196 4162 1318 4218 vitonum
1337 4165 1404 4219 iaris
1423 4165 1513 4219 adsen-

154 4245 273 4301 bendum
290 4258 341 4303 est
373 4251 419 4305 Sic
437 4249 502 4304 olim
520 4267 583 4306 eum
600 4250 773 4321 pbilosophis
791 4261 820 4307 et
836 4258 932 4307 nostro
951 4248 1046 4304 seculo
1065 4263 1126 4302 cnm
1140 4248 1279 4317 primariis
1292 4251 1425 4306 omnibns
1436 4252 1510 4305 scio

154 4329 253 4386 tiarum
272 4340 301 4387 et
318 4336 441 4390 veritatis
459 4337 606 4392 luminibus
625 4345 716 4394 actum
733 4345 784 4394 est
815 4340 869 4405 (31.
887 4335 955 4404 maji
974 4335 1059 4399 1631.)

261 4419 337 4475 llaec
355 4430 432 4487 sunt,
457 4441 529 4490 qnae
548 4425 678 4492 aequales
696 4424 731 4479 de
749 4425 826 4480 obitu
844 4422 957 4493 liepleri
975 4422 1080 4490 scripta
1095 4421 1278 4490 reliquerunt.
1317 4426 1466 4496 superem
1486 4434 1510 4477 11

155 4523 189 4561 ea
206 4522 278 4575 qnae
296 4509 495 4577 posterioribus
514 4515 685 4580 temporibus
703 4523 814 4582 reperta
832 4519 898 4567 sunt
913 4509 968 4565 illia
986 4509 1177 4577 adjungamus.

258 4595 401 4664 Sepulturn
420 4613 480 4653 ease
496 4600 644 4667 lieplerum
661 4601 783 4656 referunt
801 4598 996 4656 3111111111·
988 4614 1017 4651 m
1030 4597 1236 4651 coemeterioS
1249 4599 1327 4655 Petri
1344 4601 1510 4672 lapidemque

154 4681 300 4750 sepulchro
325 4684 481 4752 impositum
503 4686 539 4742 ab
560 4688 654 4744 amieis
672 4685 1079 4745 &memoratissimum
1099 4685 1242 4753 Ostertag,
1268 4696 1365 4743 rector
1388 4686 1510 4759 nutri

155 4767 370 4839 llatiebonensis,
389 4772 594 4843 msemptionem
612 4774 713 4845 lapidis
730 4792 766 4832 en
783 4776 966 4833 monumentis
984 4772 1109 4831 literariit
1127 4774 1240 4842 Georgii
1258 4775 1384 4846 Serpffii,
1402 4788 1509 4847 went!

153 4854 1508 4936 mammaemamiraasummmmunmnuonmaaop
