3308 5534
520 372 634 445 Kepleri
650 370 792 431 1111111111
808 371 900 431 stunc
918 378 947 431 11
963 372 1097 438 doctrina
1423 374 1487 445 991

133 555 225 618 Vito
248 552 351 617 datur:
374 552 495 615 Etbicus
518 548 618 630 crgo.“
656 552 704 613 Dc
725 550 906 629 Zicglcro
930 550 1056 630 denique
1078 552 1153 615 baec
1174 554 1303 631 scripsit:
1329 554 1419 635 „lieri
1441 556 1490 615 iu-

131 645 224 721 genio
247 640 392 721 11111111
411 640 585 719 judicioque
608 640 726 702 docens.
755 638 814 701 Sed
836 658 955 719 quoquc
978 638 1133 718 GraJorum
1157 640 1242 702 ducet
1257 659 1274 702 e
1289 641 1490 707 Demosthene

131 728 267 809 linguam
291 739 321 790 et
343 728 527 789 dissertantis
550 726 649 805 dirigit
672 744 723 787 ors
744 728 841 805 gregis
874 730 903 786 in
919 728 1047 805 Logicis,
1070 728 1217 805 Physicis,
1239 731 1269 786 ln
1285 728 1419 790 Moribus
1441 731 1491 788 in·

132 834 197 895 que
218 812 380 879 Mathesi.“
426 814 594 892 Zieglerus,
624 816 674 891 qui
697 832 724 875 a.
750 816 843 877 1597.
866 813 1003 876 Lieblero
1026 818 1183 890 successit,
1215 819 1265 893 qui
1293 835 1383 895 quum
1405 816 1490 894 Kep-

130 902 217 966 lerus
238 906 268 963 iu
290 902 472 964 academiam
496 904 608 963 veniret
632 908 670 963 63
695 916 789 961 annos
810 908 897 961 natus
912 910 982 975 erat,
1008 902 1101 964 Gellio
1124 910 1244 964 anctore
1266 904 1320 964 bas
1336 904 1491 981 Tubingae

131 991 243 1053 hahuit
263 991 394 1053 scholas:
428 990 484 1073 „de
507 989 660 1064 cicerone,
689 988 727 1049 de
749 988 924 1062 Aristotele,
956 989 993 1052 de
1017 989 1150 1068 Virgilio.
1195 990 1365 1068 Theologus
1395 994 1489 1052 bonus

131 1086 193 1155 est,
214 1079 312 1141 bonus
334 1086 437 1156 estque
460 1078 611 1155 politicus,
634 1076 711 1137 idem
733 1074 884 1154 physicus,
908 1085 1005 1137 orator
1026 1076 1278 1157 philosophusque
1299 1079 1424 1139 1111111.α

244 1164 358 1243 Quibus
381 1183 446 1225 cum
469 1164 556 1224 modo
579 1164 665 1223 dictis
689 1165 759 1221 viris
782 1162 869 1241 quale
892 1173 997 1240 postea
1016 1166 1103 1225 111111
1124 1163 1253 1243 Keplero
1277 1168 1492 1241 commercium,

132 1250 220 1313 haud
242 1256 315 1313 satia
339 1261 518 1328 compertum
542 1260 596 1311 est.
643 1249 803 1311 Gellium
825 1253 1020 1328 propinquum
1043 1269 1129 1312 snum
1150 1272 1217 1313 osse
1239 1244 1388 1332 quondau'r
1411 1253 1491 1328 dicit,

131 1338 263 1419 Opticeu
279 1339 443 1401 Burlrbarto
468 1340 560 1411 misit,
583 1341 634 1414 qui
646 1356 673 1400 a.
693 1342 787 1399 1005.
810 1337 979 1399 academiae
1001 1347 1096 1401 rector
1114 1341 1239 1402 eundem
1253 1341 1361 1401 librum
1376 1344 1509 1415 11111111,

131 1425 269 1488 tradidit.
305 1426 363 1487 Per
385 1426 516 1486 Vitum
537 1422 741 1485 Miillerum
764 1432 793 1485 et
816 1423 851 1485 dc
873 1424 1145 1503 Pythagoraeorum
1168 1427 1203 1489 dc
1226 1429 1335 1489 mundo
1359 1429 1493 1491 doctrina

136 1522 173 1577 et
196 1512 233 1575 dc
248 1512 399 1575 Plutarchi
424 1514 490 1591 ,Dc
506 1512 608 1572 Lunae
631 1507 725 1572 lacie“
749 1510 850 1572 libello
873 1512 994 1573 edoctus
1016 1522 1070 1588 est,
1094 1533 1155 1591 qua
1177 1515 1213 1577 dc
1235 1534 1267 1577 re
1289 1519 1346 1595 ipsi
1362 1515 1492 1577 Bcsoldo

131 1603 234 1663 amico
258 1601 493 1661 dissertationem
526 1598 582 1681 „de
604 1595 709 1659 Luua“
740 1600 918 1677 composuit,
951 1618 1040 1678 quam
1069 1602 1117 1662 hic
1146 1601 1274 1666 Mlilloro
1305 1603 1493 1681 praesidente

131 1688 318 1751 defenderet.
363 1687 429 1764 Quo
462 1690 491 1745 in
520 1687 662 1764 opusculo
688 1684 851 1764 Keplerum
876 1686 1095 1764 Copemicanae
1128 1689 1278 1753 doctrinae
1310 1691 1491 1752 defensorem

131 1776 285 1837 exstitisse
309 1794 344 1836 cx
367 1777 424 1835 hoc
447 1773 544 1851 colligi
567 1782 673 1851 potest,
697 1774 777 1851 quod
800 1790 891 1850 quum
906 1772 1097 1837 Prodromum
1120 1776 1250 1839 editurus
1273 1788 1360 1854 esset,
1383 1778 1421 1839 ad
1443 1780 1492 1837 in-

132 1860 306 1943 ducendum
326 1863 405 1923 huuc
428 1860 622 1921 adolescentis
645 1861 787 1937 libellum,
810 1863 861 1937 qui
885 1861 1038 1939 Cupernici
1062 1866 1250 1942 opinionibus
1272 1867 1403 1939 iuverat,
1427 1884 1493 1927 am·

131 1950 338 2031 plissimorum
366 1949 521 2024 'Pubingae
546 1949 743 2027 professorum
773 1955 803 2009 ct
833 1952 1038 2010 auctoritatem
1067 1959 1096 2011 ct
1123 1952 1406 2014 commendationem
1434 1955 1493 2013 sibi

133 2044 312 2117 quaereret:
346 2039 492 2118 „carinine
517 2035 563 2095 rel
586 2053 690 2112 prosa,
722 2043 755 2095 11
775 2035 858 2097 libet
904 2036 949 2096 De
972 2035 1039 2097 aliis
1061 2038 1232 2101 academiae
1252 2041 1359 2117 juratis
1380 2048 1491 2116 metuo,

132 2126 172 2187 ist
198 2125 291 2187 velint
312 2123 425 2202 aliquid
448 2122 1018 2200 1111111111111111111111111101.1.
1042 2132 1143 2185 contra
1166 2126 1377 2189 Ptolemaicam
1400 2131 1493 2190 ratio·

133 2210 219 2289 nem)
241 2212 351 2289 largiri,
375 2210 454 2289 quod
477 2213 506 2268 in
530 2208 728 2287 disputatione
751 2208 803 2269 illa
824 2208 1106 2271 111111.Μ11111111
1124 2211 1366 2276 demonstravit.“
1397 2214 1493 2292 Quam

132 2300 177 2361 ad
200 2299 429 2376 disputationem
452 2315 542 2374 quum
565 2305 670 2375 postea
693 2314 811 2374 qnoque
826 2296 973 2374 Kepleros
995 2302 1114 2377 saepius
1138 2301 1265 2375 redierit,
1289 2303 1368 2363 hand
1391 2303 1493 2379 procul

133 2403 253 2449 suero
276 2386 490 2460 aberrabimus,
519 2386 545 2445 11
568 2385 606 2444 ab
630 2383 733 2445 eadem
762 2383 966 2444 contendimus
987 2389 1150 2463 posteriora
1172 2389 1293 2467 Kepleri
1318 2389 1353 2451 de
1376 2390 1493 2468 Pytha-

132 2492 314 2553 goraeorum
337 2473 469 2533 doctrina
490 2471 590 2532 studia
611 2470 771 2548 repetenda
794 2488 858 2533 esse
880 2482 911 2532 et
933 2470 1051 2534 Mlllleri
1076 2492 1255 2552 quemquam
1278 2479 1371 2537 inscia
1393 2486 1424 2537 et
1445 2480 1493 2535 in·

134 2564 204 2623 vita
225 2563 399 2622 anctoritate
421 2558 580 2637 Keplerum
612 2561 709 2636 ipsum
738 2557 776 2619 sd
806 2558 1007 2636 accipiendam
1034 2560 1116 2622 illam
1146 2562 1183 2624 dc
1212 2563 1322 2624 mundo
1349 2567 1492 2627 rationem

133 2646 312 2729 perductum
342 2665 416 2708 csse.
462 2647 496 2706 In
527 2646 630 2707 libello
665 2645 782 2722 quidem
815 2644 851 2707 ds
878 2644 1007 2707 Galilaei
1037 2650 1165 2710 inventis
1195 2651 1275 2711 edito
1302 2654 1493 2726 (1111111.)

133 2736 212 2797 dicit
232 2737 320 2819 hacc:
353 2736 611 2815 „Consentaneum
634 2743 693 2808 est,
724 2735 749 2792 si
776 2741 846 2794 snut
867 2734 896 2793 iu
920 2732 1004 2829 Lpna
1032 2738 1166 2799 virentes
1195 2746 1355 2811 creaturae,
1378 2756 1438 2815 qua
1462 2743 1491 2799 in

131 2826 264 2885 materia
294 2823 365 2883 mihi
395 2829 464 2899 pust
485 2821 686 2899 Pythagoram
715 2828 745 2880 et
768 2820 956 2882 Plutarchum
983 2822 1046 2898 jam
1074 2823 1144 2885 olim
1166 2843 1193 2885 a.
1220 2832 1314 2887 1593.
1337 2826 1492 2903 ‘l'uhingas

132 2912 249 2988 scripta
271 2909 470 2988 disputatione
498 2908 598 2969 ludere
626 2908 749 2985 placuit,
781 2908 848 2968 illos
876 2910 1025 2985 ingenium
1053 2928 1125 2971 suae
1155 2915 1325 2989 provinciae
1353 2912 1489 2975 imitari‚“

134 2998 178 3059 Et
199 2998 231 3057 lu
252 3006 324 3058 uota
339 2996 468 3059 secunda
484 2994 522 3057 ad
542 2992 734 3078 „Somnium“
760 2994 909 3074 adscripta
922 2995 1046 3072 legitur:
1073 2998 1200 3079 „Exstat
1222 3001 1300 3078 apud
1323 3019 1369 3061 mo
1391 3002 1492 3062 charta

134 3092 295 3167 pervetus,
318 3095 371 3144 tua
392 3082 518 3143 Besoldc
542 3101 630 3144 manu
653 3090 788 3156 exarata,
813 3099 879 3143 cum
901 3081 999 3143 theses
1022 3101 1045 3145 c.
1073 3092 1113 3145 20
1138 3085 1174 3147 de
1196 3089 1375 3149 coelestibus
1397 3108 1493 3169 appa·

132 3173 242 3233 rentiis
264 3175 294 3231 in
317 3170 403 3231 Luna
426 3190 462 3231 ex
484 3172 556 3231 meis
580 3170 829 3249 disputationibus
851 3189 878 3230 a.
905 3175 996 3231 1593.
1021 3175 1205 3253 concepisses
1229 3194 1337 3252 easque
1360 3177 1397 3237 l).
1421 3177 1492 3237 Vitu

134 3258 282 3333 Mlillero,
314 3268 384 3318 tunc
407 3258 637 3335 disputationum
661 3256 930 3335 philosophicarum
953 3256 1100 3321 ordinario
1123 3263 1265 3339 praesidi,
1292 3263 1493 3342 disputaturus

135 3346 296 3419 deliaci
320 3348 383 3424 ipse
406 3346 572 3419 annuisset,
605 3344 798 3405 exhibuisses.
844 3342 910 3421 Quo
933 3345 1051 3423 quidem
1075 3356 1204 3426 tempore
1227 3351 1380 3412 Plutarchi
1404 3369 1495 3432 opera

134 3434 215 3495 mihi
244 3431 375 3493 nundum
406 3436 471 3493 visa
502 3440 593 3493 erant.
638 3432 748 3491 Postea
774 3430 864 3492 incidi
894 3435 923 3491 in
951 3432 1074 3494 Luciani
1104 3434 1195 3497 libros
1222 3437 1362 3499 historiae
1395 3457 1492 3515 verae,

134 3537 245 3601 graece
268 3522 402 3600 scriptos,
425 3537 500 3596 quos
523 3537 579 3597 ego
602 3518 718 3579 libellos
740 3520 811 3579 mihi
831 3517 937 3598 delegi,
960 3529 993 3580 11
1014 3519 1145 3599 linguam
1161 3524 1351 3598 addiscerem,
1374 3526 1494 3603 adiutus

131 3609 324 3687 jucunditate
347 3607 563 3667 audacissimae
586 3606 715 3668 tabulae.
761 3606 845 3670 Haec
867 3606 938 3667 mihi
962 3609 1055 3686 prima
1078 3609 1157 3673 11111
1183 3614 1308 3688 vestigia
1330 3615 1442 3675 itineris
1464 3616 1494 3673 lu

134 3697 265 3771 Lunam,
291 3696 500 3773 posterioribus
523 3696 703 3771 temporibus
727 3694 865 3756 affectati.
897 3693 1009 3755 Graetii
1032 3698 1156 3774 primum
1179 3705 1320 3761 a.1i›95.
1343 3700 1493 3761 Plutarchi

132 3782 274 3845 libellum
296 3800 360 3843 sum
383 3792 487 3843 nactus
510 3799 604 3859 exque
628 3800 663 3842 eo
678 3780 792 3859 Pragae
807 3798 885 3843 anuo
903 3783 1105 3843 1601111111
1127 3788 1156 3843 11
1178 3784 1314 3865 Opticam
1338 3784 1492 3849 1111111111ιι

134 3872 202 3943 (cir.
222 3872 322 3931 11111.
342 3891 368 3944 p.
383 3876 505 3943 21011).
551 3868 621 3929 Jam
644 3868 767 3929 eandem
790 3871 884 3947 ipsam
907 3869 1135 3948 disputationem
1157 3873 1233 3932 11111
1257 3892 1374 3951 quoque
1397 3878 1495 3954 operis

134 3974 262 4021 musam
286 3968 315 4019 et
337 3958 448 4018 loutem
468 3958 559 4019 luisso
583 3955 739 4018 verisimile
768 3965 826 4032 cst,
859 3957 938 4035 quod
961 3956 1107 4036 Keplerus
1137 3960 1244 4022 luntori
1266 3980 1321 4022 suo
1345 3962 1494 4023 Walrhero

134 4044 178 4107 de
201 4044 412 4106 Wackheulels
436 4047 609 4123 composuit.
640 4044 748 4105 Scribit
771 4046 862 4105 onim:
888 4043 1033 4120 ,Condidi
1056 4048 1086 4105 iu
1109 4047 1201 4125 ipsios
1222 4047 1405 4130 (Wackheri)
1424 4067 1495 4128 gra·

132 4134 213 4195 tiam
243 4134 451 4193 astronomiam
481 4150 605 4206 novam,
636 4130 720 4207 quasi
751 4148 802 4209 pro
834 4134 884 4207 lis,
916 4134 967 4210 qui
995 4134 1024 4191 in
1055 4132 1141 4195 Luna
1168 4133 1320 4210 habitant,
1350 4137 1497 4218 planeque

131 4218 352 4300 geographiam
375 4220 535 4281 lunarem.“
583 4216 697 4293 Quibus
720 4218 756 4279 dc
780 4221 916 4298 operibns
939 4218 1012 4279 nibil
1034 4220 1093 4283 1111
1115 4231 1221 4295 restat,
1250 4242 1339 4302 quiam
1363 4224 1442 4303 qnod
1465 4228 1493 4284 in

138 4304 338 4393 „Somnium“
362 4326 448 4367 suum
470 4306 588 4384 recepit.

245 4394 414 4455 Redeamus
445 4395 482 4455 ad
512 4390 630 4471 Kepleri
661 4393 825 4469 magistros.
871 4392 918 4454 Dc
947 4392 1127 4457 Lieblero
1161 4396 1233 4457 nibil
1260 4416 1386 4477 usquam
1416 4400 1494 4480 apud

132 4479 302 4561 Keplerum
325 4484 459 4544 occurrit.
506 4482 649 4557 cognitae
671 4488 740 4539 snut
763 4490 792 4542 et
815 4480 879 4556 ejus
896 4481 1052 4563 „Epitomc
1075 4483 1279 4563 philosophiae
1301 4488 1445 4548 naturalis
1459 4506 1494 4549 er

135 4566 321 4631 Aristotele“
346 4577 375 4629 et
398 4580 456 4629 tres
474 4568 599 4629 Liebleri
618 4568 795 4629 Aristotelici
819 4568 1033 4647 disputationes
1058 4570 1114 4651 ,de
1132 4570 1271 4647 Anima“,
1294 4575 1379 4650 cnjus
1395 4575 1493 4637 theses

135 4656 281 4717 defensae
303 4664 370 4717 sunt
392 4675 470 4717 anno
496 4660 589 4717 1593.
613 4674 631 4715 a
654 4654 833 4733 Woligango
857 4664 886 4717 et
908 4654 1061 4717 Ludorico
1085 4657 1121 4719 de
1138 4658 1347 4735 Hohenleldcr,
1370 4663 1495 4738 quibus·

135 4762 208 4809 cum
231 4744 378 4821 tratribus,
402 4764 438 4806 ex
460 4744 551 4805 nobili
575 4744 711 4803 nustriae
732 4760 838 4822 genere
860 4745 940 4819 ortis,
963 4751 992 4805 et
1015 4746 1043 4803 in
1067 4744 1219 4809 academia
1242 4756 1271 4809 st
1293 4755 1396 4827 postea
1419 4766 1495 4831 quor·
