<?xml version="1.0" encoding="UTF-8"?>
<!DOCTYPE html PUBLIC "-//W3C//DTD XHTML 1.0 Transitional//EN"
    "http://www.w3.org/TR/xhtml1/DTD/xhtml1-transitional.dtd">
<html xmlns="http://www.w3.org/1999/xhtml" xml:lang="en" lang="en">
 <head>
  <title>
</title>
<meta http-equiv="Content-Type" content="text/html;charset=utf-8" />
  <meta name='ocr-system' content='tesseract 3.04.00' />
  <meta name='ocr-capabilities' content='ocr_page ocr_carea ocr_par ocr_line ocrx_word'/>
</head>
<body>
  <div class='ocr_page' id='page_1' title='image "./joanniskepleria00frisgoog/joanniskepleria00frisgoog_0886.png"; bbox 0 0 3308 5534; ppageno 0'>
   <div class='ocr_carea' id='block_1_1' title="bbox 147 416 996 501">
    <p class='ocr_par' dir='ltr' id='par_1_1' title="bbox 147 416 996 501">
     <span class='ocr_line' id='line_1_1' title="bbox 147 416 996 501; baseline 0.002 -20"><span class='ocrx_word' id='word_1_1' title='bbox 147 416 214 501; x_wconf 62' lang='lat'><strong>⁸82</strong></span> <span class='ocrx_word' id='word_1_2' title='bbox 662 428 726 486; x_wconf 79' lang='lat' dir='ltr'><strong>Vita</strong></span> <span class='ocrx_word' id='word_1_3' title='bbox 742 427 761 484; x_wconf 87' lang='lat' dir='ltr'>J</span> <span class='ocrx_word' id='word_1_4' title='bbox 763 427 858 485; x_wconf 82' lang='lat' dir='ltr'><strong>oannis</strong></span> <span class='ocrx_word' id='word_1_5' title='bbox 875 426 996 498; x_wconf 86' lang='lat' dir='ltr'><strong>KapIeri.</strong></span> 
     </span>
    </p>
   </div>
   <div class='ocr_carea' id='block_1_2' title="bbox 146 605 1543 3653">
    <p class='ocr_par' dir='ltr' id='par_1_2' title="bbox 146 605 1500 1913">
     <span class='ocr_line' id='line_1_2' title="bbox 146 605 1499 687; baseline 0.001 -19"><span class='ocrx_word' id='word_1_6' title='bbox 146 626 222 687; x_wconf 88' lang='lat' dir='ltr'><strong>rogo</strong></span> <span class='ocrx_word' id='word_1_7' title='bbox 242 607 316 668; x_wconf 85' lang='lat' dir='ltr'><strong>mibi</strong></span> <span class='ocrx_word' id='word_1_8' title='bbox 338 607 488 670; x_wconf 73' lang='lat' dir='ltr'><strong>describas</strong></span> <span class='ocrx_word' id='word_1_9' title='bbox 518 607 650 685; x_wconf 75' lang='lat' dir='ltr'><strong>mihique</strong></span> <span class='ocrx_word' id='word_1_10' title='bbox 673 607 751 668; x_wconf 88' lang='lat' dir='ltr'><strong>hauc</strong></span> <span class='ocrx_word' id='word_1_11' title='bbox 781 606 965 684; x_wconf 76' lang='lat' dir='ltr'><strong>voluptatem</strong></span> <span class='ocrx_word' id='word_1_12' title='bbox 986 623 1024 666; x_wconf 93' lang='lat' dir='ltr'><strong>ne</strong></span> <span class='ocrx_word' id='word_1_13' title='bbox 1047 605 1191 666; x_wconf 84' lang='lat' dir='ltr'><strong>inrideas.</strong></span> <span class='ocrx_word' id='word_1_14' title='bbox 1241 605 1424 667; x_wconf 56' lang='lat' dir='ltr'><strong>&amp;sonim</strong></span> <span class='ocrx_word' id='word_1_15' title='bbox 1444 625 1499 669; x_wconf 81' lang='lat' dir='ltr'><strong>racc</strong></span> 
     </span>
     <span class='ocr_line' id='line_1_3' title="bbox 147 694 1499 773; baseline -0.001 -17"><span class='ocrx_word' id='word_1_16' title='bbox 147 701 266 758; x_wconf 87' lang='lat' dir='ltr'><strong>nomine</strong></span> <span class='ocrx_word' id='word_1_17' title='bbox 288 694 387 756; x_wconf 85' lang='lat' dir='ltr'><strong>seluta</strong></span> <span class='ocrx_word' id='word_1_18' title='bbox 409 702 440 755; x_wconf 90' lang='lat' dir='ltr'><strong>et</strong></span> <span class='ocrx_word' id='word_1_19' title='bbox 461 694 606 771; x_wconf 86' lang='lat' dir='ltr'><strong>siquidem</strong></span> <span class='ocrx_word' id='word_1_20' title='bbox 631 694 728 755; x_wconf 84' lang='lat' dir='ltr'><strong>adbuc</strong></span> <span class='ocrx_word' id='word_1_21' title='bbox 751 695 852 755; x_wconf 78' lang='lat' dir='ltr'>haeret</span> <span class='ocrx_word' id='word_1_22' title='bbox 878 697 908 753; x_wconf 91' lang='lat' dir='ltr'><strong>in</strong></span> <span class='ocrx_word' id='word_1_23' title='bbox 932 697 1071 772; x_wconf 90' lang='lat' dir='ltr'><strong>opinione</strong></span> <span class='ocrx_word' id='word_1_24' title='bbox 1102 695 1233 772; x_wconf 85' lang='lat' dir='ltr'><strong>probati¹</strong></span> <span class='ocrx_word' id='word_1_25' title='bbox 1254 697 1402 768; x_wconf 87' lang='lat' dir='ltr'><strong>criminis,</strong></span> <span class='ocrx_word' id='word_1_26' title='bbox 1432 697 1499 773; x_wconf 88' lang='lat' dir='ltr'><strong>quod</strong></span> 
     </span>
     <span class='ocr_line' id='line_1_4' title="bbox 148 782 1500 860; baseline -0.002 -14"><span class='ocrx_word' id='word_1_27' title='bbox 148 786 223 846; x_wconf 86' lang='lat' dir='ltr'><strong>meis</strong></span> <span class='ocrx_word' id='word_1_28' title='bbox 252 786 429 844; x_wconf 89' lang='lat' dir='ltr'><strong>intentatum</strong></span> <span class='ocrx_word' id='word_1_29' title='bbox 459 785 559 857; x_wconf 87' lang='lat' dir='ltr'><strong>norit,</strong></span> <span class='ocrx_word' id='word_1_30' title='bbox 589 782 754 843; x_wconf 79' lang='lat' dir='ltr'>secundiori</span> <span class='ocrx_word' id='word_1_31' title='bbox 782 784 890 842; x_wconf 92' lang='lat' dir='ltr'><strong>nuncio</strong></span> <span class='ocrx_word' id='word_1_32' title='bbox 918 782 1058 843; x_wconf 82' lang='lat' dir='ltr'><strong>exhilara.</strong></span> <span class='ocrx_word' id='word_1_33' title='bbox 1204 782 1297 857; x_wconf 83' lang='lat' dir='ltr'><strong>Quod</strong></span> <span class='ocrx_word' id='word_1_34' title='bbox 1328 783 1454 860; x_wconf 74' lang='lat' dir='ltr'><strong>gaudere</strong></span> <span class='ocrx_word' id='word_1_35' title='bbox 1475 797 1500 843; x_wconf 86' lang='lat' dir='ltr'><strong>te</strong></span> 
     </span>
     <span class='ocr_line' id='line_1_5' title="bbox 148 869 1500 948; baseline -0.001 -16"><span class='ocrx_word' id='word_1_36' title='bbox 148 871 231 946; x_wconf 84' lang='lat' dir='ltr'><strong>dieis,</strong></span> <span class='ocrx_word' id='word_1_37' title='bbox 254 872 364 932; x_wconf 78' lang='lat' dir='ltr'><strong>iaciam</strong></span> <span class='ocrx_word' id='word_1_38' title='bbox 386 870 523 947; x_wconf 85' lang='lat' dir='ltr'><strong>equidem</strong></span> <span class='ocrx_word' id='word_1_39' title='bbox 539 878 572 929; x_wconf 88' lang='lat' dir='ltr'><strong>ut</strong></span> <span class='ocrx_word' id='word_1_40' title='bbox 587 871 718 947; x_wconf 77' lang='lat' dir='ltr'><strong>gaudeas</strong></span> <span class='ocrx_word' id='word_1_41' title='bbox 742 871 882 948; x_wconf 87' lang='lat' dir='ltr'><strong>amplios,</strong></span> <span class='ocrx_word' id='word_1_42' title='bbox 913 873 972 929; x_wconf 94' lang='lat' dir='ltr'><strong>imo</strong></span> <span class='ocrx_word' id='word_1_43' title='bbox 995 873 1095 947; x_wconf 90' lang='lat' dir='ltr'><strong>potius</strong></span> <span class='ocrx_word' id='word_1_44' title='bbox 1119 869 1229 943; x_wconf 92' lang='lat' dir='ltr'><strong>dolori,</strong></span> <span class='ocrx_word' id='word_1_45' title='bbox 1255 888 1344 947; x_wconf 90' lang='lat' dir='ltr'><strong>quem</strong></span> <span class='ocrx_word' id='word_1_46' title='bbox 1367 871 1500 947; x_wconf 82' lang='lat' dir='ltr'><strong>aliquan·</strong></span> 
     </span>
     <span class='ocr_line' id='line_1_6' title="bbox 148 957 1499 1035; baseline -0.002 -15"><span class='ocrx_word' id='word_1_47' title='bbox 148 960 199 1021; x_wconf 87' lang='lat' dir='ltr'><strong>diu</strong></span> <span class='ocrx_word' id='word_1_48' title='bbox 221 966 250 1019; x_wconf 91' lang='lat' dir='ltr'><strong>te</strong></span> <span class='ocrx_word' id='word_1_49' title='bbox 272 959 383 1018; x_wconf 78' lang='lat' dir='ltr'><strong>fovisse</strong></span> <span class='ocrx_word' id='word_1_50' title='bbox 406 957 555 1034; x_wconf 78' lang='lat' dir='ltr'>intelligo,</span> <span class='ocrx_word' id='word_1_51' title='bbox 587 965 619 1017; x_wconf 89' lang='lat' dir='ltr'><strong>ut</strong></span> <span class='ocrx_word' id='word_1_52' title='bbox 641 974 862 1035; x_wconf 78' lang='lat' dir='ltr'><strong>supervacaneo</strong></span> <span class='ocrx_word' id='word_1_53' title='bbox 885 958 1031 1017; x_wconf 77' lang='lat' dir='ltr'>irascaris.</span> <span class='ocrx_word' id='word_1_54' title='bbox 1078 957 1239 1034; x_wconf 79' lang='lat' dir='ltr'><strong>Nunquam</strong></span> <span class='ocrx_word' id='word_1_55' title='bbox 1264 960 1344 1018; x_wconf 88' lang='lat' dir='ltr'><strong>enim</strong></span> <span class='ocrx_word' id='word_1_56' title='bbox 1372 976 1428 1017; x_wconf 87' lang='lat' dir='ltr'><strong>sec</strong></span> <span class='ocrx_word' id='word_1_57' title='bbox 1446 959 1499 1017; x_wconf 84' lang='lat' dir='ltr'><strong>iore</strong></span> 
     </span>
     <span class='ocr_line' id='line_1_7' title="bbox 146 1044 1500 1122; baseline -0.004 -13"><span class='ocrx_word' id='word_1_58' title='bbox 146 1064 206 1109; x_wconf 82' lang='lat' dir='ltr'><strong>arce</strong></span> <span class='ocrx_word' id='word_1_59' title='bbox 224 1047 391 1106; x_wconf 85' lang='lat' dir='ltr'><strong>conditione</strong></span> <span class='ocrx_word' id='word_1_60' title='bbox 413 1063 478 1105; x_wconf 92' lang='lat' dir='ltr'><strong>som</strong></span> <span class='ocrx_word' id='word_1_61' title='bbox 500 1053 613 1118; x_wconf 90' lang='lat' dir='ltr'><strong>motus,</strong></span> <span class='ocrx_word' id='word_1_62' title='bbox 637 1045 719 1105; x_wconf 89' lang='lat' dir='ltr'><strong>solus</strong></span> <span class='ocrx_word' id='word_1_63' title='bbox 741 1063 816 1122; x_wconf 92' lang='lat' dir='ltr'><strong>peno</strong></span> <span class='ocrx_word' id='word_1_64' title='bbox 839 1045 896 1104; x_wconf 86' lang='lat' dir='ltr'><strong>iroc</strong></span> <span class='ocrx_word' id='word_1_65' title='bbox 918 1062 982 1104; x_wconf 89' lang='lat' dir='ltr'><strong>surn</strong></span> <span class='ocrx_word' id='word_1_66' title='bbox 1006 1055 1192 1117; x_wconf 87' lang='lat' dir='ltr'><strong>consecutus,</strong></span> <span class='ocrx_word' id='word_1_67' title='bbox 1216 1055 1253 1105; x_wconf 88' lang='lat' dir='ltr'><strong>ut</strong></span> <span class='ocrx_word' id='word_1_68' title='bbox 1276 1044 1314 1106; x_wconf 86' lang='lat' dir='ltr'><strong>de</strong></span> <span class='ocrx_word' id='word_1_69' title='bbox 1337 1044 1500 1106; x_wconf 83' lang='lat' dir='ltr'><strong>calamitati·</strong></span> 
     </span>
     <span class='ocr_line' id='line_1_8' title="bbox 147 1131 1499 1213; baseline -0.004 -17"><span class='ocrx_word' id='word_1_70' title='bbox 147 1134 203 1196; x_wconf 86' lang='lat' dir='ltr'><strong>bus</strong></span> <span class='ocrx_word' id='word_1_71' title='bbox 225 1136 339 1212; x_wconf 81' lang='lat' dir='ltr'><strong>patriae</strong></span> <span class='ocrx_word' id='word_1_72' title='bbox 362 1133 435 1191; x_wconf 91' lang='lat' dir='ltr'><strong>nihii</strong></span> <span class='ocrx_word' id='word_1_73' title='bbox 459 1132 496 1192; x_wconf 91' lang='lat' dir='ltr'><strong>ad</strong></span> <span class='ocrx_word' id='word_1_74' title='bbox 519 1150 566 1192; x_wconf 90' lang='lat' dir='ltr'><strong>me</strong></span> <span class='ocrx_word' id='word_1_75' title='bbox 589 1135 775 1213; x_wconf 75' lang='lat' dir='ltr'><strong>pertingeret,</strong></span> <span class='ocrx_word' id='word_1_76' title='bbox 800 1131 1053 1210; x_wconf 84' lang='lat' dir='ltr'><strong>etsi-voluptatem</strong></span> <span class='ocrx_word' id='word_1_77' title='bbox 1070 1150 1105 1192; x_wconf 83' lang='lat' dir='ltr'><strong>cr</strong></span> <span class='ocrx_word' id='word_1_78' title='bbox 1129 1132 1336 1192; x_wconf 74' lang='lat' dir='ltr'><strong>incolumitate</strong></span> <span class='ocrx_word' id='word_1_79' title='bbox 1359 1136 1499 1210; x_wconf 84' lang='lat' dir='ltr'><strong>corrumpit</strong></span> 
     </span>
     <span class='ocr_line' id='line_1_9' title="bbox 148 1212 1499 1298; baseline -0.001 -17"><span class='ocrx_word' id='word_1_80' title='bbox 148 1220 232 1282; x_wconf 90' lang='lat' dir='ltr'><strong>dolor</strong></span> <span class='ocrx_word' id='word_1_81' title='bbox 255 1238 291 1281; x_wconf 78' lang='lat' dir='ltr'><strong>ex</strong></span> <span class='ocrx_word' id='word_1_82' title='bbox 315 1212 474 1293; x_wconf 82' lang='lat' dir='ltr'><strong>dedecore,</strong></span> <span class='ocrx_word' id='word_1_83' title='bbox 507 1221 599 1280; x_wconf 82' lang='lat' dir='ltr'><strong>veluti</strong></span> <span class='ocrx_word' id='word_1_84' title='bbox 625 1220 794 1280; x_wconf 87' lang='lat' dir='ltr'><strong>dulcissima</strong></span> <span class='ocrx_word' id='word_1_85' title='bbox 817 1223 913 1297; x_wconf 90' lang='lat' dir='ltr'><strong>patria</strong></span> <span class='ocrx_word' id='word_1_86' title='bbox 934 1238 1031 1280; x_wconf 89' lang='lat' dir='ltr'><strong>meum</strong></span> <span class='ocrx_word' id='word_1_87' title='bbox 1055 1220 1148 1279; x_wconf 88' lang='lat' dir='ltr'><strong>solius</strong></span> <span class='ocrx_word' id='word_1_88' title='bbox 1179 1224 1391 1281; x_wconf 78' lang='lat' dir='ltr'>commercium</span> <span class='ocrx_word' id='word_1_89' title='bbox 1414 1239 1499 1298; x_wconf 84' lang='lat' dir='ltr'><strong>asper·</strong></span> 
     </span>
     <span class='ocr_line' id='line_1_10' title="bbox 147 1308 1498 1407; baseline -0.003 -38"><span class='ocrx_word' id='word_1_90' title='bbox 147 1316 252 1383; x_wconf 84' lang='lat' dir='ltr'><strong>naute,</strong></span> <span class='ocrx_word' id='word_1_91' title='bbox 277 1324 410 1384; x_wconf 88' lang='lat' dir='ltr'><strong>quacum</strong></span> <span class='ocrx_word' id='word_1_92' title='bbox 443 1310 561 1407; x_wconf 86' lang='lat' dir='ltr'><strong>penitus</strong></span> <span class='ocrx_word' id='word_1_93' title='bbox 592 1309 764 1368; x_wconf 88' lang='lat' dir='ltr'><strong>occumbere</strong></span> <span class='ocrx_word' id='word_1_94' title='bbox 797 1309 891 1367; x_wconf 91' lang='lat' dir='ltr'><strong>bonos</strong></span> <span class='ocrx_word' id='word_1_95' title='bbox 921 1310 1047 1385; x_wconf 87' lang='lat' dir='ltr'><strong>quisque</strong></span> <span class='ocrx_word' id='word_1_96' title='bbox 1080 1311 1238 1383; x_wconf 82' lang='lat' dir='ltr'><strong>optaverit.</strong></span> <span class='ocrx_word' id='word_1_97' title='bbox 1287 1308 1350 1368; x_wconf 85' lang='lat' dir='ltr'><strong>Sed</strong></span> <span class='ocrx_word' id='word_1_98' title='bbox 1380 1309 1498 1386; x_wconf 81' lang='lat' dir='ltr'><strong>pensari</strong></span> 
     </span>
     <span class='ocr_line' id='line_1_11' title="bbox 147 1394 1498 1473; baseline -0.002 -16"><span class='ocrx_word' id='word_1_99' title='bbox 147 1396 321 1457; x_wconf 81' lang='lat' dir='ltr'><strong>felicitatem</strong></span> <span class='ocrx_word' id='word_1_100' title='bbox 343 1397 491 1473; x_wconf 87' lang='lat' dir='ltr'><strong>propriam</strong></span> <span class='ocrx_word' id='word_1_101' title='bbox 515 1395 668 1455; x_wconf 89' lang='lat' dir='ltr'><strong>calamitas</strong></span> <span class='ocrx_word' id='word_1_102' title='bbox 691 1396 761 1469; x_wconf 89' lang='lat' dir='ltr'><strong>alia,</strong></span> <span class='ocrx_word' id='word_1_103' title='bbox 787 1395 874 1471; x_wconf 84' lang='lat' dir='ltr'><strong>ionga</strong></span> <span class='ocrx_word' id='word_1_104' title='bbox 896 1397 1010 1455; x_wconf 90' lang='lat' dir='ltr'><strong>abeilo</strong></span> <span class='ocrx_word' id='word_1_105' title='bbox 1034 1394 1153 1473; x_wconf 89' lang='lat' dir='ltr'><strong>publico</strong></span> <span class='ocrx_word' id='word_1_106' title='bbox 1178 1395 1330 1469; x_wconf 84' lang='lat' dir='ltr'><strong>distincta,</strong></span> <span class='ocrx_word' id='word_1_107' title='bbox 1355 1399 1498 1456; x_wconf 86' lang='lat' dir='ltr'><strong>communis</strong></span> 
     </span>
     <span class='ocr_line' id='line_1_12' title="bbox 147 1482 1497 1560; baseline -0.004 -16"><span class='ocrx_word' id='word_1_108' title='bbox 147 1482 220 1544; x_wconf 88' lang='lat' dir='ltr'><strong>mihi</strong></span> <span class='ocrx_word' id='word_1_109' title='bbox 244 1501 311 1543; x_wconf 90' lang='lat' dir='ltr'><strong>cum</strong></span> <span class='ocrx_word' id='word_1_110' title='bbox 334 1483 472 1542; x_wconf 84' lang='lat' dir='ltr'><strong>iratribus</strong></span> <span class='ocrx_word' id='word_1_111' title='bbox 495 1486 577 1556; x_wconf 80' lang='lat' dir='ltr'><strong>meis,</strong></span> <span class='ocrx_word' id='word_1_112' title='bbox 603 1500 691 1557; x_wconf 90' lang='lat' dir='ltr'><strong>quam</strong></span> <span class='ocrx_word' id='word_1_113' title='bbox 708 1483 841 1560; x_wconf 87' lang='lat' dir='ltr'><strong>privatus</strong></span> <span class='ocrx_word' id='word_1_114' title='bbox 857 1483 943 1540; x_wconf 90' lang='lat' dir='ltr'><strong>uobis</strong></span> <span class='ocrx_word' id='word_1_115' title='bbox 959 1483 1051 1542; x_wconf 88' lang='lat' dir='ltr'><strong>bostis</strong></span> <span class='ocrx_word' id='word_1_116' title='bbox 1068 1484 1272 1541; x_wconf 88' lang='lat' dir='ltr'><strong>atrocissimus</strong></span> <span class='ocrx_word' id='word_1_117' title='bbox 1296 1484 1408 1557; x_wconf 88' lang='lat' dir='ltr'><strong>intulit,</strong></span> <span class='ocrx_word' id='word_1_118' title='bbox 1430 1485 1497 1559; x_wconf 82' lang='lat' dir='ltr'><strong>cujus</strong></span> 
     </span>
     <span class='ocr_line' id='line_1_13' title="bbox 147 1569 1497 1649; baseline -0.001 -18"><span class='ocrx_word' id='word_1_119' title='bbox 147 1589 205 1649; x_wconf 78' lang='lat' dir='ltr'><strong>ego</strong></span> <span class='ocrx_word' id='word_1_120' title='bbox 230 1571 387 1630; x_wconf 88' lang='lat' dir='ltr'><strong>conatibus</strong></span> <span class='ocrx_word' id='word_1_121' title='bbox 409 1578 443 1628; x_wconf 94' lang='lat' dir='ltr'><strong>ut</strong></span> <span class='ocrx_word' id='word_1_122' title='bbox 466 1572 562 1629; x_wconf 89' lang='lat' dir='ltr'><strong>socios</strong></span> <span class='ocrx_word' id='word_1_123' title='bbox 585 1569 787 1645; x_wconf 90' lang='lat' dir='ltr'><strong>irateroasque</strong></span> <span class='ocrx_word' id='word_1_124' title='bbox 809 1587 914 1629; x_wconf 88' lang='lat' dir='ltr'><strong>manus</strong></span> <span class='ocrx_word' id='word_1_125' title='bbox 937 1587 1125 1648; x_wconf 84' lang='lat' dir='ltr'><strong>opponerem,</strong></span> <span class='ocrx_word' id='word_1_126' title='bbox 1149 1572 1243 1647; x_wconf 88' lang='lat' dir='ltr'><strong>potita</strong></span> <span class='ocrx_word' id='word_1_127' title='bbox 1260 1572 1415 1632; x_wconf 74' lang='lat' dir='ltr'><strong>absentiae</strong></span> <span class='ocrx_word' id='word_1_128' title='bbox 1429 1574 1497 1631; x_wconf 84' lang='lat' dir='ltr'><strong>reaia</strong></span> 
     </span>
     <span class='ocr_line' id='line_1_14' title="bbox 148 1652 1497 1735; baseline -0.004 -14"><span class='ocrx_word' id='word_1_129' title='bbox 148 1658 250 1721; x_wconf 82' lang='lat' dir='ltr'><strong>binoto</strong></span> <span class='ocrx_word' id='word_1_130' title='bbox 273 1675 340 1718; x_wconf 90' lang='lat' dir='ltr'><strong>sum</strong></span> <span class='ocrx_word' id='word_1_131' title='bbox 360 1657 509 1735; x_wconf 88' lang='lat' dir='ltr'><strong>proiectus</strong></span> <span class='ocrx_word' id='word_1_132' title='bbox 533 1660 561 1714; x_wconf 90' lang='lat' dir='ltr'><strong>iu</strong></span> <span class='ocrx_word' id='word_1_133' title='bbox 586 1652 859 1733; x_wconf 84' lang='lat' dir='ltr'><strong>Wirtcmbergiam‚</strong></span> <span class='ocrx_word' id='word_1_134' title='bbox 887 1656 974 1731; x_wconf 89' lang='lat' dir='ltr'><strong>jussa</strong></span> <span class='ocrx_word' id='word_1_135' title='bbox 996 1675 1087 1716; x_wconf 84' lang='lat' dir='ltr'><strong>uxore</strong></span> <span class='ocrx_word' id='word_1_136' title='bbox 1110 1675 1177 1715; x_wconf 88' lang='lat' dir='ltr'><strong>cum</strong></span> <span class='ocrx_word' id='word_1_137' title='bbox 1204 1658 1322 1717; x_wconf 89' lang='lat' dir='ltr'><strong>iumiiia</strong></span> <span class='ocrx_word' id='word_1_138' title='bbox 1345 1677 1392 1718; x_wconf 87' lang='lat' dir='ltr'><strong>me</strong></span> <span class='ocrx_word' id='word_1_139' title='bbox 1414 1659 1497 1718; x_wconf 81' lang='lat' dir='ltr'><strong>Ratis·</strong></span> 
     </span>
     <span class='ocr_line' id='line_1_15' title="bbox 147 1743 1496 1822; baseline 0 -17"><span class='ocrx_word' id='word_1_140' title='bbox 147 1744 255 1805; x_wconf 90' lang='lat' dir='ltr'><strong>bonam</strong></span> <span class='ocrx_word' id='word_1_141' title='bbox 288 1760 382 1820; x_wconf 91' lang='lat' dir='ltr'><strong>usque</strong></span> <span class='ocrx_word' id='word_1_142' title='bbox 413 1747 512 1819; x_wconf 90' lang='lat' dir='ltr'><strong>sequi,</strong></span> <span class='ocrx_word' id='word_1_143' title='bbox 546 1751 579 1802; x_wconf 91' lang='lat' dir='ltr'><strong>ut</strong></span> <span class='ocrx_word' id='word_1_144' title='bbox 602 1761 638 1804; x_wconf 90' lang='lat' dir='ltr'><strong>ca</strong></span> <span class='ocrx_word' id='word_1_145' title='bbox 661 1752 690 1803; x_wconf 89' lang='lat' dir='ltr'><strong>ct</strong></span> <span class='ocrx_word' id='word_1_146' title='bbox 713 1753 795 1803; x_wconf 83' lang='lat' dir='ltr'><strong>cxtra</strong></span> <span class='ocrx_word' id='word_1_147' title='bbox 823 1743 983 1822; x_wconf 90' lang='lat' dir='ltr'><strong>periculum</strong></span> <span class='ocrx_word' id='word_1_148' title='bbox 1013 1744 1267 1804; x_wconf 91' lang='lat' dir='ltr'><strong>incommodorum</strong></span> <span class='ocrx_word' id='word_1_149' title='bbox 1298 1745 1372 1806; x_wconf 91' lang='lat' dir='ltr'><strong>belii</strong></span> <span class='ocrx_word' id='word_1_150' title='bbox 1395 1747 1496 1807; x_wconf 80' lang='lat' dir='ltr'><strong>etmihi</strong></span> 
     </span>
     <span class='ocr_line' id='line_1_16' title="bbox 147 1830 1277 1913; baseline -0.001 -21"><span class='ocrx_word' id='word_1_151' title='bbox 147 1835 267 1913; x_wconf 78' lang='lat' dir='ltr'>propior</span> <span class='ocrx_word' id='word_1_152' title='bbox 290 1838 383 1905; x_wconf 88' lang='lat' dir='ltr'><strong>esset;</strong></span> <span class='ocrx_word' id='word_1_153' title='bbox 408 1830 610 1909; x_wconf 85' lang='lat' dir='ltr'><strong>praesiderem</strong></span> <span class='ocrx_word' id='word_1_154' title='bbox 634 1833 720 1905; x_wconf 89' lang='lat' dir='ltr'><strong>enirn,</strong></span> <span class='ocrx_word' id='word_1_155' title='bbox 745 1850 872 1891; x_wconf 89' lang='lat' dir='ltr'><strong>annuam</strong></span> <span class='ocrx_word' id='word_1_156' title='bbox 896 1831 957 1890; x_wconf 87' lang='lat' dir='ltr'><strong>iore</strong></span> <span class='ocrx_word' id='word_1_157' title='bbox 980 1849 1076 1891; x_wconf 89' lang='lat' dir='ltr'><strong>meam</strong></span> <span class='ocrx_word' id='word_1_158' title='bbox 1099 1833 1277 1892; x_wconf 85' lang='lat' dir='ltr'><strong>absentiam.</strong></span> 
     </span>
    </p>

    <p class='ocr_par' dir='ltr' id='par_1_3' title="bbox 148 1917 1496 2339">
     <span class='ocr_line' id='line_1_17' title="bbox 254 1917 1496 2001; baseline 0 -22"><span class='ocrx_word' id='word_1_159' title='bbox 254 1919 297 1979; x_wconf 85' lang='lat' dir='ltr'><strong>Eo</strong></span> <span class='ocrx_word' id='word_1_160' title='bbox 322 1921 351 1978; x_wconf 93' lang='lat' dir='ltr'><strong>in</strong></span> <span class='ocrx_word' id='word_1_161' title='bbox 382 1921 485 1978; x_wconf 87' lang='lat' dir='ltr'><strong>itinere</strong></span> <span class='ocrx_word' id='word_1_162' title='bbox 513 1921 615 1997; x_wconf 92' lang='lat' dir='ltr'><strong>scripsi</strong></span> <span class='ocrx_word' id='word_1_163' title='bbox 647 1918 683 1978; x_wconf 90' lang='lat' dir='ltr'><strong>de</strong></span> <span class='ocrx_word' id='word_1_164' title='bbox 714 1919 882 1997; x_wconf 84' lang='lat' dir='ltr'><strong>eclipsibus.</strong></span> <span class='ocrx_word' id='word_1_165' title='bbox 935 1917 1040 1979; x_wconf 89' lang='lat' dir='ltr'><strong>Habeo</strong></span> <span class='ocrx_word' id='word_1_166' title='bbox 1069 1918 1192 1999; x_wconf 84' lang='lat' dir='ltr'><strong>librum,</strong></span> <span class='ocrx_word' id='word_1_167' title='bbox 1230 1924 1260 1978; x_wconf 91' lang='lat' dir='ltr'><strong>io</strong></span> <span class='ocrx_word' id='word_1_168' title='bbox 1291 1939 1354 1997; x_wconf 85' lang='lat' dir='ltr'><strong>qrro</strong></span> <span class='ocrx_word' id='word_1_169' title='bbox 1392 1923 1496 2001; x_wconf 83' lang='lat' dir='ltr'><strong>eclipses</strong></span> 
     </span>
     <span class='ocr_line' id='line_1_18' title="bbox 149 2007 1495 2085; baseline -0.001 -16"><span class='ocrx_word' id='word_1_170' title='bbox 149 2023 252 2069; x_wconf 86' lang='lat' dir='ltr'><strong>omnes</strong></span> <span class='ocrx_word' id='word_1_171' title='bbox 275 2007 314 2066; x_wconf 89' lang='lat' dir='ltr'><strong>ab</strong></span> <span class='ocrx_word' id='word_1_172' title='bbox 338 2023 414 2067; x_wconf 93' lang='lat' dir='ltr'><strong>auno</strong></span> <span class='ocrx_word' id='word_1_173' title='bbox 434 2012 517 2067; x_wconf 71' lang='lat' dir='ltr'><strong>leiti</strong></span> <span class='ocrx_word' id='word_1_174' title='bbox 535 2009 710 2066; x_wconf 82' lang='lat' dir='ltr'><strong>observatae</strong></span> <span class='ocrx_word' id='word_1_175' title='bbox 734 2025 800 2066; x_wconf 91' lang='lat' dir='ltr'><strong>cum</strong></span> <span class='ocrx_word' id='word_1_176' title='bbox 824 2007 1080 2073; x_wconf 82' lang='lat' dir='ltr'><strong>observationibus</strong></span> <span class='ocrx_word' id='word_1_177' title='bbox 1097 2010 1180 2081; x_wconf 81' lang='lat' dir='ltr'><strong>meis,</strong></span> <span class='ocrx_word' id='word_1_178' title='bbox 1203 2007 1360 2085; x_wconf 79' lang='lat' dir='ltr'><strong>Tycironis</strong></span> <span class='ocrx_word' id='word_1_179' title='bbox 1375 2011 1495 2070; x_wconf 87' lang='lat' dir='ltr'><strong>aliorum-</strong></span> 
     </span>
     <span class='ocr_line' id='line_1_19' title="bbox 149 2093 1494 2175; baseline -0.002 -20"><span class='ocrx_word' id='word_1_180' title='bbox 149 2112 207 2173; x_wconf 85' lang='lat' dir='ltr'><strong>que</strong></span> <span class='ocrx_word' id='word_1_181' title='bbox 231 2100 348 2154; x_wconf 92' lang='lat' dir='ltr'><strong>etcum</strong></span> <span class='ocrx_word' id='word_1_182' title='bbox 372 2093 486 2153; x_wconf 91' lang='lat' dir='ltr'><strong>calculo</strong></span> <span class='ocrx_word' id='word_1_183' title='bbox 511 2096 705 2154; x_wconf 86' lang='lat' dir='ltr'><strong>restitutionis</strong></span> <span class='ocrx_word' id='word_1_184' title='bbox 729 2111 811 2155; x_wconf 90' lang='lat' dir='ltr'><strong>meae</strong></span> <span class='ocrx_word' id='word_1_185' title='bbox 825 2093 959 2175; x_wconf 77' lang='lat' dir='ltr'><strong>ultimae.</strong></span> <span class='ocrx_word' id='word_1_186' title='bbox 990 2094 1055 2154; x_wconf 84' lang='lat' dir='ltr'><strong>Non</strong></span> <span class='ocrx_word' id='word_1_187' title='bbox 1079 2093 1143 2153; x_wconf 91' lang='lat' dir='ltr'><strong>ulla</strong></span> <span class='ocrx_word' id='word_1_188' title='bbox 1166 2104 1267 2154; x_wconf 89' lang='lat' dir='ltr'><strong>tamen</strong></span> <span class='ocrx_word' id='word_1_189' title='bbox 1291 2097 1364 2155; x_wconf 91' lang='lat' dir='ltr'><strong>mibi</strong></span> <span class='ocrx_word' id='word_1_190' title='bbox 1387 2100 1494 2175; x_wconf 82' lang='lat' dir='ltr'><strong>suppetit</strong></span> 
     </span>
     <span class='ocr_line' id='line_1_20' title="bbox 149 2180 1492 2260; baseline -0.002 -18"><span class='ocrx_word' id='word_1_191' title='bbox 149 2183 265 2242; x_wconf 85' lang='lat' dir='ltr'><strong>occasio</strong></span> <span class='ocrx_word' id='word_1_192' title='bbox 288 2181 482 2260; x_wconf 89' lang='lat' dir='ltr'><strong>imprimendi,</strong></span> <span class='ocrx_word' id='word_1_193' title='bbox 506 2185 679 2259; x_wconf 84' lang='lat' dir='ltr'><strong>priusquam</strong></span> <span class='ocrx_word' id='word_1_194' title='bbox 704 2184 915 2258; x_wconf 85' lang='lat' dir='ltr'><strong>conquiescant</strong></span> <span class='ocrx_word' id='word_1_195' title='bbox 937 2181 967 2241; x_wconf 94' lang='lat' dir='ltr'><strong>bi</strong></span> <span class='ocrx_word' id='word_1_196' title='bbox 991 2191 1088 2242; x_wconf 90' lang='lat' dir='ltr'><strong>motus</strong></span> <span class='ocrx_word' id='word_1_197' title='bbox 1112 2180 1304 2245; x_wconf 85' lang='lat' dir='ltr'><strong>Germaniae.</strong></span> <span class='ocrx_word' id='word_1_198' title='bbox 1342 2188 1397 2255; x_wconf 77' lang='lat' dir='ltr'><strong>(Ex</strong></span> <span class='ocrx_word' id='word_1_199' title='bbox 1414 2188 1492 2257; x_wconf 78' lang='lat' dir='ltr'><strong>epior-</strong></span> 
     </span>
     <span class='ocr_line' id='line_1_21' title="bbox 148 2271 784 2339; baseline -0.008 -8"><span class='ocrx_word' id='word_1_200' title='bbox 148 2271 184 2331; x_wconf 87' lang='lat' dir='ltr'><strong>lis</strong></span> <span class='ocrx_word' id='word_1_201' title='bbox 202 2272 274 2328; x_wconf 86' lang='lat' dir='ltr'><strong>datis</strong></span> <span class='ocrx_word' id='word_1_202' title='bbox 293 2271 367 2328; x_wconf 89' lang='lat' dir='ltr'><strong>Julio</strong></span> <span class='ocrx_word' id='word_1_203' title='bbox 387 2272 456 2327; x_wconf 86' lang='grc'>1623</span> <span class='ocrx_word' id='word_1_204' title='bbox 476 2278 504 2326; x_wconf 88' lang='lat' dir='ltr'><strong>et</strong></span> <span class='ocrx_word' id='word_1_205' title='bbox 521 2271 671 2326; x_wconf 84' lang='lat' dir='ltr'><strong>Februario</strong></span> <span class='ocrx_word' id='word_1_206' title='bbox 693 2272 784 2339; x_wconf 76' lang='lat' dir='ltr'><strong>tuat.)</strong></span> 
     </span>
    </p>

    <p class='ocr_par' dir='ltr' id='par_1_4' title="bbox 147 2358 1543 3653">
     <span class='ocr_line' id='line_1_22' title="bbox 253 2358 1492 2432; baseline 0.001 -18"><span class='ocrx_word' id='word_1_207' title='bbox 253 2360 330 2428; x_wconf 81' lang='lat' dir='ltr'><strong>Quae</strong></span> <span class='ocrx_word' id='word_1_208' title='bbox 353 2359 489 2428; x_wconf 87' lang='lat' dir='ltr'><strong>Keplerus</strong></span> <span class='ocrx_word' id='word_1_209' title='bbox 514 2359 559 2413; x_wconf 91' lang='lat' dir='ltr'><strong>hic</strong></span> <span class='ocrx_word' id='word_1_210' title='bbox 583 2359 727 2414; x_wconf 87' lang='lat' dir='ltr'><strong>obscurius</strong></span> <span class='ocrx_word' id='word_1_211' title='bbox 752 2358 966 2428; x_wconf 77' lang='lat' dir='ltr'><strong>significaverat,</strong></span> <span class='ocrx_word' id='word_1_212' title='bbox 991 2367 1088 2428; x_wconf 85' lang='lat' dir='ltr'><strong>posteo</strong></span> <span class='ocrx_word' id='word_1_213' title='bbox 1115 2358 1266 2430; x_wconf 79' lang='lat' dir='ltr'><strong>explicarit</strong></span> <span class='ocrx_word' id='word_1_214' title='bbox 1291 2363 1423 2432; x_wconf 75' lang='lat' dir='ltr'><strong>Cragum,</strong></span> <span class='ocrx_word' id='word_1_215' title='bbox 1446 2363 1492 2415; x_wconf 72' lang='lat' dir='ltr'><strong>rcri-</strong></span> 
     </span>
     <span class='ocr_line' id='line_1_23' title="bbox 148 2446 1543 2521; baseline -0.002 -18"><span class='ocrx_word' id='word_1_216' title='bbox 148 2446 239 2503; x_wconf 86' lang='lat' dir='ltr'><strong>benti:</strong></span> <span class='ocrx_word' id='word_1_217' title='bbox 267 2447 423 2503; x_wconf 82' lang='lat' dir='ltr'><strong>Straussius</strong></span> <span class='ocrx_word' id='word_1_218' title='bbox 442 2447 501 2516; x_wconf 88' lang='lat' dir='ltr'><strong>jam</strong></span> <span class='ocrx_word' id='word_1_219' title='bbox 524 2447 623 2501; x_wconf 90' lang='lat' dir='ltr'><strong>nuncio</strong></span> <span class='ocrx_word' id='word_1_220' title='bbox 641 2447 694 2500; x_wconf 92' lang='lat' dir='ltr'><strong>isto</strong></span> <span class='ocrx_word' id='word_1_221' title='bbox 714 2447 747 2501; x_wconf 92' lang='lat' dir='ltr'><strong>de</strong></span> <span class='ocrx_word' id='word_1_222' title='bbox 766 2446 819 2501; x_wconf 92' lang='lat' dir='ltr'><strong>tuis</strong></span> <span class='ocrx_word' id='word_1_223' title='bbox 842 2447 995 2502; x_wconf 85' lang='lat' dir='ltr'><strong>secundiori</strong></span> <span class='ocrx_word' id='word_1_224' title='bbox 1018 2448 1187 2505; x_wconf 82' lang='lat' dir='ltr'><strong>exhilaratus</strong></span> <span class='ocrx_word' id='word_1_225' title='bbox 1207 2459 1253 2505; x_wconf 89' lang='lat' dir='ltr'><strong>est</strong></span> <span class='ocrx_word' id='word_1_226' title='bbox 1273 2467 1346 2505; x_wconf 87' lang='lat' dir='ltr'><strong>anno</strong></span> <span class='ocrx_word' id='word_1_227' title='bbox 1370 2450 1488 2521; x_wconf 73' lang='lat' dir='ltr'><strong>praetem.</strong></span> <span class='ocrx_word' id='word_1_228' title='bbox 1541 2474 1543 2513; x_wconf 77' lang='lat'><strong>;</strong></span> 
     </span>
     <span class='ocr_line' id='line_1_24' title="bbox 148 2534 1491 2605; baseline -0.002 -14"><span class='ocrx_word' id='word_1_229' title='bbox 148 2534 268 2591; x_wconf 75' lang='lat' dir='ltr'><strong>sisaim</strong></span> <span class='ocrx_word' id='word_1_230' title='bbox 290 2542 337 2589; x_wconf 89' lang='lat' dir='ltr'><strong>tuo</strong></span> <span class='ocrx_word' id='word_1_231' title='bbox 361 2551 500 2603; x_wconf 85' lang='lat' dir='ltr'><strong>germano.</strong></span> <span class='ocrx_word' id='word_1_232' title='bbox 538 2534 603 2588; x_wconf 87' lang='lat' dir='ltr'><strong>Fuit</strong></span> <span class='ocrx_word' id='word_1_233' title='bbox 627 2534 699 2588; x_wconf 91' lang='lat' dir='ltr'><strong>enim</strong></span> <span class='ocrx_word' id='word_1_234' title='bbox 719 2534 743 2589; x_wconf 91' lang='lat' dir='ltr'><strong>is</strong></span> <span class='ocrx_word' id='word_1_235' title='bbox 767 2535 985 2605; x_wconf 77' lang='lat' dir='ltr'><strong>etRegiomonti</strong></span> <span class='ocrx_word' id='word_1_236' title='bbox 1010 2544 1038 2590; x_wconf 89' lang='lat' dir='ltr'><strong>et</strong></span> <span class='ocrx_word' id='word_1_237' title='bbox 1060 2536 1177 2591; x_wconf 88' lang='lat' dir='ltr'><strong>iiainiac</strong></span> <span class='ocrx_word' id='word_1_238' title='bbox 1200 2545 1231 2592; x_wconf 89' lang='lat' dir='ltr'><strong>ct</strong></span> <span class='ocrx_word' id='word_1_239' title='bbox 1253 2539 1394 2603; x_wconf 80' lang='lat' dir='ltr'><strong>Dantisci,</strong></span> <span class='ocrx_word' id='word_1_240' title='bbox 1418 2538 1455 2593; x_wconf 84' lang='lat' dir='ltr'><strong>ubi</strong></span> <span class='ocrx_word' id='word_1_241' title='bbox 1472 2550 1491 2587; x_wconf 85' lang='lat' dir='ltr'><strong>cs</strong></span> 
     </span>
     <span class='ocr_line' id='line_1_25' title="bbox 147 2622 1543 2693; baseline -0.001 -14"><span class='ocrx_word' id='word_1_242' title='bbox 147 2638 192 2679; x_wconf 84' lang='lat' dir='ltr'><strong>me</strong></span> <span class='ocrx_word' id='word_1_243' title='bbox 214 2622 339 2678; x_wconf 85' lang='lat' dir='ltr'><strong>liberarit</strong></span> <span class='ocrx_word' id='word_1_244' title='bbox 365 2624 419 2678; x_wconf 90' lang='lat' dir='ltr'><strong>istu</strong></span> <span class='ocrx_word' id='word_1_245' title='bbox 446 2622 638 2678; x_wconf 89' lang='lat' dir='ltr'><strong>soibcitudine.</strong></span> <span class='ocrx_word' id='word_1_246' title='bbox 679 2623 771 2690; x_wconf 80' lang='lat' dir='ltr'><strong>Rogas</strong></span> <span class='ocrx_word' id='word_1_247' title='bbox 797 2622 846 2676; x_wconf 90' lang='lat' dir='ltr'><strong>tibi</strong></span> <span class='ocrx_word' id='word_1_248' title='bbox 874 2638 909 2677; x_wconf 92' lang='lat' dir='ltr'><strong>ne</strong></span> <span class='ocrx_word' id='word_1_249' title='bbox 938 2622 1070 2677; x_wconf 78' lang='lat' dir='ltr'><strong>invideam</strong></span> <span class='ocrx_word' id='word_1_250' title='bbox 1099 2624 1273 2693; x_wconf 81' lang='lat' dir='ltr'><strong>voluptutem</strong></span> <span class='ocrx_word' id='word_1_251' title='bbox 1299 2626 1407 2680; x_wconf 84' lang='lat' dir='ltr'><strong>ridendi</strong></span> <span class='ocrx_word' id='word_1_252' title='bbox 1429 2622 1491 2678; x_wconf 71' lang='lat' dir='ltr'><strong>uiro</strong></span> <span class='ocrx_word' id='word_1_253' title='bbox 1541 2626 1543 2645; x_wconf 92' lang='lat'>&#39;</span> 
     </span>
     <span class='ocr_line' id='line_1_26' title="bbox 148 2708 1492 2783; baseline -0.001 -18"><span class='ocrx_word' id='word_1_254' title='bbox 148 2708 210 2766; x_wconf 89' lang='lat' dir='ltr'><strong>illos</strong></span> <span class='ocrx_word' id='word_1_255' title='bbox 229 2708 348 2777; x_wconf 88' lang='lat' dir='ltr'><strong>colores,</strong></span> <span class='ocrx_word' id='word_1_256' title='bbox 374 2709 472 2778; x_wconf 90' lang='lat' dir='ltr'><strong>quibus</strong></span> <span class='ocrx_word' id='word_1_257' title='bbox 495 2716 543 2765; x_wconf 86' lang='lat' dir='ltr'><strong>tua</strong></span> <span class='ocrx_word' id='word_1_258' title='bbox 567 2710 650 2779; x_wconf 87' lang='lat' dir='ltr'><strong>hujus</strong></span> <span class='ocrx_word' id='word_1_259' title='bbox 676 2710 853 2779; x_wconf 90' lang='lat' dir='ltr'><strong>quinquennii</strong></span> <span class='ocrx_word' id='word_1_260' title='bbox 875 2710 986 2766; x_wconf 79' lang='lat' dir='ltr'><strong>fortuna</strong></span> <span class='ocrx_word' id='word_1_261' title='bbox 1006 2711 1070 2764; x_wconf 88' lang='lat' dir='ltr'><strong>mibi</strong></span> <span class='ocrx_word' id='word_1_262' title='bbox 1094 2711 1204 2781; x_wconf 84' lang='lat' dir='ltr'><strong>depicta</strong></span> <span class='ocrx_word' id='word_1_263' title='bbox 1229 2714 1290 2767; x_wconf 90' lang='lat' dir='ltr'><strong>iuit.</strong></span> <span class='ocrx_word' id='word_1_264' title='bbox 1329 2712 1492 2783; x_wconf 75' lang='lat' dir='ltr'><strong>Quon&#39;unis</strong></span> 
     </span>
     <span class='ocr_line' id='line_1_27' title="bbox 148 2795 1492 2868; baseline 0.001 -15"><span class='ocrx_word' id='word_1_265' title='bbox 148 2796 198 2866; x_wconf 78' lang='lat' dir='ltr'><strong>vis,</strong></span> <span class='ocrx_word' id='word_1_266' title='bbox 224 2795 304 2851; x_wconf 85' lang='lat' dir='ltr'><strong>facio.</strong></span> <span class='ocrx_word' id='word_1_267' title='bbox 346 2797 462 2867; x_wconf 88' lang='lat' dir='ltr'><strong>Propter</strong></span> <span class='ocrx_word' id='word_1_268' title='bbox 490 2797 626 2852; x_wconf 81' lang='lat' dir='ltr'><strong>austriaca</strong></span> <span class='ocrx_word' id='word_1_269' title='bbox 650 2797 723 2850; x_wconf 91' lang='lat' dir='ltr'><strong>belia</strong></span> <span class='ocrx_word' id='word_1_270' title='bbox 750 2798 881 2854; x_wconf 88' lang='lat' dir='ltr'><strong>dicebaris</strong></span> <span class='ocrx_word' id='word_1_271' title='bbox 910 2800 1057 2866; x_wconf 78' lang='lat' dir='ltr'><strong>emigrasse</strong></span> <span class='ocrx_word' id='word_1_272' title='bbox 1085 2799 1255 2868; x_wconf 88' lang='lat' dir='ltr'><strong>Tubingam,</strong></span> <span class='ocrx_word' id='word_1_273' title='bbox 1286 2801 1395 2856; x_wconf 86' lang='lat' dir='ltr'><strong>iuterim</strong></span> <span class='ocrx_word' id='word_1_274' title='bbox 1422 2800 1492 2857; x_wconf 76' lang='lat' dir='ltr'><strong>debu</strong></span> 
     </span>
     <span class='ocr_line' id='line_1_28' title="bbox 148 2882 1492 2959; baseline 0 -18"><span class='ocrx_word' id='word_1_275' title='bbox 148 2885 261 2941; x_wconf 78' lang='lat' dir='ltr'><strong>Bacasis</strong></span> <span class='ocrx_word' id='word_1_276' title='bbox 279 2882 384 2953; x_wconf 85' lang='lat' dir='ltr'><strong>Lincio,</strong></span> <span class='ocrx_word' id='word_1_277' title='bbox 403 2885 531 2953; x_wconf 91' lang='lat' dir='ltr'><strong>quicquid</strong></span> <span class='ocrx_word' id='word_1_278' title='bbox 549 2900 639 2938; x_wconf 79' lang='lat' dir='ltr'><strong>rerum</strong></span> <span class='ocrx_word' id='word_1_279' title='bbox 658 2892 766 2938; x_wconf 88' lang='lat' dir='ltr'><strong>tuarum</strong></span> <span class='ocrx_word' id='word_1_280' title='bbox 784 2884 811 2939; x_wconf 92' lang='lat' dir='ltr'><strong>iu</strong></span> <span class='ocrx_word' id='word_1_281' title='bbox 824 2886 1006 2956; x_wconf 84' lang='lat' dir='ltr'><strong>typographia</strong></span> <span class='ocrx_word' id='word_1_282' title='bbox 1020 2888 1169 2954; x_wconf 76' lang='lat' dir='ltr'><strong>inuentum,</strong></span> <span class='ocrx_word' id='word_1_283' title='bbox 1188 2903 1205 2940; x_wconf 91' lang='lat' dir='ltr'><strong>a</strong></span> <span class='ocrx_word' id='word_1_284' title='bbox 1225 2888 1362 2945; x_wconf 84' lang='lat' dir='ltr'><strong>militibus</strong></span> <span class='ocrx_word' id='word_1_285' title='bbox 1375 2891 1492 2959; x_wconf 72' lang='lat' dir='ltr'><strong>direptam</strong></span> 
     </span>
     <span class='ocr_line' id='line_1_29' title="bbox 149 2973 1485 3042; baseline 0.002 -14"><span class='ocrx_word' id='word_1_286' title='bbox 149 2973 306 3042; x_wconf 85' lang='lat' dir='ltr'><strong>laceratum,</strong></span> <span class='ocrx_word' id='word_1_287' title='bbox 325 2986 374 3028; x_wconf 82' lang='lat' dir='ltr'><strong>nou</strong></span> <span class='ocrx_word' id='word_1_288' title='bbox 394 2975 437 3027; x_wconf 83' lang='lat' dir='ltr'><strong>beu</strong></span> <span class='ocrx_word' id='word_1_289' title='bbox 457 2974 582 3039; x_wconf 60' lang='lat' dir='ltr'><strong>&amp;dritten</strong></span> <span class='ocrx_word' id='word_1_290' title='bbox 602 2974 640 3027; x_wconf 78' lang='lat' dir='ltr'><strong>tu·</strong></span> <span class='ocrx_word' id='word_1_291' title='bbox 660 2973 793 3042; x_wconf 64' lang='lat' dir='ltr'><strong>ibrurdereu</strong></span> <span class='ocrx_word' id='word_1_292' title='bbox 812 2975 946 3041; x_wconf 76' lang='lat' dir='ltr'><strong>babemus</strong></span> <span class='ocrx_word' id='word_1_293' title='bbox 965 2976 1075 3040; x_wconf 72' lang='lat' dir='ltr'><strong>urquu.</strong></span> <span class='ocrx_word' id='word_1_294' title='bbox 1100 2989 1149 3029; x_wconf 82' lang='lat' dir='ltr'><strong>corr</strong></span> <span class='ocrx_word' id='word_1_295' title='bbox 1176 2982 1220 3030; x_wconf 77' lang='lat' dir='ltr'><strong>cru</strong></span> <span class='ocrx_word' id='word_1_296' title='bbox 1241 2978 1389 3033; x_wconf 67' lang='lat' dir='ltr'><strong>drtrrrdtm</strong></span> <span class='ocrx_word' id='word_1_297' title='bbox 1412 2990 1451 3031; x_wconf 79' lang='lat' dir='ltr'><strong>cuc</strong></span> <span class='ocrx_word' id='word_1_298' title='bbox 1465 2992 1485 3041; x_wconf 67' lang='lat' dir='ltr'><strong>‚a</strong></span> 
     </span>
     <span class='ocr_line' id='line_1_30' title="bbox 150 3059 1543 3137; baseline 0.001 -22"><span class='ocrx_word' id='word_1_299' title='bbox 150 3060 293 3128; x_wconf 72' lang='lat' dir='ltr'><strong>ldytitbcucu</strong></span> <span class='ocrx_word' id='word_1_300' title='bbox 304 3061 394 3129; x_wconf 70' lang='lat' dir='ltr'><strong>iisque</strong></span> <span class='ocrx_word' id='word_1_301' title='bbox 407 3061 535 3128; x_wconf 65' lang='lat' dir='ltr'><strong>ilciroueu</strong></span> <span class='ocrx_word' id='word_1_302' title='bbox 548 3062 659 3127; x_wconf 51' lang='lat' dir='ltr'><strong>quorsdrt&#39;</strong></span> <span class='ocrx_word' id='word_1_303' title='bbox 678 3059 800 3116; x_wconf 89' lang='lat' dir='ltr'><strong>ablatum</strong></span> <span class='ocrx_word' id='word_1_304' title='bbox 814 3062 895 3116; x_wconf 89' lang='lat' dir='ltr'><strong>etiam</strong></span> <span class='ocrx_word' id='word_1_305' title='bbox 915 3070 943 3115; x_wconf 88' lang='lat' dir='ltr'><strong>et</strong></span> <span class='ocrx_word' id='word_1_306' title='bbox 955 3063 1129 3129; x_wconf 78' lang='lat' dir='ltr'><strong>obsignatum</strong></span> <span class='ocrx_word' id='word_1_307' title='bbox 1143 3063 1372 3120; x_wconf 81' lang='lat' dir='ltr'><strong>obsecrationum</strong></span> <span class='ocrx_word' id='word_1_308' title='bbox 1383 3064 1492 3137; x_wconf 70' lang='lat' dir='ltr'><strong>‘irrisui-</strong></span> <span class='ocrx_word' id='word_1_309' title='bbox 1541 3074 1543 3079; x_wconf 84' lang='lat'>&#39;</span> 
     </span>
     <span class='ocr_line' id='line_1_31' title="bbox 150 3148 1493 3223; baseline 0.001 -20"><span class='ocrx_word' id='word_1_310' title='bbox 150 3162 243 3203; x_wconf 83' lang='lat' dir='ltr'><strong>aarum</strong></span> <span class='ocrx_word' id='word_1_311' title='bbox 261 3148 428 3213; x_wconf 88' lang='lat' dir='ltr'><strong>thesaurum,</strong></span> <span class='ocrx_word' id='word_1_312' title='bbox 448 3165 528 3216; x_wconf 91' lang='lat' dir='ltr'><strong>quem</strong></span> <span class='ocrx_word' id='word_1_313' title='bbox 548 3155 638 3201; x_wconf 90' lang='lat' dir='ltr'><strong>tamen</strong></span> <span class='ocrx_word' id='word_1_314' title='bbox 657 3156 786 3216; x_wconf 90' lang='lat' dir='ltr'><strong>suscepto</strong></span> <span class='ocrx_word' id='word_1_315' title='bbox 800 3148 833 3202; x_wconf 92' lang='lat' dir='ltr'><strong>ad</strong></span> <span class='ocrx_word' id='word_1_316' title='bbox 848 3150 980 3204; x_wconf 83' lang='lat' dir='ltr'><strong>Bormiae</strong></span> <span class='ocrx_word' id='word_1_317' title='bbox 994 3151 1088 3204; x_wconf 87' lang='lat' dir='ltr'><strong>ducem</strong></span> <span class='ocrx_word' id='word_1_318' title='bbox 1109 3152 1208 3205; x_wconf 83' lang='lat' dir='ltr'><strong>itincre</strong></span> <span class='ocrx_word' id='word_1_319' title='bbox 1222 3168 1275 3221; x_wconf 83' lang='lat' dir='ltr'><strong>per</strong></span> <span class='ocrx_word' id='word_1_320' title='bbox 1287 3155 1493 3223; x_wconf 67' lang='lat' dir='ltr'><strong>suppliciorum</strong></span> 
     </span>
     <span class='ocr_line' id='line_1_32' title="bbox 149 3233 1494 3307; baseline 0 -18"><span class='ocrx_word' id='word_1_321' title='bbox 149 3233 293 3303; x_wconf 82' lang='lat' dir='ltr'><strong>receperis.</strong></span> <span class='ocrx_word' id='word_1_322' title='bbox 332 3234 364 3288; x_wconf 92' lang='lat' dir='ltr'><strong>ln</strong></span> <span class='ocrx_word' id='word_1_323' title='bbox 382 3235 471 3304; x_wconf 84' lang='lat' dir='ltr'><strong>patria</strong></span> <span class='ocrx_word' id='word_1_324' title='bbox 490 3250 571 3304; x_wconf 88' lang='lat' dir='ltr'><strong>porro</strong></span> <span class='ocrx_word' id='word_1_325' title='bbox 591 3243 638 3289; x_wconf 90' lang='lat' dir='ltr'><strong>tua</strong></span> <span class='ocrx_word' id='word_1_326' title='bbox 657 3235 714 3289; x_wconf 86' lang='lat' dir='ltr'><strong>sire</strong></span> <span class='ocrx_word' id='word_1_327' title='bbox 732 3241 846 3289; x_wconf 87' lang='lat' dir='ltr'><strong>mairem</strong></span> <span class='ocrx_word' id='word_1_328' title='bbox 865 3237 921 3290; x_wconf 82' lang='lat' dir='ltr'><strong>siro</strong></span> <span class='ocrx_word' id='word_1_329' title='bbox 940 3252 1060 3291; x_wconf 88' lang='lat' dir='ltr'><strong>sororem</strong></span> <span class='ocrx_word' id='word_1_330' title='bbox 1084 3237 1151 3305; x_wconf 75' lang='lat' dir='ltr'><strong>(jam</strong></span> <span class='ocrx_word' id='word_1_331' title='bbox 1177 3239 1251 3293; x_wconf 89' lang='lat' dir='ltr'><strong>enim</strong></span> <span class='ocrx_word' id='word_1_332' title='bbox 1272 3241 1388 3307; x_wconf 67' lang='lat' dir='ltr'><strong>excidite</strong></span> <span class='ocrx_word' id='word_1_333' title='bbox 1406 3241 1494 3294; x_wconf 72' lang='lat' dir='ltr'><strong>ininc-</strong></span> 
     </span>
     <span class='ocr_line' id='line_1_33' title="bbox 150 3318 1496 3395; baseline 0.001 -20"><span class='ocrx_word' id='word_1_334' title='bbox 150 3318 237 3376; x_wconf 82' lang='lat' dir='ltr'><strong>latam</strong></span> <span class='ocrx_word' id='word_1_335' title='bbox 255 3325 282 3375; x_wconf 88' lang='lat' dir='ltr'><strong>at</strong></span> <span class='ocrx_word' id='word_1_336' title='bbox 300 3320 408 3388; x_wconf 85' lang='lat' dir='ltr'><strong>publice</strong></span> <span class='ocrx_word' id='word_1_337' title='bbox 432 3327 589 3376; x_wconf 87' lang='lat' dir='ltr'><strong>accusatam</strong></span> <span class='ocrx_word' id='word_1_338' title='bbox 609 3323 700 3376; x_wconf 90' lang='lat' dir='ltr'><strong>nescio</strong></span> <span class='ocrx_word' id='word_1_339' title='bbox 720 3322 798 3390; x_wconf 86' lang='lat' dir='ltr'><strong>cujus</strong></span> <span class='ocrx_word' id='word_1_340' title='bbox 816 3323 951 3392; x_wconf 80' lang='lat' dir='ltr'><strong>veneficii,</strong></span> <span class='ocrx_word' id='word_1_341' title='bbox 979 3341 1032 3391; x_wconf 92' lang='lat' dir='ltr'><strong>quo</strong></span> <span class='ocrx_word' id='word_1_342' title='bbox 1056 3325 1168 3378; x_wconf 85' lang='lat' dir='ltr'><strong>crirrriuc</strong></span> <span class='ocrx_word' id='word_1_343' title='bbox 1186 3325 1358 3395; x_wconf 75' lang='lat' dir='ltr'><strong>depellendo</strong></span> <span class='ocrx_word' id='word_1_344' title='bbox 1377 3342 1405 3383; x_wconf 90' lang='lat' dir='ltr'><strong>tu</strong></span> <span class='ocrx_word' id='word_1_345' title='bbox 1422 3327 1496 3381; x_wconf 76' lang='lat' dir='ltr'><strong>nuos</strong></span> 
     </span>
     <span class='ocr_line' id='line_1_34' title="bbox 151 3407 1496 3480; baseline 0.004 -19"><span class='ocrx_word' id='word_1_346' title='bbox 151 3413 179 3463; x_wconf 89' lang='lat' dir='ltr'><strong>et</strong></span> <span class='ocrx_word' id='word_1_347' title='bbox 196 3407 340 3463; x_wconf 86' lang='lat' dir='ltr'><strong>itineribus</strong></span> <span class='ocrx_word' id='word_1_348' title='bbox 365 3416 392 3463; x_wconf 88' lang='lat' dir='ltr'><strong>et</strong></span> <span class='ocrx_word' id='word_1_349' title='bbox 410 3408 540 3477; x_wconf 89' lang='lat' dir='ltr'><strong>impensis</strong></span> <span class='ocrx_word' id='word_1_350' title='bbox 558 3416 586 3463; x_wconf 92' lang='lat' dir='ltr'><strong>et</strong></span> <span class='ocrx_word' id='word_1_351' title='bbox 605 3410 687 3464; x_wconf 91' lang='lat' dir='ltr'><strong>animi</strong></span> <span class='ocrx_word' id='word_1_352' title='bbox 714 3410 853 3466; x_wconf 91' lang='lat' dir='ltr'><strong>doloribus</strong></span> <span class='ocrx_word' id='word_1_353' title='bbox 880 3411 963 3466; x_wconf 84' lang='lat' dir='ltr'><strong>iberis</strong></span> <span class='ocrx_word' id='word_1_354' title='bbox 987 3414 1151 3480; x_wconf 72' lang='lat' dir='ltr'><strong>exregitatus</strong></span> <span class='ocrx_word' id='word_1_355' title='bbox 1189 3415 1268 3470; x_wconf 89' lang='lat' dir='ltr'><strong>iiuec</strong></span> <span class='ocrx_word' id='word_1_356' title='bbox 1287 3419 1379 3472; x_wconf 85' lang='lat' dir='ltr'><strong>amico</strong></span> <span class='ocrx_word' id='word_1_357' title='bbox 1395 3416 1496 3471; x_wconf 70' lang='lat' dir='ltr'><strong>iisne</strong></span> 
     </span>
     <span class='ocr_line' id='line_1_35' title="bbox 151 3493 1498 3568; baseline 0.006 -19"><span class='ocrx_word' id='word_1_358' title='bbox 151 3493 258 3549; x_wconf 91' lang='lat' dir='ltr'><strong>cuidam</strong></span> <span class='ocrx_word' id='word_1_359' title='bbox 278 3494 399 3549; x_wconf 88' lang='lat' dir='ltr'><strong>literario</strong></span> <span class='ocrx_word' id='word_1_360' title='bbox 419 3495 545 3565; x_wconf 88' lang='lat' dir='ltr'><strong>Tubinga</strong></span> <span class='ocrx_word' id='word_1_361' title='bbox 568 3505 633 3552; x_wconf 94' lang='lat' dir='ltr'><strong>tuuc</strong></span> <span class='ocrx_word' id='word_1_362' title='bbox 653 3498 815 3567; x_wconf 85' lang='lat' dir='ltr'><strong>significata.</strong></span> <span class='ocrx_word' id='word_1_363' title='bbox 851 3499 946 3554; x_wconf 88' lang='lat' dir='ltr'><strong>Tantis</strong></span> <span class='ocrx_word' id='word_1_364' title='bbox 965 3500 1058 3568; x_wconf 88' lang='lat' dir='ltr'><strong>itaque</strong></span> <span class='ocrx_word' id='word_1_365' title='bbox 1082 3501 1156 3555; x_wconf 88' lang='lat' dir='ltr'><strong>curis</strong></span> <span class='ocrx_word' id='word_1_366' title='bbox 1174 3509 1202 3556; x_wconf 87' lang='lat' dir='ltr'><strong>tc</strong></span> <span class='ocrx_word' id='word_1_367' title='bbox 1222 3502 1345 3559; x_wconf 78' lang='lat' dir='ltr'><strong>iciicitcr</strong></span> <span class='ocrx_word' id='word_1_368' title='bbox 1362 3502 1498 3558; x_wconf 74' lang='lat' dir='ltr'><strong>aermon</strong></span> 
     </span>
     <span class='ocr_line' id='line_1_36' title="bbox 150 3581 571 3653; baseline 0.005 -17"><span class='ocrx_word' id='word_1_369' title='bbox 150 3597 205 3637; x_wconf 86' lang='lat' dir='ltr'><strong>uun</strong></span> <span class='ocrx_word' id='word_1_370' title='bbox 221 3581 356 3638; x_wconf 88' lang='lat' dir='ltr'><strong>immerito</strong></span> <span class='ocrx_word' id='word_1_371' title='bbox 375 3584 482 3653; x_wconf 86' lang='lat' dir='ltr'><strong>gavisus</strong></span> <span class='ocrx_word' id='word_1_372' title='bbox 502 3601 571 3639; x_wconf 92' lang='lat' dir='ltr'><strong>sum.</strong></span> 
     </span>
    </p>
   </div>
   <div class='ocr_carea' id='block_1_3' title="bbox 152 3677 1498 3844">
    <p class='ocr_par' dir='ltr' id='par_1_5' title="bbox 152 3677 1498 3844">
     <span class='ocr_line' id='line_1_37' title="bbox 255 3677 1496 3757; baseline 0.002 -22"><span class='ocrx_word' id='word_1_373' title='bbox 255 3678 307 3735; x_wconf 87' lang='lat' dir='ltr'><strong>His</strong></span> <span class='ocrx_word' id='word_1_374' title='bbox 330 3678 466 3748; x_wconf 82' lang='lat' dir='ltr'><strong>chIerus</strong></span> <span class='ocrx_word' id='word_1_375' title='bbox 490 3679 646 3750; x_wconf 87' lang='lat' dir='ltr'><strong>respondit:</strong></span> <span class='ocrx_word' id='word_1_376' title='bbox 675 3677 720 3736; x_wconf 91' lang='lat' dir='ltr'><strong>Da</strong></span> <span class='ocrx_word' id='word_1_377' title='bbox 748 3696 814 3738; x_wconf 90' lang='lat' dir='ltr'><strong>mea</strong></span> <span class='ocrx_word' id='word_1_378' title='bbox 841 3678 958 3738; x_wconf 89' lang='lat' dir='ltr'><strong>sortuua</strong></span> <span class='ocrx_word' id='word_1_379' title='bbox 988 3698 1038 3757; x_wconf 92' lang='lat' dir='ltr'><strong>pcr</strong></span> <span class='ocrx_word' id='word_1_380' title='bbox 1066 3681 1235 3757; x_wconf 88' lang='lat' dir='ltr'><strong>superiores</strong></span> <span class='ocrx_word' id='word_1_381' title='bbox 1264 3701 1361 3745; x_wconf 86' lang='lat' dir='ltr'><strong>annos</strong></span> <span class='ocrx_word' id='word_1_382' title='bbox 1390 3684 1496 3743; x_wconf 78' lang='lat' dir='ltr'><strong>esrum</strong></span> 
     </span>
     <span class='ocr_line' id='line_1_38' title="bbox 152 3763 1498 3844; baseline 0.002 -21"><span class='ocrx_word' id='word_1_383' title='bbox 152 3763 252 3823; x_wconf 88' lang='lat' dir='ltr'><strong>omnia</strong></span> <span class='ocrx_word' id='word_1_384' title='bbox 275 3770 305 3822; x_wconf 85' lang='lat' dir='ltr'><strong>et</strong></span> <span class='ocrx_word' id='word_1_385' title='bbox 327 3766 444 3823; x_wconf 88' lang='lat' dir='ltr'><strong>mitiora</strong></span> <span class='ocrx_word' id='word_1_386' title='bbox 468 3782 556 3841; x_wconf 90' lang='lat' dir='ltr'><strong>penes</strong></span> <span class='ocrx_word' id='word_1_387' title='bbox 582 3783 644 3836; x_wconf 85' lang='lat' dir='ltr'><strong>ros,</strong></span> <span class='ocrx_word' id='word_1_388' title='bbox 670 3783 758 3841; x_wconf 89' lang='lat' dir='ltr'><strong>quaro</strong></span> <span class='ocrx_word' id='word_1_389' title='bbox 781 3768 811 3823; x_wconf 91' lang='lat' dir='ltr'><strong>iu</strong></span> <span class='ocrx_word' id='word_1_390' title='bbox 834 3765 890 3825; x_wconf 88' lang='lat' dir='ltr'><strong>bac</strong></span> <span class='ocrx_word' id='word_1_391' title='bbox 913 3767 977 3843; x_wconf 88' lang='lat' dir='ltr'><strong>ipsa</strong></span> <span class='ocrx_word' id='word_1_392' title='bbox 1000 3768 1071 3825; x_wconf 89' lang='lat' dir='ltr'><strong>urbe</strong></span> <span class='ocrx_word' id='word_1_393' title='bbox 1095 3778 1162 3844; x_wconf 89' lang='lat' dir='ltr'><strong>post</strong></span> <span class='ocrx_word' id='word_1_394' title='bbox 1185 3787 1286 3829; x_wconf 87' lang='lat' dir='ltr'><strong>rucrrm</strong></span> <span class='ocrx_word' id='word_1_395' title='bbox 1311 3774 1428 3831; x_wconf 87' lang='lat' dir='ltr'><strong>abitum.</strong></span> <span class='ocrx_word' id='word_1_396' title='bbox 1463 3769 1498 3826; x_wconf 75' lang='lat' dir='ltr'><strong>iic</strong></span> 
     </span>
    </p>
   </div>
   <div class='ocr_carea' id='block_1_4' title="bbox 150 3849 1498 4014">
    <p class='ocr_par' dir='ltr' id='par_1_6' title="bbox 150 3849 1498 4014">
     <span class='ocr_line' id='line_1_39' title="bbox 150 3849 1498 3930; baseline 0.002 -20"><span class='ocrx_word' id='word_1_397' title='bbox 150 3849 280 3929; x_wconf 89' lang='lat' dir='ltr'><strong>periculo</strong></span> <span class='ocrx_word' id='word_1_398' title='bbox 304 3850 422 3925; x_wconf 88' lang='lat' dir='ltr'><strong>quidem</strong></span> <span class='ocrx_word' id='word_1_399' title='bbox 446 3852 674 3930; x_wconf 81' lang='lat' dir='ltr'><strong>typographiae,</strong></span> <span class='ocrx_word' id='word_1_400' title='bbox 707 3853 888 3928; x_wconf 83' lang='lat' dir='ltr'><strong>chartarum,</strong></span> <span class='ocrx_word' id='word_1_401' title='bbox 920 3855 1176 3927; x_wconf 80' lang='lat' dir='ltr'><strong>observationum,</strong></span> <span class='ocrx_word' id='word_1_402' title='bbox 1209 3857 1285 3916; x_wconf 88' lang='lat' dir='ltr'><strong>nibil</strong></span> <span class='ocrx_word' id='word_1_403' title='bbox 1319 3870 1374 3920; x_wconf 83' lang='lat' dir='ltr'><strong>est.</strong></span> <span class='ocrx_word' id='word_1_404' title='bbox 1418 3854 1498 3917; x_wconf 77' lang='lat' dir='ltr'><strong>Acir</strong></span> 
     </span>
     <span class='ocr_line' id='line_1_40' title="bbox 150 3938 718 4014; baseline 0.005 -18"><span class='ocrx_word' id='word_1_405' title='bbox 150 3945 244 3996; x_wconf 86' lang='lat' dir='ltr'><strong>maire</strong></span> <span class='ocrx_word' id='word_1_406' title='bbox 267 3939 356 3997; x_wconf 90' lang='lat' dir='ltr'><strong>nimio</strong></span> <span class='ocrx_word' id='word_1_407' title='bbox 381 3955 470 4014; x_wconf 83' lang='lat' dir='ltr'><strong>quatu</strong></span> <span class='ocrx_word' id='word_1_408' title='bbox 495 3958 604 4001; x_wconf 87' lang='lat' dir='ltr'><strong>verum.</strong></span> <span class='ocrx_word' id='word_1_409' title='bbox 709 3938 718 3969; x_wconf 82' lang='lat'>⁸</span> 
     </span>
    </p>
   </div>
   <div class='ocr_carea' id='block_1_5' title="bbox 151 4037 1499 4821">
    <p class='ocr_par' dir='ltr' id='par_1_7' title="bbox 151 4037 1495 4197">
     <span class='ocr_line' id='line_1_41' title="bbox 256 4037 1495 4117; baseline 0.009 -26"><span class='ocrx_word' id='word_1_410' title='bbox 256 4037 332 4092; x_wconf 86' lang='lat' dir='ltr'><strong>Haec</strong></span> <span class='ocrx_word' id='word_1_411' title='bbox 350 4039 476 4106; x_wconf 90' lang='lat' dir='ltr'><strong>sequitur</strong></span> <span class='ocrx_word' id='word_1_412' title='bbox 494 4039 641 4108; x_wconf 87' lang='lat' dir='ltr'><strong>descriptio</strong></span> <span class='ocrx_word' id='word_1_413' title='bbox 660 4041 775 4096; x_wconf 87' lang='lat' dir='ltr'><strong>actionis</strong></span> <span class='ocrx_word' id='word_1_414' title='bbox 794 4048 890 4096; x_wconf 88' lang='lat' dir='ltr'><strong>contra</strong></span> <span class='ocrx_word' id='word_1_415' title='bbox 907 4048 1019 4097; x_wconf 87' lang='lat' dir='ltr'><strong>matrem</strong></span> <span class='ocrx_word' id='word_1_416' title='bbox 1038 4042 1200 4112; x_wconf 86' lang='lat' dir='ltr'><strong>institutam,</strong></span> <span class='ocrx_word' id='word_1_417' title='bbox 1220 4061 1304 4112; x_wconf 80' lang='lat' dir='ltr'><strong>quam</strong></span> <span class='ocrx_word' id='word_1_418' title='bbox 1323 4063 1406 4117; x_wconf 78' lang='lat' dir='ltr'><strong>supra</strong></span> <span class='ocrx_word' id='word_1_419' title='bbox 1422 4046 1495 4116; x_wconf 62' lang='lat' dir='ltr'><strong>asir</strong></span> 
     </span>
     <span class='ocr_line' id='line_1_42' title="bbox 151 4123 771 4197; baseline 0.01 -20"><span class='ocrx_word' id='word_1_420' title='bbox 151 4123 351 4192; x_wconf 88' lang='lat' dir='ltr'><strong>proposuimus.</strong></span> <span class='ocrx_word' id='word_1_421' title='bbox 388 4126 494 4182; x_wconf 89' lang='lat' dir='ltr'><strong>Deinde</strong></span> <span class='ocrx_word' id='word_1_422' title='bbox 513 4128 602 4195; x_wconf 88' lang='lat' dir='ltr'><strong>pergit</strong></span> <span class='ocrx_word' id='word_1_423' title='bbox 619 4128 771 4197; x_wconf 83' lang='lat' dir='ltr'><strong>Kepierus:</strong></span> 
     </span>
    </p>

    <p class='ocr_par' dir='ltr' id='par_1_8' title="bbox 151 4215 1499 4821">
     <span class='ocr_line' id='line_1_43' title="bbox 256 4215 1499 4300; baseline 0.01 -27"><span class='ocrx_word' id='word_1_424' title='bbox 256 4215 296 4274; x_wconf 80' lang='lat' dir='ltr'><strong>At</strong></span> <span class='ocrx_word' id='word_1_425' title='bbox 319 4216 366 4277; x_wconf 81' lang='lat' dir='ltr'><strong>iric</strong></span> <span class='ocrx_word' id='word_1_426' title='bbox 390 4236 440 4295; x_wconf 87' lang='lat' dir='ltr'><strong>per</strong></span> <span class='ocrx_word' id='word_1_427' title='bbox 463 4237 558 4277; x_wconf 91' lang='lat' dir='ltr'><strong>meam</strong></span> <span class='ocrx_word' id='word_1_428' title='bbox 580 4221 744 4279; x_wconf 89' lang='lat' dir='ltr'><strong>absentiam</strong></span> <span class='ocrx_word' id='word_1_429' title='bbox 767 4223 968 4299; x_wconf 87' lang='lat' dir='ltr'><strong>spargebatur,</strong></span> <span class='ocrx_word' id='word_1_430' title='bbox 992 4240 1039 4282; x_wconf 91' lang='lat' dir='ltr'><strong>me</strong></span> <span class='ocrx_word' id='word_1_431' title='bbox 1062 4234 1180 4300; x_wconf 88' lang='lat' dir='ltr'><strong>propter</strong></span> <span class='ocrx_word' id='word_1_432' title='bbox 1205 4228 1403 4285; x_wconf 78' lang='lat' dir='ltr'><strong>temeritatem</strong></span> <span class='ocrx_word' id='word_1_433' title='bbox 1415 4224 1499 4297; x_wconf 58' lang='lat' dir='ltr'><strong>§aar</strong></span> 
     </span>
     <span class='ocr_line' id='line_1_44' title="bbox 151 4298 1498 4390; baseline 0.007 -29"><span class='ocrx_word' id='word_1_434' title='bbox 151 4298 248 4361; x_wconf 83' lang='lat' dir='ltr'><strong>iianae</strong></span> <span class='ocrx_word' id='word_1_435' title='bbox 278 4304 403 4364; x_wconf 91' lang='lat' dir='ltr'><strong>similem</strong></span> <span class='ocrx_word' id='word_1_436' title='bbox 428 4308 499 4365; x_wconf 89' lang='lat' dir='ltr'><strong>iram</strong></span> <span class='ocrx_word' id='word_1_437' title='bbox 528 4310 668 4366; x_wconf 89' lang='lat' dir='ltr'><strong>meruisse</strong></span> <span class='ocrx_word' id='word_1_438' title='bbox 692 4308 841 4382; x_wconf 85' lang='lat' dir='ltr'><strong>Caesaris,</strong></span> <span class='ocrx_word' id='word_1_439' title='bbox 873 4326 998 4384; x_wconf 93' lang='lat' dir='ltr'><strong>cumque</strong></span> <span class='ocrx_word' id='word_1_440' title='bbox 1028 4313 1178 4386; x_wconf 82' lang='lat' dir='ltr'><strong>effugerim</strong></span> <span class='ocrx_word' id='word_1_441' title='bbox 1206 4316 1411 4390; x_wconf 73' lang='lat' dir='ltr'><strong>(paucissimis</strong></span> <span class='ocrx_word' id='word_1_442' title='bbox 1435 4316 1498 4370; x_wconf 75' lang='lat' dir='ltr'><strong>eui·</strong></span> 
     </span>
     <span class='ocr_line' id='line_1_45' title="bbox 152 4391 1497 4472; baseline 0.008 -24"><span class='ocrx_word' id='word_1_443' title='bbox 152 4404 271 4448; x_wconf 69' lang='lat' dir='ltr'><strong>musam</strong></span> <span class='ocrx_word' id='word_1_444' title='bbox 296 4391 393 4450; x_wconf 89' lang='lat' dir='ltr'><strong>abitus</strong></span> <span class='ocrx_word' id='word_1_445' title='bbox 418 4396 474 4451; x_wconf 93' lang='lat' dir='ltr'><strong>mei</strong></span> <span class='ocrx_word' id='word_1_446' title='bbox 499 4394 709 4468; x_wconf 81' lang='lat' dir='ltr'><strong>credideram),</strong></span> <span class='ocrx_word' id='word_1_447' title='bbox 741 4413 877 4472; x_wconf 88' lang='lat' dir='ltr'><strong>magnam</strong></span> <span class='ocrx_word' id='word_1_448' title='bbox 900 4416 919 4456; x_wconf 93' lang='lat' dir='ltr'><strong>a</strong></span> <span class='ocrx_word' id='word_1_449' title='bbox 942 4398 1068 4456; x_wconf 75' lang='lat' dir='ltr'><strong>Caesare</strong></span> <span class='ocrx_word' id='word_1_450' title='bbox 1100 4416 1250 4459; x_wconf 89' lang='lat' dir='ltr'><strong>summam</strong></span> <span class='ocrx_word' id='word_1_451' title='bbox 1275 4400 1497 4461; x_wconf 75' lang='lat' dir='ltr'><strong>constitere-ir</strong></span> 
     </span>
     <span class='ocr_line' id='line_1_46' title="bbox 152 4482 1498 4561; baseline 0.007 -27"><span class='ocrx_word' id='word_1_452' title='bbox 152 4483 243 4552; x_wconf 85' lang='lat' dir='ltr'><strong>ceput</strong></span> <span class='ocrx_word' id='word_1_453' title='bbox 264 4494 378 4551; x_wconf 88' lang='lat' dir='ltr'><strong>mcum,</strong></span> <span class='ocrx_word' id='word_1_454' title='bbox 409 4482 479 4555; x_wconf 90' lang='lat' dir='ltr'><strong>quin</strong></span> <span class='ocrx_word' id='word_1_455' title='bbox 504 4485 592 4539; x_wconf 89' lang='lat' dir='ltr'><strong>etium</strong></span> <span class='ocrx_word' id='word_1_456' title='bbox 617 4484 740 4542; x_wconf 90' lang='lat' dir='ltr'><strong>iiamruis</strong></span> <span class='ocrx_word' id='word_1_457' title='bbox 764 4483 872 4542; x_wconf 86' lang='lat' dir='ltr'><strong>tradita</strong></span> <span class='ocrx_word' id='word_1_458' title='bbox 895 4485 1073 4561; x_wconf 83' lang='lat' dir='ltr'><strong>excnrpiariu</strong></span> <span class='ocrx_word' id='word_1_459' title='bbox 1097 4486 1268 4546; x_wconf 83' lang='lat' dir='ltr'><strong>Calendarii</strong></span> <span class='ocrx_word' id='word_1_460' title='bbox 1291 4492 1407 4557; x_wconf 81' lang='lat' dir='ltr'><strong>omnis,</strong></span> <span class='ocrx_word' id='word_1_461' title='bbox 1432 4482 1498 4561; x_wconf 74' lang='lat' dir='ltr'><strong>quai</strong></span> 
     </span>
     <span class='ocr_line' id='line_1_47' title="bbox 152 4561 1498 4653; baseline 0.012 -36"><span class='ocrx_word' id='word_1_462' title='bbox 152 4567 221 4619; x_wconf 88' lang='lat' dir='ltr'><strong>tuuc</strong></span> <span class='ocrx_word' id='word_1_463' title='bbox 235 4561 298 4622; x_wconf 84' lang='lat' dir='ltr'><strong>ficri</strong></span> <span class='ocrx_word' id='word_1_464' title='bbox 314 4581 372 4623; x_wconf 90' lang='lat' dir='ltr'><strong>non</strong></span> <span class='ocrx_word' id='word_1_465' title='bbox 389 4569 493 4642; x_wconf 87' lang='lat' dir='ltr'><strong>potuit,</strong></span> <span class='ocrx_word' id='word_1_466' title='bbox 508 4585 573 4625; x_wconf 91' lang='lat' dir='ltr'><strong>cum</strong></span> <span class='ocrx_word' id='word_1_467' title='bbox 590 4568 702 4628; x_wconf 91' lang='lat' dir='ltr'><strong>nullum</strong></span> <span class='ocrx_word' id='word_1_468' title='bbox 720 4573 892 4648; x_wconf 89' lang='lat' dir='ltr'><strong>scripserim.</strong></span> <span class='ocrx_word' id='word_1_469' title='bbox 924 4571 997 4630; x_wconf 86' lang='lat' dir='ltr'><strong>Post</strong></span> <span class='ocrx_word' id='word_1_470' title='bbox 1012 4574 1121 4630; x_wconf 88' lang='lat' dir='ltr'><strong>iactum</strong></span> <span class='ocrx_word' id='word_1_471' title='bbox 1138 4584 1183 4631; x_wconf 90' lang='lat' dir='ltr'><strong>est</strong></span> <span class='ocrx_word' id='word_1_472' title='bbox 1198 4580 1348 4653; x_wconf 88' lang='lat' dir='ltr'><strong>superiori</strong></span> <span class='ocrx_word' id='word_1_473' title='bbox 1363 4574 1498 4636; x_wconf 60' lang='lat' dir='ltr'><strong>uem</strong></span> 
     </span>
     <span class='ocr_line' id='line_1_48' title="bbox 152 4650 1498 4736; baseline 0.016 -33"><span class='ocrx_word' id='word_1_474' title='bbox 152 4650 268 4719; x_wconf 87' lang='lat' dir='ltr'><strong>(scripta</strong></span> <span class='ocrx_word' id='word_1_475' title='bbox 286 4653 355 4708; x_wconf 87' lang='lat' dir='ltr'><strong>baec</strong></span> <span class='ocrx_word' id='word_1_476' title='bbox 373 4664 438 4710; x_wconf 90' lang='lat' dir='ltr'><strong>suut</strong></span> <span class='ocrx_word' id='word_1_477' title='bbox 456 4658 481 4712; x_wconf 89' lang='lat' dir='ltr'><strong>d.</strong></span> <span class='ocrx_word' id='word_1_478' title='bbox 501 4660 524 4712; x_wconf 85' lang='grc'><strong>9.</strong></span> <span class='ocrx_word' id='word_1_479' title='bbox 546 4658 622 4727; x_wconf 83' lang='lat' dir='ltr'><strong>Sept.</strong></span> <span class='ocrx_word' id='word_1_480' title='bbox 644 4662 723 4727; x_wconf 64' lang='lat' dir='ltr'><strong>ltili)</strong></span> <span class='ocrx_word' id='word_1_481' title='bbox 747 4661 776 4715; x_wconf 91' lang='lat' dir='ltr'><strong>iu</strong></span> <span class='ocrx_word' id='word_1_482' title='bbox 792 4657 900 4735; x_wconf 75' lang='lat' dir='ltr'><strong>styria,</strong></span> <span class='ocrx_word' id='word_1_483' title='bbox 926 4659 1039 4717; x_wconf 88' lang='lat' dir='ltr'><strong>nulium</strong></span> <span class='ocrx_word' id='word_1_484' title='bbox 1060 4660 1100 4718; x_wconf 94' lang='lat' dir='ltr'><strong>ob</strong></span> <span class='ocrx_word' id='word_1_485' title='bbox 1116 4658 1358 4736; x_wconf 85' lang='lat' dir='ltr'><strong>Prognosticum,</strong></span> <span class='ocrx_word' id='word_1_486' title='bbox 1379 4662 1428 4723; x_wconf 75' lang='lat' dir='ltr'><strong>sed</strong></span> <span class='ocrx_word' id='word_1_487' title='bbox 1440 4663 1498 4735; x_wconf 65' lang='lat' dir='ltr'><strong>qd</strong></span> 
     </span>
     <span class='ocr_line' id='line_1_49' title="bbox 152 4731 1496 4821; baseline 0.009 -29"><span class='ocrx_word' id='word_1_488' title='bbox 152 4731 189 4795; x_wconf 90' lang='lat' dir='ltr'><strong>da</strong></span> <span class='ocrx_word' id='word_1_489' title='bbox 211 4738 419 4813; x_wconf 88' lang='lat' dir='ltr'><strong>praecellentia</strong></span> <span class='ocrx_word' id='word_1_490' title='bbox 447 4743 626 4802; x_wconf 91' lang='lat' dir='ltr'><strong>contendunt</strong></span> <span class='ocrx_word' id='word_1_491' title='bbox 655 4747 833 4821; x_wconf 86' lang='lat' dir='ltr'><strong>provinciae.</strong></span> <span class='ocrx_word' id='word_1_492' title='bbox 881 4749 957 4816; x_wconf 82' lang='lat' dir='ltr'><strong>Quae</strong></span> <span class='ocrx_word' id='word_1_493' title='bbox 971 4760 1123 4817; x_wconf 86' lang='lat' dir='ltr'><strong>sequuntur</strong></span> <span class='ocrx_word' id='word_1_494' title='bbox 1137 4749 1269 4819; x_wconf 81' lang='lat' dir='ltr'><strong>legantur</strong></span> <span class='ocrx_word' id='word_1_495' title='bbox 1280 4755 1317 4808; x_wconf 78' lang='lat' dir='ltr'><strong>ed</strong></span> <span class='ocrx_word' id='word_1_496' title='bbox 1330 4772 1424 4810; x_wconf 74' lang='lat' dir='ltr'><strong>anon</strong></span> <span class='ocrx_word' id='word_1_497' title='bbox 1435 4754 1496 4807; x_wconf 81' lang='lat' dir='ltr'><strong>tritt.</strong></span> 
     </span>
    </p>
   </div>
   <div class='ocr_carea' id='block_1_6' title="bbox 255 4835 1495 4921">
    <p class='ocr_par' dir='ltr' id='par_1_9' title="bbox 255 4835 1495 4921">
     <span class='ocr_line' id='line_1_50' title="bbox 255 4835 1495 4921; baseline 0.015 -30"><span class='ocrx_word' id='word_1_498' title='bbox 255 4835 357 4895; x_wconf 73' lang='lat' dir='ltr'><strong>abac.</strong></span> <span class='ocrx_word' id='word_1_499' title='bbox 387 4839 563 4905; x_wconf 62' lang='lat' dir='ltr'><strong>„baccinum</strong></span> <span class='ocrx_word' id='word_1_500' title='bbox 589 4844 652 4897; x_wconf 91' lang='lat' dir='ltr'><strong>anui</strong></span> <span class='ocrx_word' id='word_1_501' title='bbox 674 4844 742 4900; x_wconf 86' lang='lat' dir='ltr'><strong>nihii</strong></span> <span class='ocrx_word' id='word_1_502' title='bbox 765 4844 848 4900; x_wconf 85' lang='lat' dir='ltr'><strong>habet</strong></span> <span class='ocrx_word' id='word_1_503' title='bbox 873 4845 928 4900; x_wconf 88' lang='lat' dir='ltr'><strong>nisi</strong></span> <span class='ocrx_word' id='word_1_504' title='bbox 950 4845 1147 4917; x_wconf 82' lang='lat' dir='ltr'><strong>horoscopum.</strong></span> <span class='ocrx_word' id='word_1_505' title='bbox 1183 4848 1270 4905; x_wconf 86' lang='lat' dir='ltr'><strong>Initio</strong></span> <span class='ocrx_word' id='word_1_506' title='bbox 1293 4853 1360 4907; x_wconf 79' lang='lat' dir='ltr'><strong>anni</strong></span> <span class='ocrx_word' id='word_1_507' title='bbox 1379 4850 1495 4921; x_wconf 69' lang='lat' dir='ltr'><strong>Hegias·</strong></span> 
     </span>
    </p>
   </div>
   <div class='ocr_carea' id='block_1_7' title="bbox 0 0 1662 5534">
    <p class='ocr_par' dir='ltr' id='par_1_10' title="bbox 0 0 1662 5534">
     <span class='ocr_line' id='line_1_51' title="bbox 0 0 1662 5534; baseline 0 0"><span class='ocrx_word' id='word_1_508' title='bbox 0 0 1662 5534; x_wconf 95' lang='lat' dir='ltr'><strong> </strong></span> 
     </span>
    </p>
   </div>
  </div>
 </body>
</html>
