3308 5534
150 403 218 480 946
257 364 259 367 ¹
667 398 732 466 lits
748 399 865 465 toassin
882 400 1005 478 Keplsin‘.

151 590 245 650 lerum
268 589 307 648 ab
331 587 398 647 aliis
420 589 605 666 scriptarum,
630 602 694 646 euro
718 588 822 647 harum
844 585 1044 665 epistolarum,
1069 602 1146 663 quae
1162 594 1348 647 excrescunt
1367 585 1516 647 adnue·

151 694 217 735 rum
241 683 314 749 483,
339 679 460 735 minima
479 692 551 752 pars
574 677 669 753 ipsius
691 677 730 733 sit
754 677 930 750 astronomi)
954 676 1073 751 saepius
1088 672 1160 750 quid
1177 673 1337 752 Keplerus
1353 678 1418 752 ipsc
1431 679 1516 754 suip-

151 767 221 825 serit
244 765 349 838 conjici
374 770 403 822 et
424 763 504 822 hune
527 766 558 820 in
581 761 701 821 modum
724 779 801 838 quae
823 779 882 822 non
905 768 974 821 sunt
998 764 1111 837 integra
1133 765 1253 820 restitui
1280 772 1422 840 possunt.

261 852 399 923 Primum,
423 854 455 909 ul
479 850 514 909 de
537 849 687 908 literarum
709 849 803 909 forma
826 856 855 909 et
877 852 976 928 speeie
993 849 1134 920 dieamus,
1157 848 1290 928 Kepleri
1314 868 1423 909 manus
1444 849 1515 907 lirina

152 944 197 999 est
219 947 249 999 et
270 938 354 998 lortis
378 945 407 997 et
429 939 509 997 iectu
529 935 641 1010 laeilis,
665 943 695 995 et
716 933 827 996 munda
850 944 879 996 ot
902 954 921 997 a
943 938 1037 1014 prima
1060 935 1189 1014 epistola
1216 940 1397 1014 posteritati
1418 936 1515 996 tradita

151 1043 244 1102 usque
267 1025 305 1084 ad
328 1026 463 1084 ultimam
486 1023 589 1085 eadem
612 1027 777 1084 immutata.
822 1023 931 1084 Scribit
954 1033 1053 1089 autem
1076 1026 1223 1083 continuo
1245 1031 1280 1084 et
1304 1028 1376 1086 sine
1395 1024 1457 1083 ulla
1475 1026 1515 1081 in-

151 1113 369 1191 terpellatione,
401 1114 443 1170 ita
466 1119 498 1170 ut
521 1114 550 1168 in
579 1111 759 1186 longissimis
782 1128 902 1188 quoqne
925 1110 1059 1190 epistolis
1088 1128 1174 1170 rarae
1199 1112 1264 1171 siut
1289 1111 1513 1174 ernendatioses

150 1203 180 1258 in
204 1202 365 1259 levioribus
381 1217 439 1257 nou
456 1201 561 1271 minus,
585 1216 673 1274 quam
690 1216 756 1256 curn
772 1198 808 1258 de
824 1197 1004 1259 difficillimis
1019 1198 1151 1276 disputat
1167 1200 1273 1271 rebus,
1298 1216 1384 1275 quac
1397 1198 1514 1277 plem-

150 1306 209 1363 que
232 1304 292 1345 nno
317 1297 417 1345 tenore
441 1305 457 1345 e
481 1288 575 1345 bucca
598 1289 729 1348 veniant.
774 1284 922 1345 Interdum
947 1287 1049 1362 utique
1072 1285 1135 1344 heri
1158 1294 1276 1364 potest,
1303 1295 1340 1347 ut
1363 1286 1446 1347 finito
1465 1286 1512 1345 ali·

150 1391 211 1451 quo
235 1376 333 1451 capite
355 1376 454 1431 subito
470 1374 628 1432 exclamet:
651 1370 757 1446 ,rimu
773 1374 838 1433 est“
863 1379 915 1432 aut
932 1375 1067 1453 ῃΑΙίιιικι
1091 1380 1144 1432 aut
1170 1372 1285 1442 „Haec
1301 1374 1413 1435 melius
1433 1376 1511 1433 istu·

148 1457 310 1539 pretauda“
337 1470 406 1532 ete,
439 1463 502 1536 ipse
533 1478 564 1519 se
588 1459 748 1519 emendans
771 1466 911 1537 tanquam
934 1476 1009 1537 opus
1032 1468 1188 1519 recenseat
1219 1460 1374 1535 alienum,
1404 1458 1510 1521 tund

149 1548 180 1607 id
203 1549 280 1607 unde
304 1548 454 1623 digressus
477 1555 522 1607 est
545 1555 717 1609 revertatur.
756 1546 815 1607 Sed
838 1563 905 1606 raro
929 1547 1002 1607 haee
1024 1547 1106 1618 fiunt,
1131 1564 1201 1606 cum
1225 1548 1410 1626 plerumque
1429 1556 1509 1608 sets

149 1638 188 1694 sit
211 1643 241 1694 et
264 1652 298 1694 ex
318 1634 494 1694 inexhausto
511 1632 560 1693 illo
575 1634 654 1693 lonte
671 1633 835 1708 doctrinae,
858 1637 1088 1709 imaginationis,
1113 1634 1248 1712 leporis,
1272 1636 1507 1696 summasbofl·

149 1739 219 1782 num
235 1730 265 1781 et
279 1739 375 1781 rerum
391 1721 575 1798 publicarum
591 1724 760 1796 cognitione
783 1722 860 1781 hauc
875 1722 1048 1781 uberrimam
1064 1721 1223 1799 depromat
1239 1726 1365 1802 eopiarn
1387 1723 1506 1801 puida-

149 1811 231 1868 rimis
254 1811 352 1868 verbis
378 1818 406 1867 ct
430 1810 572 1867 orationis
595 1807 655 1866 leni
678 1816 772 1868 tractu
795 1811 898 1869 amicis
920 1812 981 1868 suis
1005 1808 1176 1870 traditurus.

253 1896 335 1956 Inest
366 1904 465 1955 autem
497 1897 526 1951 in
555 1895 688 1972 epistolis
721 1888 836 1955 srrmma
865 1912 960 1963 rerum
990 1898 1129 1956 varietas.
1185 1896 1235 1956 Do
1270 1898 1504 1957 astronomia

150 1982 271 2060 quidem
293 1985 426 2060 inprimis
449 1985 565 2059 scripsit
587 1982 625 2040 ad
640 1982 839 2056 Maestlinum,
855 1985 913 2059 'qui
929 1983 1083 2058 Tubingae
1106 1984 1207 2043 lucrat
1222 1984 1351 2062 Kepleri
1374 1988 1502 2062 magbt«.

149 2071 189 2130 ad
212 2070 401 2149 Tychonem,
437 2068 620 2142 Galilaeum,
654 2068 831 2146 Origanurn,
866 2069 903 2129 ad
937 2071 1125 2129 Ambrosium
1155 2070 1332 2142 Rhodium,
1364 2072 1502 2150 emptu

149 2157 319 2231 Odontium,
344 2157 550 2231 BenJaminrrm
566 2154 720 2231 Ursinnm‚
739 2160 787 2232 qul
802 2166 863 2216 tres
882 2160 1057 2233 posteriores
1072 2157 1264 2231 aliquantum
1282 2163 1424 2237 temporis
1438 2158 1502 2235 lisp-

149 2240 242 2303 lsrum
274 2247 303 2301 in
335 2244 455 2303 calculis
489 2247 692 2304 astronomicis
724 2245 916 2321 adjuverant,
947 2255 1050 2323 postea
1082 2249 1293 2306 astronomiae
1328 2249 1501 2325 prolestat-

148 2348 285 2405 munera,
317 2332 391 2390 alter
415 2332 651 2407 Wittcubergae,
676 2330 749 2391 alter
772 2329 922 2402 altdorfii,
951 2335 1053 2392 tertius
1076 2332 1213 2391 Berolini
1245 2328 1501 2412 susceperuut!

151 2419 311 2494 Criigerum
344 2419 600 2490 mathematicum,
634 2419 672 2476 ιιι]
703 2416 979 2495 Lougomontanum
1013 2420 1149 2492 Danum,
1189 2421 1386 2481 Eriksonium
1417 2420 1500 2480 usa·-

151 2505 325 2577 oriundum,
350 2506 482 2564 Curtium
506 2505 669 2577 Jesuitam,
702 2523 829 2580 quocum
852 2505 890 2566 de
913 2506 1088 2583 theologicis
1112 2524 1238 2582 quoque
1260 2511 1356 2568 rebus
1378 2508 1500 2568 disseruit

150 2592 304 2669 Maginum
328 2594 559 2666 Bononiensem,
592 2593 629 2651 ad
653 2593 793 2665 Remum,
822 2610 909 2670 quem
932 2593 1102 2671 Leopoldus
1126 2594 1286 2654 Archidux
1311 2614 1386 2657 suae
1406 2594 1500 2653 ralstr

150 2680 228 2739 diuis
251 2680 403 2740 custodem
434 2681 557 2754 lecerat,
588 2679 625 2737 ad
658 2681 805 2740 Davidem
835 2679 963 2756 denique
989 2683 1156 2740 Fabricium
1189 2685 1219 2739 in
1252 2684 1356 2743 Frisia
1391 2680 1500 2741 odemh'

71 2823 78 2833 ,
152 2778 311 2846 pastorem.
350 2767 397 2826 Ad
421 2767 685 2842 astrologiam
709 2774 807 2827 autem
830 2770 1043 2845 oacpsrtinent
1066 2768 1224 2843 epistolae,
1249 2788 1333 2845 quas
1354 2763 1500 2848 seripslrsd

151 2854 343 2932 Rudolphum
360 2858 573 2931 imperatorem,
598 2873 667 2931 pars
682 2872 791 2927 earum,
814 2871 890 2930 quas
904 2854 942 2914 ad
959 2856 1135 2927 Fabricium,
1159 2873 1254 2930 quern
1271 2858 1366 2917 modo
1388 2857 1500 2915 dirius

153 2942 191 3001 ad
215 2942 479 3013 Wallensteninm,
511 2940 548 3000 ad
573 2942 737 3000 Blarrchum
766 2942 890 3013 Italum,
923 2941 961 3000 ad
984 2941 1153 3000 Honreltum
1178 2938 1499 3017 Marburgienseur.sd
1545 2934 1547 2945 '

152 3029 340 3106 Imperatoris
372 3030 543 3106 Dapilerum
582 3030 755 3089 Vieksnium
790 3028 1005 3104 nonnullosque
1040 3029 1115 3088 alios
1143 3031 1268 3090 nobiles
1302 3031 1395 3092 dedit.
1443 3032 1499 3089 t*-
1545 3080 1547 3085 .

152 3116 299 3174 Barariae
324 3116 429 3174 deinde
453 3115 645 3186 cancellario,
677 3116 831 3176 Herwarto
856 3116 892 3174 dc
916 3116 1113 3190 Hohcnbrrrg,
1144 3133 1217 3175 curn
1241 3118 1383 3178 Calvisio
1405 3119 1500 3195 lapsis

153 3211 281 3274 cantore,
307 3203 441 3261 Beckero
458 3203 631 3278 hloguntiae
656 3204 777 3277 clerieo,
802 3221 867 3262 cum
883 3202 1015 3281 dosepho
1032 3203 1187 3278 Scaligero
1204 3211 1319 3282 partim
1337 3209 1374 3267 de
1389 3220 1500 3267 asarsus-

151 3292 219 3362 mia,
245 3293 373 3348 maxima
397 3307 466 3349 sero
491 3298 572 3367 parte
588 3290 624 3348 do
647 3290 909 3366 chronologia
933 3292 1078 3360 disseruit,
1101 3294 1179 3350 sieut
1205 3296 1304 3352 etiarn
1328 3312 1395 3354 eum
1409 3292 1499 3352 itas

151 3377 225 3435 lino.
271 3379 316 3435 De
340 3377 515 3454 physicis
538 3387 653 3449 auteur,
679 3379 808 3454 inprimis
832 3377 868 3438 de
890 3381 1036 3456 magnetis
1059 3379 1191 3451 viribus,
1217 3383 1249 3437 in
1276 3384 1316 3441 iis
1339 3385 1433 3459 agitur
1449 3378 1498 3455 qi·

149 3462 251 3534 stolis,
275 3482 349 3540 quas
374 3464 411 3522 ad
436 3464 620 3522 Herwartum
644 3472 673 3522 et
696 3465 919 3538 Nautonierum,
954 3465 989 3524 de
1012 3465 1317 3528 machinatione
1348 3480 1379 3529 st
1400 3466 1498 3527 rariir

149 3551 343 3609 machinis
366 3554 395 3609 in
418 3554 470 3623 iis,
500 3570 575 3626 quas
599 3555 714 3628 scripsit
736 3552 773 3610 ad
799 3552 955 3612 Anhaltiae
983 3554 1111 3612 civitatis
1134 3554 1318 3631 principem,
1350 3556 1388 3616 ad
1408 3556 1497 3614 lietu

97 3656 101 3665 ·
148 3638 433 3714 Wiirttembergiae,
456 3638 494 3697 ad
521 3640 663 3698 Baronenr
686 3638 723 3697 de
746 3638 945 3701 Hsrbersieln.
992 3641 1037 3698 De
1068 3642 1199 3716 opilea
1231 3642 1387 3720 chlsrus
1411 3640 1497 3700 dud!

147 3725 298 3783 literarum
321 3728 527 3785 commercium
544 3725 649 3783 habuit
671 3742 737 3784 curn
755 3727 931 3802 Breuggero,
955 3726 1125 3786 doctissimo
1149 3727 1384 3789 Kaulburncnsi
1398 3727 1497 3788 raedae

148 3828 215 3871 curn
245 3811 372 3872 Octavio
402 3814 503 3871 Pisani
543 3813 661 3887 Belgio,
700 3813 840 3872 Harrioto
871 3813 984 3890 Angla,
1018 3831 1083 3873 cum
1119 3818 1219 3873 arnico
1263 3816 1389 3878 Joanne
1415 3814 1497 3891 Pupia

149 3898 196 3957 Do
218 3900 481 3975 philosophia
510 3908 609 3958 autcm
641 3907 671 3959 et
699 3900 900 3971 theologia
930 3904 959 3959 in
992 3904 1028 3960 iis
1056 3902 1154 3974 agitur
1185 3904 1347 3977 epistolis,
1379 3896 1497 3981 quud

148 3984 414 4060 ZehentmaJerum,
440 3988 610 4044 Florianum
635 3986 780 4055 Crrrsium,
806 3987 963 4047 Pistoriurn
979 3986 1178 4064 (,sruuiomrn
1196 3992 1419 4066 inspectorrrn⁸
1433 3988 1500 4063 asp

147 4070 207 4129 lero
231 4074 268 4130 ab
296 4074 475 4148 Imperatore
505 4074 661 4149 positum),
691 4074 729 4133 ad
755 4076 901 4134 Batonem
929 4075 965 4134 de
991 4075 1185 4149 Starerrherg,
1216 4079 1357 4153 inprimis
1384 4094 1452 4155 quas
1470 4070 1500 4131 sd

148 4155 380 4218 Halenrellerum
404 4163 491 4221 misit.
530 4160 602 4219 Curn
626 4161 771 4221 Wackoro
796 4161 832 4221 dc
855 4161 1050 4232 Wackcnlels,
1075 4164 1250 4236 imperatori
1275 4183 1296 4224 a
1320 4166 1447 4225 considis
1463 4164 1500 4217 b·

148 4245 235 4314 timis,
260 4263 387 4320 quocum
405 4248 517 4320 Pragac
533 4249 657 4305 multum
673 4251 877 4307 commercium
900 4249 1040 4320 habebat,
1063 4265 1115 4323 per
1137 4249 1240 4309 literas
1266 4251 1307 4311 de
1329 4264 1501 4323 cosmogr-

147 4331 211 4387 nia
234 4331 371 4391 disseruit
394 4342 423 4392 et
447 4333 482 4392 dc
506 4336 665 4392 maculis
688 4338 717 4392 in
742 4336 843 4405 Solo,
868 4335 904 4394 de
919 4335 997 4394 Solis
1020 4335 1207 4412 aliorumque
1229 4348 1384 4399 astrorum
1403 4348 1499 4397 uta

147 4416 193 4474 Dc
209 4417 245 4475 al
256 4419 326 4494 chy
337 4438 364 4475 m
375 4422 408 4477 ia
431 4423 493 4493 agit
509 4439 573 4480 cum
589 4421 719 4481 Martino
734 4422 870 4481 Bulando
886 4431 915 4481 et
930 4422 1047 4481 Joannc
1063 4420 1228 4491 Gsrhardo.
1244 4426 1383 4489 medicis.
1395 4426 1431 4485 ds
1443 4439 1501 4483 nt·

148 4501 279 4562 diuina
301 4523 366 4563 curn
389 4507 528 4567 dossenio
551 4508 712 4568 clarissimo
729 4510 845 4585 Pragae
860 4510 990 4580 medico,
1015 4510 1199 4585 Brsnggero,
1225 4512 1345 4589 Papio,
1366 4510 1500 4573 usu:

149 4589 186 4647 de
211 4599 386 4649 terrarum
411 4594 678 4670 descriptione
707 4605 737 4655 et
767 4596 1036 4657 describendis
1067 4599 1221 4656 tabulis
1254 4617 1327 4661 curn
1350 4602 1500 4679 Statim!

149 4677 287 4736 Austriac
310 4678 475 4753 Superioris
501 4681 675 4752 Ordinibus,
709 4701 776 4742 cum
799 4684 928 4759 Crllgero
960 4694 990 4743 et
1013 4683 1142 4742 Manius
1166 4685 1295 4755 Gnrsio,
1326 4706 1447 4765 quoru
1471 4682 1500 4741 ἅ

147 4760 319 4822 historia
342 4784 460 4841 quoque
484 4768 608 4828 disserit.
656 4771 804 4830 Musica
827 4771 932 4831 deinde
955 4779 985 4831 et
1008 4770 1247 4833 Harmoniea
1272 4778 1304 4833 in
1329 4781 1365 4837 iis
1385 4770 1499 4853 epifi

147 4855 272 4908 tractata
293 4862 370 4927 sunt,
394 4872 469 4930 quas
491 4855 529 4914 ad
545 4857 706 4919 Anhaltias
720 4859 897 4938 Principem,
920 4858 1118 4937 Bernartuur,
1139 4858 1344 4927 Joachiurun
1357 4863 1499 4927 rucis·
