3308 5534
490 397 534 456 De
554 395 648 456 amicis
666 404 694 455 et
712 396 868 456 fautoribus
885 394 1004 471 Kepleri
1364 396 1428 469 949

71 575 142 641 diae
169 578 219 639 15‘
241 578 447 658 accipiatur?“
494 578 542 639 Ab
565 579 639 640 haec
660 579 825 658 Keplerus:
857 577 940 659 „Risi
963 586 1007 653 te,
1034 580 1084 656 qui
1109 580 1137 638 in
1161 597 1227 641 mea
1253 577 1361 641 Genesi
1381 583 1429 641 iu-

69 669 158 727 venis
188 675 347 727 secantem.
394 667 584 727 Abscissores
615 668 733 744 quidem
764 666 935 745 praedicant
961 667 1117 743 astrologi,
1151 667 1203 727 sed
1227 670 1246 726 ii
1270 670 1342 728 mihi
1370 686 1428 729 nou

70 754 202 833 placent.
246 755 293 815 'l'n
317 773 387 815 uero
411 774 446 815 ex
470 755 620 831 astrologo
645 763 675 815 et
697 762 865 814 astronomo
896 754 1034 813 confusus
1059 772 1124 813 curn
1147 755 1313 831 Hypotbeai
1337 756 1429 818 velles

68 841 179 916 dicere,
206 840 313 902 Genesi
336 843 434 901 dixisti
458 860 494 900 ea
517 842 699 901 abundantia
720 840 846 900 cordis.“
871 873 913 885 -

179 930 332 990 Fabricius
355 928 504 1005 quondam
527 932 643 1007 scripsit
665 929 703 988 ad
724 928 903 1007 Keplerum:
936 927 1150 1005 ,Copornienm
1173 929 1316 990 hactonus
1339 948 1427 1008 parce

68 1015 142 1091 legi,
166 1017 246 1092 qnod
270 1018 410 1077 obscurus
434 1026 463 1075 ct
484 1018 618 1076 concisus
644 1024 736 1090 essot3
761 1025 792 1075 at
815 1032 891 1075 nunc
913 1018 1007 1090 inagis
1031 1016 1101 1073 urihi
1125 1019 1227 1095 incipit
1249 1017 1376 1078 arridere
1399 1026 1429 1078 et

68 1103 156 1163 solns
178 1112 275 1165 motus
290 1104 397 1163 Terrae
413 1121 459 1163 rue
483 1104 632 1180 prohibet,
657 1120 716 1180 quo
737 1106 834 1163 miuus
857 1122 892 1161 ex
916 1110 978 1161 toto
1000 1121 1105 1162 manns
1128 1106 1184 1180 ipsi
1206 1105 1335 1164 nondum
1358 1121 1429 1183 por-

69 1193 177 1267 rigam.
233 1190 388 1266 Quomodo
422 1200 626 1266 argumentum
661 1190 812 1269 Tyohonis
835 1194 935 1265 (Tych.
954 1193 1043 1262 Epist.
1062 1211 1091 1263 p.
1112 1183 1174 1263 18'9)
1206 1195 1283 1252 circa
1313 1200 1426 1253 motum

69 1277 209 1337 dinmum
243 1296 279 1337 ex
308 1281 443 1337 tormenti
473 1279 563 1353 globo
591 1279 718 1338 relutaro
747 1277 817 1338 ris?
854 1279 920 1339 Hoc
949 1287 1043 1337 totam
1066 1278 1221 1355 Coporrriei
1250 1279 1427 1357 hypothesin

70 1364 215 1443 explodit
262 1366 381 1441 Inquiro
410 1368 498 1440 igitur
521 1364 596 1424 tales
618 1365 813 1443 hypotheses,
843 1384 918 1442 quae
942 1368 1036 1424 amaris
1059 1365 1250 1425 absurditatis
1275 1380 1303 1426 et
1326 1367 1426 1445 impli-

69 1448 151 1513 citae
173 1454 412 1513 contradictionis
435 1461 568 1530 expertes
591 1455 658 1525 sint,
682 1455 726 1512 sic
749 1454 801 1513 tibi
826 1463 856 1513 et
879 1455 934 1513 arti
956 1455 1051 1529 magia
1074 1453 1219 1513 consules.
1266 1454 1355 1513 Aliud
1378 1471 1428 1514 ar·

69 1549 244 1615 gementum
261 1550 361 1601 contra
378 1540 587 1616 Copenaioum:
610 1542 635 1598 si
652 1539 742 1599 Terra
759 1538 810 1599 tali
827 1551 909 1600 motn
925 1550 1100 1609 moveretur,
1123 1557 1243 1600 necesse
1259 1548 1304 1601 cst
1321 1558 1424 1601 omnes

70 1628 104 1685 ia
127 1627 231 1687 eodem
254 1627 396 1704 parallelo
419 1627 587 1687 habitantes
609 1629 728 1704 saepius
760 1644 849 1685 urium
881 1627 988 1687 hahere
1012 1629 1152 1686 ventum“
1176 1636 1231 1687 etc.
1278 1627 1425 1706 Keplerns

65 1716 125 1775 rite
147 1715 274 1792 explicat
297 1717 392 1773 arnico
416 1715 611 1788 obiectionom
635 1714 799 1791 lychnitis,
829 1714 1017 1791 explicationi
1040 1732 1110 1774 nero
1132 1714 1206 1775 haec
1229 1714 1324 1774 addit:
1357 1714 1427 1791 ,Sic

65 1802 159 1877 igitur
182 1819 247 1861 cunr
270 1802 380 1861 habeat
407 1802 463 1860 hoc
487 1804 636 1878 negotium
661 1804 811 1862 exanimi
839 1806 895 1862 urei
926 1804 1088 1875 sententia,
1118 1800 1178 1860 noli
1202 1820 1221 1861 a
1241 1820 1287 1862 me
1318 1811 1426 1880 petere,

65 1896 103 1947 nt
126 1892 278 1947 veritatem
310 1889 430 1965 prodam
458 1888 496 1947 ad
527 1888 755 1965 comparandum
784 1888 866 1965 vulgi
894 1889 1035 1949 savorem.
1081 1887 1113 1948 Si
1136 1889 1251 1948 consuli
1281 1891 1337 1949 arti
1365 1907 1424 1948 non

63 1982 170 2053 potest
191 1979 247 2035 nisi
271 1994 322 2053 per
343 1976 470 2047 hundos,
494 1985 596 2052 pereat
618 1994 706 2036 sane:
730 1978 887 2038 reviviscet
910 1994 1014 2052 nempe
1016 2018 1122 2037 .....
1162 1975 1323 2037 Consilium
1340 1984 1424 2036 tuum

63 2080 177 2139 aequm
201 2064 337 2140 quidem,
361 2062 413 2123 sod
437 2063 633 2123 emendatum.
680 2064 744 2123 Anti
768 2063 935 2136 consulam,
959 2063 1011 2123 sed
1035 2081 1093 2124 non
1116 2081 1169 2139 per
1190 2063 1425 2124 commendatio-

62 2167 137 2210 nem
160 2148 295 2229 ἁτιχιιιις
324 2168 435 2227 perque
466 2153 662 2227 captationem
692 2168 784 2211 auras
814 2150 976 2228 popularis.
1020 2151 1052 2210 Si
1083 2151 1155 2210 nihil
1185 2159 1230 2211 est
1252 2150 1426 2212 tradendum

61 2240 127 2297 nisi
151 2238 230 2314 qnod
254 2239 345 2313 vulgo
368 2237 473 2314 placet,
499 2255 548 2296 eur
563 2241 772 2297 astronomiam
788 2242 964 2312 nniversam,
989 2256 1039 2298 cnr
1061 2240 1250 2315 geometriam
1274 2238 1427 2320 tradimus,

61 2328 281 2387 remotissimas
304 2344 323 2383 a
346 2326 427 2400 vulgi
457 2334 546 2401 carpto
577 2323 732 2401 laudisque
762 2325 828 2386 ideo
851 2326 983 2399 egenas?
1021 2325 1098 2400 Quin
1122 2328 1221 2401 potins
1250 2325 1306 2386 hoc
1328 2344 1426 2403 agorn,

61 2416 111 2473 ita
143 2412 335 2489 Copernicum
368 2416 397 2470 in
427 2412 611 2472 emendatam
641 2416 850 2473 astronomiam
877 2416 1006 2474 interam
1041 2415 1159 2490 penitas
1189 2421 1219 2473 et
1248 2414 1426 2490 implectsm,

61 2497 207 2575 adeoque
230 2509 260 2559 et
283 2503 310 2556 in
334 2499 502 2577 physicam,
527 2509 560 2558 ut
583 2498 629 2559 vel
653 2503 769 2576 utrique
791 2501 877 2560 simul
894 2499 1074 2577 pereundum
1097 2499 1206 2559 situel
1229 2504 1425 2578 superviven-

59 2586 149 2647 dnm.
180 2586 380 2664 Quamquam,
403 2589 428 2644 si
444 2586 526 2645 locus
549 2595 593 2646 est
611 2589 765 2661 vaticinio,
788 2589 898 2663 prins
921 2591 1124 2664 ingentem
1146 2588 1282 2647 molem
1304 2587 1427 2648 libro·

58 2690 148 2735 rum
170 2674 443 2750 polonicorum
476 2692 554 2733 cum
577 2676 813 2749 auctoribus,
844 2692 927 2734 cum
958 2677 1125 2750 ingeniis
1149 2677 1294 2734 criticis
1324 2676 1426 2751 peri-

60 2770 189 2821 turam
217 2763 420 2833 enistimo,
453 2780 561 2837 quam
584 2762 834 2821 Aristarchus
858 2772 892 2822 et
915 2762 1158 2838 Copernicus
1188 2760 1439 2821 deserantur..

61 2882 109 2895 -
135 2846 272 2923 Objectio
296 2858 346 2908 tua
369 2868 386 2907 a
410 2852 505 2908 ventis
527 2850 615 2925 plane
638 2856 792 2909 ventorum
820 2861 954 2909 naturam
976 2851 1124 2908 inritatur:
1156 2848 1230 2907 nihil
1258 2848 1347 2909 elficit
1369 2848 1425 2909 nisi

56 2938 221 3011 strepitum
245 2945 299 2996 eto.

175 3020 304 3083 Ultimae
328 3023 453 3100 deniqne
476 3023 513 3081 ad
530 3023 696 3082 Fabricium
720 3022 808 3083 datae
831 3022 975 3099 epistolae
998 3023 1043 3082 hia
1066 3022 1153 3082 finem
1176 3023 1247 3082 lacit
1262 3022 1424 3100 Keplerns:

63 3110 140 3187 „Tu
162 3113 371 3185 procacitatem
395 3118 424 3170 et
447 3111 625 3169 hilaritatem
647 3128 743 3170 meam
766 3112 796 3169 in
820 3110 973 3170 scribendo
998 3111 1069 3170 boni
1092 3111 1223 3172 eorrsrrlo.
1254 3110 1355 3184 Vides,
1379 3128 1425 3172 me

59 3196 190 3259 laudern
213 3211 282 3257 tarrac
305 3198 462 3274 hypothesi
486 3197 534 3277 (de
557 3196 665 3274 Marte)
688 3198 816 3257 tribucre
839 3200 972 3257 veritatis
993 3201 1070 3257 circa
1094 3199 1244 3270 ellectum,
1277 3199 1330 3257 tihi
1356 3215 1425 3259 vero

59 3287 190 3361 ingenii,
215 3294 244 3344 et
268 3288 398 3361 inprimis
421 3285 524 3343 laetari
548 3302 634 3360 snper
656 3285 773 3344 fortuna
796 3293 911 3343 tuarum
928 3285 1162 3361 speculationum
1186 3286 1300 3362 tibique
1322 3293 1425 3362 gratu·

57 3374 132 3435 lari.
176 3372 239 3431 Nec
261 3375 285 3431 si
311 3376 387 3431 veris
411 3373 559 3431 coloribus
591 3372 671 3430 illam
695 3371 813 3448 depinxi
844 3382 1000 3448 propterea
1027 3390 1158 3450 premere
1187 3372 1269 3447 illam
1293 3380 1321 3432 te
1346 3373 1425 3446 volo,

57 3463 140 3537 qnin
163 3462 260 3534 potius
284 3462 340 3517 nisi
361 3461 423 3535 jam
447 3458 569 3534 impedis
593 3468 705 3535 partem
728 3476 762 3518 ex
787 3458 839 3518 illo
857 3461 962 3520 luciam
979 3461 1260 3520 Commentariorum
1284 3477 1425 3536 meorum,

57 3555 100 3609 nt
122 3548 250 3625 petiisti,
283 3548 370 3621 idque
397 3550 426 3604 in
455 3550 580 3619 gratiam
611 3563 728 3620 eornm,
761 3550 812 3624 qui
840 3549 948 3624 privati
977 3558 1081 3624 captus
1112 3565 1202 3607 eausa
1231 3555 1283 3607 aut
1305 3554 1425 3625 propter

58 3634 255 3695 mechanicas
278 3636 438 3694 ellictiones
462 3632 672 3692 Ptolemaicam
696 3635 818 3693 formam
835 3643 943 3693 ornant.
983 3634 1092 3695 Fateor
1108 3637 1226 3711 quippe,
1250 3644 1331 3694 tuam
1348 3635 1424 3695 banc

58 3720 283 3783 ordinationem
306 3732 409 3797 captus
432 3722 574 3780 facilitate
597 3721 686 3796 longo
710 3722 865 3781 intervallo
888 3731 956 3798 post
977 3740 1009 3780 se
1038 3721 1202 3798 relinquero
1226 3721 1425 3781 Ptolemaicos

58 3816 231 3883 aequantes
233 3851 342 3871 .....
388 3809 419 3867 Si
443 3809 516 3867 haec
530 3826 586 3884 ego
603 3808 742 3869 odoratus
764 3811 884 3869 larissam
908 3818 975 3867 ante
993 3816 1010 3868 9
1035 3826 1159 3881 menses,
1183 3808 1316 3868 lubenter
1331 3810 1425 3885 scrip·

57 3900 174 3959 sissem
203 3896 238 3955 dc
268 3898 311 3954 iis.
359 3898 397 3955 At
427 3914 505 3954 nnnc
533 3913 640 3955 accusa
670 3904 720 3957 tua
749 3897 901 3956 schemata
931 3913 1053 3956 erronea
1075 3895 1112 3956 de
1135 3914 1200 3956 meo
1223 3896 1356 3970 silenti03
1387 3913 1424 3956 ea

57 3986 140 4063 ipsis
164 3985 240 4042 enirn
264 3985 337 4042 visis
367 3983 455 4043 etde
479 3981 729 4057 tertrajudicavi,
760 3986 810 4059 qui
835 3985 1054 4043 intricatissima
1085 4001 1172 4042 manu
1197 3983 1426 4060 perscribitnra

56 4082 104 4134 te.
153 4070 238 4130 Vale.

173 4158 300 4217 Causam
317 4175 376 4232 qna
391 4164 486 4215 anctus
501 4157 648 4234 Keplcrus
670 4157 708 4217 ad
725 4158 851 4218 Fabricii
874 4158 973 4217 literas
995 4156 1172 4234 respondere
1195 4156 1314 4232 distent,
1337 4158 1425 4218 relert

57 4250 93 4307 in
117 4246 303 4321 praelatione
326 4244 365 4303 ad
388 4244 610 4319 Epherrreridom
633 4248 701 4304 anni
730 4251 826 4318 1617,
859 4247 957 4321 ibique
981 4247 1077 4321 porgit
1098 4247 1174 4303 seria
1200 4245 1276 4320 jocis
1298 4247 1424 4307 miscens

57 4332 172 4397 eadem
196 4349 255 4407 qna
278 4340 366 4391 antea
388 4334 511 4390 rationo.
556 4332 686 4407 Legatnr
707 4334 781 4393 haeo
809 4350 933 4392 amoena
954 4335 1105 4409 responsio
1133 4349 1222 4407 supra
1245 4350 1273 4408 p.
1297 4338 1357 4393 841
1384 4351 1424 4393 ss.

173 4419 354 4479 Vichenio
384 4419 530 4494 Koplcrns
559 4420 692 4479 studiose
720 4420 864 4497 explieat,
899 4437 975 4494 qnae
1003 4421 1112 4479 sentiat
1141 4418 1176 4478 de
1204 4419 1366 4496 astrologia
1393 4427 1424 4480 et

55 4508 149 4569 libris
179 4506 363 4583 astrologicis
387 4507 563 4578 Ptolomaei,
588 4506 715 4566 Cardani
741 4508 933 4582 aliorumque.
979 4504 1137 4581 Quaerenti
1169 4523 1239 4565 vero
1268 4506 1423 4581 Violenio,

54 4593 137 4674 quid
161 4597 270 4653 sentiat
294 4596 329 4653 ale
347 4612 472 4667 ,rrovcm
487 4594 566 4652 horis
582 4593 786 4669 astrologicis“
811 4606 841 4653 et
863 4595 982 4670 petenti,
1006 4602 1039 4653 ut
1059 4594 1116 4653 sibi
1140 4592 1264 4669 explicet
1278 4611 1323 4667 ea,
1347 4612 1423 4670 qnae

54 4681 221 4745 Cornelius
252 4683 383 4756 Agrippa
413 4685 472 4753 qlib.
491 4685 539 4737 lll.
568 4684 602 4739 de
621 4684 728 4739 occulta
745 4685 932 4755 philosophia)
963 4680 1081 4751 doceat,
1116 4696 1240 4755 ,nornen
1275 4683 1354 4757 genii
1385 4700 1422 4742 ex

53 4771 260 4847 dispositione
288 4767 459 4827 coelestium
481 4768 617 4840 elicere“,
648 4767 723 4827 haec
751 4767 910 4828 irahundns
939 4768 1089 4845 rospondit
1110 4766 1274 4844 Keplerns:
1309 4767 1421 4849 „Soita

54 4876 110 4921 use
133 4855 328 4919 fundamenta
349 4856 502 4931 utriusque
523 4857 565 4915 rei
589 4854 629 4915 ad
651 4872 779 4932 unguem
801 4863 915 4933 mucre,
939 4863 1052 4917 tautum
1074 4871 1145 4917 vcro
1159 4855 1246 4915 abest
1268 4861 1301 4919 nt
1315 4873 1353 4919 es
1367 4856 1422 4923 tibi
