3308 5534
150 417 216 497 952
663 410 862 489 uranum
878 404 1000 483 mpura

152 615 190 659 ex
213 597 285 657 urbe
305 595 404 655 nuncii
426 596 457 653 in
480 593 542 655 dies
564 593 647 654 allati
670 602 738 654 sunt
759 594 934 670 iniquiores,
958 594 1001 653 ita
1023 600 1055 652 ut
1077 590 1202 669 Kepieri
1227 600 1261 651 et
1284 608 1362 654 uxor
1382 600 1413 653 et
1432 594 1507 653 enisi

150 683 295 763 Styriaoi,
319 682 399 759 apud
422 682 592 760 Tycbouem
616 699 682 741 eum
705 683 815 759 optime
836 697 869 741 se
891 680 1000 741 bebere
1023 683 1092 754 rati,
1115 680 1243 741 minime
1268 679 1340 740 inde
1362 679 1508 739 retium

151 789 217 832 esso
240 769 407 845 crederent,
431 780 461 828 et
483 769 646 846 Tubingae,
669 770 721 827 ubi
744 785 850 828 munus
873 785 905 829 se
929 775 1083 828 nacturum
1104 785 1172 828 esse
1194 770 1347 845 speravit,
1369 784 1439 845 spes
1458 782 1508 827 eru

150 857 242 919 nulia.
289 856 386 932 Quum
410 864 509 916 autern
533 858 588 915 viri
611 866 640 915 et
663 873 769 932 corpus
791 857 960 916 stabimus
983 856 1085 915 morbo
1113 857 1202 930 gravi
1228 864 1261 915 et
1284 854 1427 915 diuturno
1448 872 1508 915 e·-

150 944 217 1005 dom
239 961 354 1021 semper
378 946 406 1000 in
430 943 549 1002 modurn
572 950 748 1004 vexarentur
769 950 800 1003 et
821 941 1035 1021 affligerentur,
1067 942 1140 1019 quid
1163 944 1294 1017 mirum,
1326 944 1355 1001 si
1378 940 1508 1020 Rspice·

148 1034 294 1109 patienter
322 1032 411 1091 cessit
433 1039 463 1089 et
484 1030 634 1107 Tyohonis
664 1032 737 1090 iram
764 1030 818 1091 tali
845 1032 960 1090 ratione
990 1029 1107 1106 plorare
1139 1029 1278 1103 studuit,
1314 1028 1417 1106 qualis
1443 1028 1508 1087 tlh

150 1119 289 1187 moribus,
316 1134 389 1193 quos
413 1126 492 1176 certo
506 1113 660 1177 Jessenius
683 1119 757 1197 benc
773 1120 933 1194 perspexit,
957 1119 1082 1177 maxime
1105 1116 1344 1177 accommodate
1358 1134 1426 1178 esse
1440 1115 1508 1175 rtie-

151 1208 244 1266 butur.
290 1204 448 1279 Kepierum
473 1213 572 1262 autem
595 1205 727 1280 postlrac,
751 1203 820 1264 dum
843 1203 938 1264 Gratti
963 1222 1014 1281 per
1035 1204 1225 1281 aliquantum
1251 1208 1415 1282 temporis,
1435 1204 1507 1265 reb

149 1295 211 1353 suis
235 1291 403 1350 domesticis
427 1300 641 1368 prospecturus,
665 1292 812 1365 manebat,
836 1293 865 1350 in
887 1291 1058 1370 Tyohoucm
1080 1295 1156 1352 irem
1178 1301 1210 1352 et
1233 1292 1428 1352 stomachum
1446 1308 1508 1353 ers·

150 1380 271 1451 muisso,
296 1396 353 1437 nou
370 1380 491 1437 ruinima
513 1395 603 1437 causa
625 1395 690 1438 esse
713 1379 828 1439 videtur
842 1381 936 1439 morbi
960 1381 1138 1456 pertinacia,
1162 1397 1226 1457 quo
1240 1381 1394 1440 liberatas
1408 1378 1507 1439 ds-

150 1475 196 1526 est
217 1465 363 1541 Kepierus
382 1465 444 1540 jaun
468 1467 541 1523 satis
565 1466 614 1524 diu
638 1464 743 1524 Graue
765 1475 976 1528 commoratus.

256 1552 377 1611 Praeter
400 1552 453 1611 iras
477 1551 549 1611 duas
572 1551 732 1625 molestias,
756 1570 830 1629 quas
853 1552 940 1613 modo
963 1553 1099 1626 diximus,
1123 1571 1160 1614 ex
1177 1552 1310 1631 Kepieri
1326 1562 1359 1615 et
1373 1552 1506 1633 'heb'

150 1638 283 1717 epistolis
308 1639 343 1697 de
367 1639 432 1698 ariiis
456 1637 690 1702 dissensionibus
713 1650 765 1701 aut
788 1641 998 1701 offensionibus
1019 1659 1056 1700 ne
1079 1643 1238 1700 minimum
1269 1642 1398 1716 quidem
1417 1640 1506 1717 misi

149 1728 273 1802 poterit3
302 1728 391 1784 immo
416 1743 485 1786 vero
510 1727 592 1785 brevi
616 1729 868 1788 commodissimus
891 1730 965 1788 iuter
996 1727 1063 1787 ilios
1092 1745 1164 1787 usus
1188 1744 1222 1787 et
1245 1730 1409 1789 convietus
1432 1731 1506 1789 iu·

149 1815 240 1872 luisse
264 1810 394 1886 videtur,
427 1831 493 1873 cum
518 1823 547 1873 ct
569 1813 714 1890 Kepierus
736 1815 824 1891 piane
848 1819 961 1891 integer
984 1832 1084 1875 orrrues
1108 1818 1185 1874 vires
1212 1818 1245 1873 in
1269 1819 1405 1891 negotiis
1425 1826 1505 1875 ssu*

148 1901 273 1959 nomicis
295 1900 352 1958 sibi
376 1898 522 1958 marrdntis
546 1911 746 1975 consumeret,
778 1904 894 1961 omissis
917 1921 936 1961 a
959 1901 1099 1978 Tyohous
1131 1901 1215 1965 imno
1249 1901 1344 1965 dubis
1373 1900 1503 1962 monh

151 1987 347 2064 iniquioribus
371 1996 400 2047 et
424 1990 485 2046 viro
510 1987 647 2064 indignis,
672 1993 713 2048 ita
736 1989 893 2049 utilitati
916 1993 1032 2065 propria
1054 2007 1109 2047 sua
1131 1988 1237 2049 studia
1249 1993 1327 2049 sutis
1350 2002 1504 2050 sssstteu·

152 2078 232 2152 poris
255 2082 284 2133 et
306 2076 368 2146 otii,
392 2083 420 2133 et
442 2075 555 2152 '1¹yoho,
580 2078 630 2152 qui
655 2078 684 2134 iu
708 2075 770 2135 dies
792 2076 900 2137 olarios
923 2080 1114 2152 perspiceret,
1139 2080 1249 2151 quenti
1274 2076 1401 2155 Kepisri
1422 2088 1451 2137 et
1469 2080 1504 2135 'n-

150 2163 269 2238 genium
292 2169 322 2221 et
344 2160 488 2220 industria
511 2162 659 2223 indelessa
681 2170 778 2222 essent
800 2163 998 2234 aestimanda,
1022 2171 1132 2239 quanto
1156 2174 1330 2239 pressisset
1355 2166 1407 2225 ills
1427 2166 1503 2225 ensi·

150 2251 205 2307 bus
229 2264 304 2324 quos
328 2248 366 2307 ad
389 2248 418 2306 id
435 2260 550 2325 tempus
565 2250 702 2310 habuerit
717 2252 863 2323 ministris,
888 2250 1042 2326 diligenter
1065 2267 1167 2310 omnes
1189 2252 1381 2313 offensiones
1402 2252 1502 2328 teges.

149 2352 227 2411 quae
250 2336 478 2396 familiaritatem
507 2346 537 2397 ct
559 2340 719 2397 amicitiam
751 2340 866 2398 turbare
896 2346 1027 2414 possent.
1071 2336 1169 2412 Quale
1201 2351 1309 2399 autern
1343 2343 1419 2399 inter
1442 2342 1502 2397 sir·

149 2424 237 2482 luerit
251 2427 473 2505 commercium,
499 2423 643 2500 Kepierus
658 2428 731 2484 satis
747 2425 873 2486 dilucide
888 2426 985 2485 verbis
1002 2423 1186 2503 explanarit,
1212 2444 1295 2503 quse
1319 2429 1502 2505 paenis·-

149 2528 179 2588 p.
207 2515 279 2582 rra,
304 2516 376 2583 ras,
402 2517 475 2572 rel.

254 2597 312 2655 Per
334 2597 506 2674 Tychonem
531 2607 560 2656 et
583 2600 692 2657 amieos
712 2599 775 2674 jam
798 2606 886 2659 antea
909 2609 1018 2675 portos,
1042 2601 1175 2676 inprimis
1200 2600 1359 2661 Baronem
1382 2600 1420 2661 ds
1434 2599 1501 2661 rtet

150 2702 249 2754 maun,
271 2683 418 2760 Kepierus
441 2693 471 2744 et
494 2684 652 2760 Rudolplro
676 2688 844 2761 imperatori
866 2686 1085 2747 commendatus
1115 2696 1180 2758 est,
1215 2688 1305 2764 euius
1337 2692 1500 2765 gratian

150 2773 282 2832 savorem
307 2790 374 2830 mox
398 2773 453 2830 sibi
478 2771 657 2844 conciliavit,
683 2782 711 2831 et
734 2772 773 2831 sd
794 2772 870 2831 alios
893 2790 1012 2849 quoque
1035 2773 1179 2833 deductus
1203 2788 1254 2834 est
1277 2778 1362 2836 viros
1377 2778 1501 2854 potu'*

150 2861 249 2932 simos,
273 2867 305 2917 ut
328 2859 366 2917 ari
390 2861 502 2935 imperii
519 2859 724 2918 cancellarium
742 2860 902 2919 liarritium
920 2868 949 2920 et
964 2861 1002 2919 ad
1019 2860 1221 2920 Weckirerum
1246 2860 1284 2922 (ie
1301 2860 1500 2925 westberi&

150 2950 201 3022 qui
225 2945 347 3006 oonsilio
371 2948 553 3022 imperatoris
577 2949 723 3007 intererat.
755 2946 813 3021 Qui
835 2963 893 3005 non
916 2949 1011 3006 minsis
1027 2950 1189 3007 astronomi
1210 2950 1361 3023 jucundis
1384 2954 1499 3011 moribus

54 3100 58 3111 Ι
150 3035 311 3109 ingeniosis
334 3035 535 3106 sermonibus,
566 3051 655 3109 quam
687 3052 802 3094 summa
829 3034 961 3094 doctrina
988 3037 1064 3110 eapti
1090 3034 1262 3112 Keplerurn
1292 3040 1323 3097 in
1353 3042 1498 3099 interiora

149 3139 235 3181 suurn
258 3123 430 3180 societatem
456 3130 483 3180 et
507 3123 665 3180 arnicitinm
682 3130 858 3198 exceperunt
880 3129 910 3181 et
932 3131 1034 3198 postea
1050 3125 1224 3198 imperatori
1241 3136 1383 3186 auctores
1397 3128 1498 3185 iuerat

150 3219 183 3268 ut
205 3208 347 3285 Tychone
370 3217 485 3267 mortuo
502 3209 612 3287 (1601)
634 3209 773 3285 septen,
797 3208 1012 3268 conditionibus
1035 3209 1156 3286 quidem
1177 3214 1282 3271 minus
1305 3216 1420 3289 aequis,
1441 3212 1498 3269 its·

150 3298 309 3355 astronomi
335 3297 511 3370 imperatorii
537 3295 663 3354 osticium
687 3295 857 3356 truderetur.
895 3296 1068 3356 Mandatum
1090 3308 1193 3356 autern
1220 3301 1250 3357 ei
1275 3310 1335 3377 est,
1359 3310 1390 3359 ut
1411 3298 1497 3359 exst·

149 3383 367 3444 servationibus
391 3382 568 3459 't'ychouicis
599 3399 692 3441 novas
716 3383 831 3443 tubulus
854 3387 1063 3443 astronomicas
1085 3384 1264 3458 conticeret,
1298 3404 1337 3445 ex
1369 3400 1497 3447 eomun-

150 3471 233 3529 tariis
249 3479 278 3528 et
294 3470 425 3545 epistolis
441 3469 630 3529 selectionem
647 3472 754 3530 iaceret
769 3470 937 3546 selectaque
954 3470 1062 3544 ederet,
1085 3470 1175 3529 simul
1200 3474 1396 3548 imperatoris
1412 3470 1497 3533 stu&

149 3558 288 3628 serviret,
321 3558 451 3631 inprimis
476 3559 501 3614 ci
527 3559 554 3614 in
586 3559 808 3645 quaestionibus
838 3557 1023 3633 astrologicis
1052 3568 1131 3617 esset
1159 3558 1295 3634 adjutor.
1345 3561 1411 3637 Qus
1432 3566 1495 3619 isrs

148 3642 296 3719 Kepierus
326 3661 393 3701 urox
417 3647 445 3702 in
472 3661 617 3702 summam
640 3646 822 3719 imperatoris
852 3646 915 3704 iniit
939 3654 970 3705 et
996 3647 1156 3705 amicitiam
1187 3656 1220 3705 et
1246 3648 1355 3721 ficiem,
1387 3652 1435 3725 qui
1452 3660 1495 3705 sss

148 3729 237 3789 morio
261 3729 296 3791 de
319 3748 374 3789 sua
396 3733 531 3804 genitura
553 3730 713 3805 Kepierurn
737 3730 908 3802 consuleret,
933 3742 962 3791 et
981 3732 1096 3807 judicia
1119 3732 1156 3791 de
1180 3733 1239 3793 ille
1265 3736 1305 3795 ab
1330 3738 1398 3796 aliis
1418 3746 1494 3794 ssu*

148 3820 243 3876 nomis
266 3820 363 3893 positu
378 3817 498 3893 Kepieri
519 3817 632 3892 judicio
649 3816 783 3888 traderet,
806 3817 858 3877 seri
874 3821 962 3878 etiam
978 3819 1102 3878 eundern
1118 3824 1304 3897 propinquis
1320 3829 1385 3883 suis
1398 3822 1493 3883 neith·

149 3922 206 3980 que
230 3904 296 3963 aliis
319 3904 503 3975 hominibus,
534 3907 604 3979 quin
633 3907 721 3964 etiarn
751 3906 916 3976 veteribus,
948 3914 980 3963 ut
1003 3905 1137 3977 Caesari,
1171 3910 1319 3977 Augusto
1343 3924 1401 3972 ets.
1426 3910 1493 3969 bem

147 4008 255 4066 ponere
288 3991 387 4050 uellet.
437 3991 540 4066 Neque
568 3995 663 4050 urinus
690 3995 719 4049 in
752 3993 839 4050 rebus
868 3991 993 4067 publicis
1023 3995 1215 4065 gravioribus
1246 3995 1285 4056 de
1312 3999 1428 4073 judicio
1453 4008 1493 4055 nt

147 4084 333 4136 astronomus
361 4078 511 4138 consultus
535 4088 592 4152 est,
624 4082 652 4135 in
676 4096 735 4155 quo
763 4081 882 4155 saepius
906 4081 958 4136 viri
985 4082 1106 4137 sunrmis
1139 4082 1261 4156 imperii
1291 4086 1491 4163 maguntii·

149 4162 302 4238 iungentes
326 4165 477 4224 suadendo
501 4166 621 4241 Keplori
644 4168 807 4225 sententias
828 4167 872 4224 sio
895 4166 1045 4237 adessent,
1070 4174 1101 4224 ut
1124 4176 1155 4225 et
1178 4170 1311 4245 imperio
1335 4183 1367 4233 et
1388 4176 1492 4249 inps·

147 4252 203 4307 tori
226 4251 380 4308 commodo
403 4261 432 4310 ct
455 4252 542 4312 saluti
573 4262 660 4312 esset.
707 4250 799 4313 Utin
827 4252 894 4311 aliis
918 4253 1061 4328 ejusmodi
1090 4259 1340 4331 quaestionibus,
1372 4264 1413 4319 its
1435 4268 1492 4315 sut

146 4352 266 4410 quoquc
289 4336 436 4411 Kepierus
465 4340 572 4399 talibus
603 4342 750 4399 vaticiniis
774 4339 959 4415 astrologicis
991 4340 1059 4399 fidei
1088 4339 1206 4416 aliquid
1239 4345 1390 4421 abrogare
1410 4344 1491 4405 soh

147 4428 202 4498 est,
227 4424 353 4480 refutata
377 4426 432 4483 irae
455 4429 592 4503 opinione
617 4428 699 4499 sulse,
723 4445 769 4487 res
785 4426 929 4486 humanas
952 4428 1025 4487 coeli
1042 4427 1256 4491 effectionibus
1270 4450 1340 4495 esse
1355 4430 1490 4507 sabim

149 4513 179 4564 et
201 4509 367 4583 imperatori
391 4514 476 4571 nimis
499 4517 703 4591 superstitioso
728 4515 874 4591 explicere
896 4514 1021 4588 studerit,
1044 4515 1135 4575 talem
1158 4516 1302 4579 ellectum
1326 4534 1380 4581 sut
1401 4518 1489 4579 asilu

146 4609 225 4660 esse,
248 4603 300 4653 aut
320 4597 345 4651 si
370 4606 464 4669 esset,
487 4603 529 4658 sic
553 4619 617 4660 esse
641 4600 905 4680 interpretandum,
929 4604 957 4659 in
981 4604 1068 4661 certis
1090 4601 1285 4679 planetarum
1309 4606 1488 4669 animasti*

145 4678 216 4748 bus,
249 4689 300 4739 aut
323 4685 346 4739 si
378 4697 510 4746 cornetae
541 4698 591 4746 nut
615 4707 693 4747 rrorn
721 4689 819 4748 sidera
845 4696 1041 4764 emergerent,
1073 4697 1125 4748 eut
1155 4693 1184 4749 iu
1214 4698 1406 4769 gravioribus
1427 4690 1485 4753 δᾶ

145 4761 305 4840 Lunaeque
330 4767 541 4832 deiectionibus
558 4776 817 4852 contemplantium
833 4779 957 4848 animos,
982 4780 1054 4853 ipsis
1077 4779 1188 4849 inseiis,
1215 4800 1255 4842 ex
1272 4786 1336 4843 otio
1351 4796 1380 4844 rt
1396 4776 1482 4841 duih

145 4851 266 4909 excitari
290 4861 320 4912 et
342 4856 380 4915 ad
402 4860 543 4936 rusiorum
565 4864 595 4920 iu
617 4864 707 4925 rebus
729 4862 853 4941 agendis
874 4862 1049 4927 iudustriam
1070 4865 1195 4944 impelii.
1243 4870 1362 4933 Sumus
1381 4874 1481 4949 ‘qn
