3308 5534
707 410 736 473 lu
754 406 827 473 Orbe
843 398 949 473 burte
1460 412 1503 485 99

145 594 333 654 inferioribus
360 594 538 657 recumbere.
585 593 788 655 Continentem
820 602 918 655 autem
947 610 1101 672 magnam,
1132 610 1208 671 quae
1237 594 1267 652 in
1291 594 1391 654 orbem
1415 595 1505 671 cingit

145 698 288 757 maguum
307 699 398 757 mare,
421 684 518 742 minus
540 681 657 758 quidem
679 684 823 756 necteris,
848 684 885 744 ab
901 679 1018 759 Ogygia
1041 698 1109 741 vero
1132 683 1245 741 circiter
1268 681 1505 759 quinquemillia

149 768 314 829 radiorum
344 771 449 831 abesae
476 772 604 829 nmrabat
627 772 694 828 mihi
712 774 825 842 author,
850 780 878 828 et
905 768 983 847 quod
1007 785 1042 828 eo
1073 768 1202 829 tendenti
1234 768 1437 845 trajiciendum
1467 770 1505 827 sit

146 857 275 917 navibus
304 858 429 935 remigio
457 860 612 918 instructis.
657 856 730 917 Eece
754 858 830 916 enim
857 855 968 916 lentum
996 858 1137 932 navigatu
1167 856 1290 933 pelagus
1314 863 1344 916 et
1365 855 1504 928 lutosum,

147 954 267 1021 propter
290 943 465 1004 fluentorum
488 943 710 1005 multitudinem.
749 943 805 1003 Illa
829 960 899 1004 vero
921 943 1032 1004 fluenta
1053 962 1071 1003 a
1095 961 1201 1021 magna
1224 945 1390 1003 continente
1406 945 1505 1003 venire
1573 946 1580 959 '

147 1031 332 1107 multumque
363 1048 502 1111 oggerere
530 1031 680 1105 sabulum,
712 1038 745 1090 ut
767 1031 939 1108 impeditum
968 1030 1020 1090 liat
1041 1038 1070 1090 et
1092 1031 1268 1107 paludosum
1298 1049 1393 1104 mare,
1426 1029 1505 1106 quod

148 1126 178 1179 et
199 1118 389 1197 congelatum
420 1119 513 1179 videri
542 1122 644 1197 possit.
690 1117 872 1178 Continentia
901 1118 981 1177 illius
1007 1118 1152 1177 maritima
1176 1137 1194 1177 a
1218 1116 1339 1178 Graecia
1369 1118 1504 1191 habitari,

149 1208 225 1267 cirea
246 1207 345 1265 alnum
368 1206 498 1283 ediquem
519 1206 597 1266 haud
619 1208 759 1265 minorem
781 1204 948 1280 Maeotide,
980 1206 1063 1282 cnjus
1086 1223 1119 1266 cs
1141 1204 1240 1284 Caspii
1271 1208 1359 1265 maris
1382 1207 1424 1265 ori
1447 1205 1506 1265 iere

147 1292 185 1353 ad
207 1301 321 1353 rectam
342 1292 451 1353 lineam
474 1312 538 1355 csse
560 1287 707 1367 situm⁹²h

251 1378 326 1440 Illos
348 1380 499 1459 appellare
522 1387 550 1441 et
572 1398 690 1441 censere
713 1396 745 1440 se
768 1378 885 1455 quidem
909 1388 1003 1440 terrae
1025 1379 1125 1440 firmae
1148 1372 1331 1463 incolas-⁹⁸),
1363 1376 1505 1438 insulares

148 1483 219 1527 vero
243 1483 307 1543 ecs,
331 1470 381 1545 qul
396 1468 473 1529 hanc
486 1476 614 1527 nostram
629 1467 749 1527 Terram
764 1468 908 1542 habitant,
933 1476 965 1526 ut
988 1486 1064 1542 quae
1079 1467 1207 1543 undique
1223 1468 1295 1527 mari
1319 1469 1357 1526 sit
1379 1469 1504 1526 circom-

147 1546 267 1634 liua'').
314 1555 489 1616 Existimare
519 1572 551 1616 se
581 1554 737 1635 (dicebat),
768 1554 887 1615 Saturni
914 1554 1032 1633 populis
1063 1558 1236 1615 commixtos
1264 1572 1328 1614 esse
1359 1569 1425 1627 eos,
1454 1554 1505 1629 qul

146 1644 297 1719 posterius
328 1659 394 1702 oum
417 1640 544 1703 Hercule
576 1642 748 1703 advenerint
778 1643 880 1718 ibique
910 1642 1002 1702 relicti
1031 1644 1099 1703 sint.
1145 1641 1339 1702 comantem
1366 1641 1429 1718 jam
1452 1658 1505 1700 ex·

147 1730 348 1806 stingueretur
369 1746 507 1807 maecum
529 1731 570 1790 ibi
593 1746 699 1790 nomen
724 1736 753 1789 et
775 1737 961 1806 superaretur
984 1749 1002 1789 a
1023 1729 1125 1806 lingna
1153 1731 1306 1789 barbarica
1330 1729 1506 1804 legibusque

147 1824 176 1876 et
198 1819 298 1890 victu,
328 1833 406 1877 nuuc
434 1818 537 1878 lterum
566 1819 685 1877 excitari
715 1818 815 1894 quasi,
848 1826 1006 1893 postquam
1035 1820 1113 1876 vires
1141 1816 1365 1893 multiplicatum
1387 1817 1505 1892 recepit

147 1902 250 1981 quue
280 1905 391 1981 primas
418 1905 460 1965 lbi
488 1911 585 1964 tenere
608 1904 779 1977 Herculem,
808 1904 952 1963 secundas
980 1903 1146 1963 Saturnum.
1193 1903 1266 1963 Cum
1296 1921 1364 1963 vero
1388 1903 1507 1963 Saturni

147 1990 244 2063 mella,
268 2008 359 2069 quem
381 2008 436 2052 nos
459 1990 680 2069 Apparentium,
702 1990 875 2051 Phaenonta
898 2008 1048 2065 vocemus,
1072 1992 1109 2052 ab
1132 1991 1192 2050 illis
1221 1995 1384 2050 continentis
1407 1992 1505 2048 incolis

145 2078 348 2155 Noctispicem
370 2081 513 2139 nominari
536 2078 649 2155 aiebat,
672 2080 703 2137 in
725 2077 855 2137 Taurum
878 2080 979 2137 veniat
1000 2086 1069 2155 post
1091 2081 1217 2139 tricenos
1240 2072 1413 2155 annos¹⁰⁰),
1437 2076 1504 2136 illos

145 2168 333 2243 praeparatis
356 2164 483 2226 smalto
506 2173 633 2244 ternpore
657 2183 733 2242 quae
756 2164 793 2225 ad
816 2166 989 2226 sacrificium
1012 2174 1153 2244 spectant,
1176 2168 1241 2242 ipso
1260 2168 1423 2239 (sacrorum
1438 2180 1506 2241 rege

148 2252 307 2326 conducto,
330 2270 452 2314 manum
474 2251 615 2334 aliquam)
637 2262 716 2313 sorte
740 2251 856 2312 ductam
879 2256 1011 2313 emittere
1030 2272 1063 2309 ex
1081 2254 1129 2310 illa
1146 2256 1309 2327 continente,
1328 2270 1380 2331 per
1393 2260 1506 2311 tantum

147 2342 237 2399 maris
260 2342 392 2417 spatium
415 2344 605 2417 remigantes,
638 2358 748 2416 eosque
771 2340 895 2399 multum
924 2343 1063 2417 temporis
1086 2342 1113 2397 in
1137 2339 1229 2400 Terra
1257 2340 1374 2417 hospita
1397 2342 1506 2398 victum

145 2425 273 2487 tolerare
297 2429 456 2504 ingressos,
480 2430 587 2505 quippe
602 2426 785 2505 appellantes
807 2428 973 2505 ubicunque
995 2426 1126 2504 postulat
1147 2446 1227 2502 usne,
1252 2428 1326 2502 aliis,
1352 2436 1383 2486 ot
1398 2427 1508 2505 proba·

145 2512 214 2587 bile,
240 2512 320 2573 alios
343 2531 413 2574 usos
436 2516 566 2575 lonunis.
612 2514 671 2574 Eos
696 2530 774 2589 vero,
798 2518 847 2591 qni
871 2533 889 2574 a
911 2516 983 2574 mari
1005 2522 1167 2589 servantur,
1189 2518 1313 2592 primum
1338 2512 1456 2590 quidem
1478 2512 1508 2571 ln

146 2600 260 2661 insulas
290 2601 397 2661 obvias
428 2600 617 2675 exscendere,
649 2603 797 2661 habitatas
819 2621 838 2661 a
861 2600 998 2676 Graecis,
1030 2603 1069 2660 ibi
1094 2603 1193 2663 videre
1217 2602 1315 2664 Solem
1339 2602 1394 2661 sub
1418 2600 1508 2661 Terra

146 2706 209 2749 rese
234 2688 434 2748 occultantem
458 2707 510 2767 per
531 2691 649 2765 triginta
672 2689 734 2749 dics
757 2690 852 2748 minus
875 2707 963 2766 quam
986 2706 1045 2748 una
1068 2691 1097 2747 in
1121 2689 1252 2767 singulos
1275 2690 1346 2749 hora
1357 2682 1425 2764 ¹⁰¹).
1470 2687 1509 2745 Et

146 2776 201 2835 boc
225 2784 347 2836 nomem
370 2794 451 2850 esse,
475 2778 609 2836 tenebras
624 2775 706 2836 leves
721 2776 877 2836 habentem
901 2784 931 2836 et
946 2775 1163 2853 creprrsculares
1179 2779 1215 2837 ab
1240 2795 1346 2837 occasu
1373 2780 1400 2833 in
1419 2768 1509 2834 ortium

148 2862 373 2923 eueumductas.
403 2864 606 2924 commoratos
622 2880 693 2923 vero
715 2865 756 2922 ibi
779 2881 831 2941 per
853 2864 914 2923 dies
928 2866 1090 2941 nonaginta
1113 2873 1142 2922 et
1164 2882 1229 2924 cum
1246 2864 1356 2924 honore
1372 2871 1401 2924 et
1417 2864 1508 2923 bene·
1595 2938 1598 2943 Ι

147 2950 284 3011 volentia
306 2967 408 3011 sacros
431 2950 548 3010 habitos
572 2954 666 3010 etsie
688 2952 919 3027 cognominatos,
940 2950 1002 3028 jam
1026 2970 1044 3009 a
1066 2952 1162 3010 ventis
1186 2953 1289 3029 trajici,
1313 2968 1409 3027 neque
1432 2950 1507 3009 alios

147 3036 223 3097 ullos
245 3038 377 3098 incolere
399 3046 601 3115 praeterquam
626 3039 707 3114 ipsos
730 3054 838 3114 cosque
862 3040 912 3114 qni
935 3046 1002 3098 ante
1022 3036 1089 3096 illos
1109 3041 1189 3097 missi
1206 3047 1297 3098 erant.
1328 3038 1405 3097 Nam
1420 3037 1507 3097 licere

149 3124 268 3201 quidem
295 3123 413 3184 domum
437 3128 575 3202 navigare
599 3125 665 3198 illis,
690 3127 739 3201 qui
763 3125 899 3184 tredecim
922 3142 1016 3184 annos
1039 3133 1090 3184 aut
1105 3128 1225 3202 triginta
1240 3144 1298 3184 una
1323 3143 1387 3184 enm
1405 3126 1507 3185 ceteris

149 3212 245 3271 Deum
270 3212 433 3286 coluerint,
458 3212 565 3290 eligere
587 3229 657 3271 vero
679 3211 833 3289 plerosque
857 3230 952 3288 aequo
976 3215 1074 3272 animo
1097 3215 1137 3271 ibi
1160 3214 1310 3286 habitare,
1341 3212 1416 3272 alios
1440 3214 1506 3287 qni-

151 3299 215 3357 dem
239 3303 313 3376 quia
336 3304 536 3374 assueverint,
569 3308 681 3360 ceteros
709 3301 780 3375 quia
801 3301 864 3359 sine
886 3299 1028 3359 molestiis
1051 3307 1080 3358 et
1103 3302 1228 3376 negotiis
1256 3303 1375 3377 copiose
1397 3316 1507 3375 suppe-

149 3396 211 3445 tant
240 3389 411 3446 neceasaria
438 3385 475 3446 ad
506 3386 649 3446 sacrificia
671 3396 700 3446 et
722 3404 876 3446 consessus
905 3388 1055 3461 solennes,
1088 3390 1137 3462 qui
1162 3405 1276 3464 semper
1299 3390 1328 3444 in
1352 3386 1507 3463 colloquiis

148 3473 365 3551 philosophicis
387 3481 538 3533 versentur
552 3469 614 3550 ¹⁰²).
647 3474 719 3533 Esse
743 3476 819 3533 enim
834 3482 967 3534 naturam
984 3475 1071 3549 hujus
1095 3475 1209 3534 insulae
1224 3478 1358 3550 aerisque
1382 3477 1508 3533 circum-

148 3562 204 3620 fusi
227 3563 401 3637 temperiem
424 3560 584 3619 mirabilem
595 3556 659 3638 ¹⁰³).
704 3560 859 3621 Nonnullis
882 3565 970 3621 etiam
993 3561 1177 3621 divinitatem
1201 3580 1264 3622 esse
1287 3561 1507 3638 impedimento,

149 3667 213 3707 eom
238 3648 389 3708 discedere
413 3650 582 3724 cogitarent,
606 3665 683 3723 quae
699 3650 781 3724 ipsis,
805 3656 944 3724 tanquam
967 3648 1161 3708 familiaribus
1185 3658 1213 3709 ct
1233 3650 1333 3709 amieis
1357 3651 1427 3722 suis,
1453 3666 1508 3707 vo-

146 3733 294 3795 luntatem
317 3753 401 3794 anam
424 3735 575 3813 significet,
599 3752 658 3794 non
681 3752 732 3813 per
754 3739 868 3795 somnia
890 3743 1004 3795 tantum
1027 3753 1123 3813 neque
1145 3754 1198 3814 per
1219 3741 1321 3813 signa,
1344 3736 1395 3795 sed
1420 3738 1507 3795 etiam

147 3823 307 3883 manifeste
329 3821 455 3882 incidere
478 3822 584 3881 multos
608 3826 638 3881 in
661 3824 790 3882 visiones
813 3831 842 3882 et
865 3841 953 3882 voees
976 3825 1143 3899 geniorum3
1175 3827 1270 3900 ipsum
1304 3827 1379 3883 enirn
1403 3822 1507 3883 Satur-

148 3927 217 3970 num
243 3913 274 3969 in
300 3909 442 3986 profundo
466 3918 549 3969 antro
573 3909 740 3969 conclusum
758 3928 832 3985 esse,
856 3928 944 3986 super
959 3920 1041 3988 petra
1054 3907 1109 3988 ¹⁰⁴)
1131 3929 1203 3971 auro
1220 3911 1423 3988 resplendente
1439 3910 1507 3969 dor·

148 4001 306 4070 mientem3
339 4014 473 4056 somnum
506 3999 581 4057 enirn
611 3996 654 4055 illi
677 3996 784 4057 Jovem
815 3997 950 4074 injecisse
981 4017 1033 4075 pro
1063 3999 1196 4071 vinculo,
1227 3999 1361 4059 volucres
1384 4016 1454 4057 vero
1477 4000 1506 4054 in

149 4086 260 4145 rertice
290 4092 391 4161 petrae
422 4101 499 4157 esse,
535 4101 609 4160 quae
637 4082 810 4143 advolantes
842 4084 1028 4162 suppeditent
1060 4088 1114 4161 ipsi
1145 4087 1331 4146 ambrosiam.
1378 4085 1508 4144 lnsulam

146 4181 242 4231 totam
266 4181 448 4249 perstrepere
471 4187 589 4230 susurro
612 4170 696 4231 velut
718 4172 831 4231 aionte
854 4191 889 4230 er
913 4183 995 4249 petra
1018 4175 1144 4247 oriente3
1168 4176 1270 4246 genios
1294 4173 1360 4232 illos
1384 4174 1508 4232 circum-

148 4268 230 4320 stare
253 4266 286 4319 et
309 4260 470 4319 ministrare
495 4258 639 4333 Setumo,
663 4261 758 4318 socios
782 4259 845 4335 ejus
868 4260 960 4318 iactos
984 4259 1062 4333 olim,
1087 4259 1205 4334 quando
1229 4261 1278 4320 ille
1302 4262 1357 4319 diis
1380 4261 1508 4319 homini·

146 4348 266 4423 busque
292 4346 457 4423 imperarat,
481 4353 569 4423 atque
586 4349 667 4423 ipson
682 4345 774 4405 multa
789 4345 907 4422 quidem
922 4364 940 4405 a
954 4365 985 4406 se
1009 4350 1080 4423 ipsis
1104 4349 1279 4423 praedicere,
1304 4350 1506 4406 vaticiniorum

145 4434 303 4508 conamus,
333 4434 461 4493 maxima
491 4450 561 4493 vero
584 4442 613 4493 et
636 4432 783 4492 derebus
806 4435 939 4493 maximis
968 4442 1107 4511 tanquam
1137 4438 1251 4493 sonrnia
1274 4435 1389 4495 Saturni
1413 4450 1508 4493 cnun-

147 4526 229 4583 eiare
253 4520 476 4581 descendentes.
523 4520 669 4596 Quicquid
694 4523 769 4579 enim
793 4519 910 4597 Jupiter
932 4521 1096 4593 meditetur,
1120 4520 1148 4578 id
1173 4520 1328 4581 Saturnum
1352 4522 1506 4591 somniare,

148 4626 215 4670 esse
238 4624 315 4670 vero
337 4626 382 4681 en,
407 4624 483 4685 quae
499 4616 544 4666 est
558 4626 576 4667 e
591 4606 746 4667 Titanibus
769 4626 882 4684 passus,
906 4617 1060 4684 motusque
1081 4612 1195 4668 animae
1219 4609 1284 4669 illos
1308 4626 1396 4686 penes
1412 4610 1507 4684 ipsum

147 4698 272 4758 omnino
298 4694 380 4756 velut
401 4697 607 4770 resuscitatos,
631 4713 707 4771 quae
730 4713 849 4753 sonrnns
873 4696 928 4772 (ita
951 4704 1105 4773 temperet,
1129 4704 1161 4754 ut
1184 4701 1313 4756 animum
1336 4698 1399 4772 eJns
1422 4710 1508 4754 exor-

146 4786 231 4859 nent)
256 4792 289 4845 ct
312 4787 411 4861 regius
440 4791 530 4858 atque
562 4781 678 4841 divinus
711 4782 761 4842 ille
791 4785 880 4842 enimi
908 4791 1002 4843 status
1032 4787 1095 4860 ipse
1123 4783 1179 4841 sibi
1202 4784 1338 4845 reddatur
1366 4799 1455 4858 purus
1479 4788 1508 4840 et

146 4874 291 4935 sincerus.
335 4874 398 4932 Huc
414 4873 498 4943 igitur
516 4888 550 4928 ex
566 4870 615 4927 illa
630 4887 729 4942 magna
746 4874 901 4929 continente
920 4873 1095 4929 ultramarina
1116 4874 1205 4942 patria
1227 4890 1277 4930 sua
1301 4869 1414 4930 delatus
1435 4869 1508 4927 hos-

1260 4971 1298 5025 7*
