3308 5534
611 384 664 447 ΙΙΙ.
680 385 879 445 Astronornica.
1359 390 1427 463 277

66 569 177 631 -dici
195 574 225 629 1.
242 567 371 647 Psophl,
395 568 459 629 alo
474 601 517 614 -··
535 574 562 629 1.
579 566 683 647 Athyr,
708 573 772 628 360
788 602 830 613 -
849 574 875 632 1.
892 567 1004 628 Chelae
1019 574 1082 645 cte,
1107 572 1207 648 itaque
1222 568 1425 648 Hipparchum

64 656 249 721 observando
281 658 432 718 invenisse
454 657 613 717 solstitium
636 660 666 715 in
690 656 864 717 Calendario
888 656 1039 735 Aegyptio
1063 662 1080 717 8
1107 658 1210 719 diebus
1241 666 1310 719 aute
1333 658 1425 721 Chal-

63 746 174 807 daicam
193 748 440 805 annotationem.
483 744 566 805 Idem
597 761 668 805 vero
695 746 806 820 primus
837 750 953 818 auctor,
985 746 1070 820 signa
1100 753 1139 806 12
1163 744 1295 806 ordiendi
1324 763 1425 809 nona

65 834 151 895 stellis
177 832 325 911 cuiusque
348 832 521 908 initialibus,
544 831 598 892 sed
615 850 633 891 a
648 834 764 909 punctis
788 833 924 909 tropicis:
948 830 1113 892 Columella
1127 840 1212 894 teste.
1251 832 1425 911 Conseque-

64 924 143 983 hatur
166 922 274 998 igitur,
303 928 337 980 ut
358 919 509 999 proderet,
543 936 602 997 quo
625 927 756 996 temporo
780 918 921 980 Chaldaei
952 918 1110 979 solstitium
1137 927 1292 995 annotant,
1325 920 1424 981 Solem

63 1011 115 1087 jam
140 1014 161 1069 8
186 1010 324 1085 partibus
346 1026 366 1067 a
387 1006 481 1085 gradu
503 1007 652 1068 solstitiali
682 1009 892 1085 signorumque
920 1007 1013 1067 initio.
1060 1008 1162 1082 (Forte
1194 1008 1323 1085 respexit
1345 1009 1423 1087 Hip-

65 1096 188 1177 parchus
211 1114 299 1155 suum
332 1095 517 1155 novilunium
545 1096 710 1173 proximum
738 1092 900 1174 solstitioi)
945 1094 1012 1153 Hoc
1034 1112 1105 1156 vero
1128 1114 1195 1155 mea
1220 1097 1358 1172 opinione
1380 1100 1424 1158 sle

65 1188 248 1262 arripuerunt
270 1182 384 1243 Plinius
407 1192 435 1243 et
458 1181 632 1257 Columella,
656 1200 691 1242 ac
713 1183 739 1241 si
761 1190 901 1242 testatum
924 1180 1090 1258 reliquisset
1112 1182 1309 1261 Hipparchus,
1332 1183 1426 1244 cuai-

66 1272 151 1333 daeos
177 1274 262 1348 ipsos
284 1288 423 1345 asserere,
446 1270 575 1330 solstitia
597 1271 626 1328 in
650 1272 764 1330 oetavis
786 1270 919 1347 partibus
941 1271 1091 1345 signorum
1114 1272 1228 1331 conlici.

162 1358 252 1419 Haec
273 1375 342 1419 mea
363 1367 408 1418 est
430 1360 540 1436 opinio,
564 1357 712 1434 quomodo
735 1365 800 1418 orta
823 1358 897 1418 haec
918 1356 1119 1418 Romanorum
1140 1360 1316 1436 scriptorum
1337 1376 1422 1419 asse·

65 1448 186 1507 ceratio.
224 1445 363 1506 Secunda
385 1447 460 1505 ratio
483 1446 609 1505 sitista.
645 1444 749 1505 Posito
772 1445 852 1522 quod
875 1445 933 1521 ipsi
956 1444 1099 1505 Chaldaei
1122 1445 1159 1507 de
1183 1447 1297 1506 octavis
1319 1448 1423 1523 signo·

64 1553 122 1595 rum
143 1534 284 1613 partibus
306 1534 414 1593 luerint
428 1533 528 1606 locuti,
553 1531 708 1592 dicendum
723 1541 809 1604 essct,
834 1532 902 1592 illos
926 1532 962 1592 de
977 1549 1011 1593 eo
1027 1532 1131 1608 dicere,
1156 1533 1275 1609 quando
1295 1536 1422 1611 primum

64 1618 366 1683 animadverterentur
395 1620 581 1681 decrementa
611 1621 742 1681 umbrae.
787 1620 823 1679 Id
847 1637 917 1681 vero
946 1620 1108 1682 secuudum
1138 1623 1233 1699 magis
1264 1627 1295 1681 et
1323 1622 1420 1683 miuus

63 1722 136 1772 esset
158 1727 277 1770 verum.

162 1797 298 1857 Tertiam
320 1796 464 1855 rationem
486 1795 571 1857 allert
585 1794 784 1870 Rcinholdus;
805 1800 892 1870 putat
914 1795 1000 1869 euim,
1023 1802 1159 1857 auctores
1178 1794 1350 1856 assertionis
1372 1814 1422 1859 re·

63 1888 195 1963 :perisse
219 1884 259 1945 ad
280 1883 334 1943 illa
356 1892 504 1959 tempora,
529 1881 647 1960 quando
669 1887 763 1960 prima
784 1881 872 1943 stella
897 1882 932 1955 Υ
953 1889 1015 1942 erat
1035 1884 1202 1961 Spartihus
1228 1892 1297 1943 anto
1313 1886 1420 1961 aequi·

60 1976 201 2033 noctium.
249 1970 309 2033 Sed
332 1970 390 2030 hoc
411 1988 470 2029 non
494 1978 539 2030 est
560 1970 728 2031 verisimile.
773 1970 904 2047 Tempus
928 1971 1005 2029 enim
1028 1978 1161 2043 notatur,
1185 1970 1264 2047 quod
1287 1970 1420 2049 Hippar-

60 2060 143 2121 chum
166 2060 261 2137 longe
284 2060 452 2131 antecessit,
476 2057 593 2134 quaudo
617 2058 747 2117 rrorrdum
771 2058 959 2118 dividebatur
974 2057 1099 2117 circulus
1123 2061 1151 2117 in
1169 2064 1242 2131 360,
1266 2058 1343 2119 ultra
1357 2066 1420 2120 000

58 2166 84 2209 ι
107 2148 162 2209 Ch.
211 2146 305 2207 Affert
328 2164 365 2206 ex
389 2144 553 2206 Columella
574 2145 758 2207 Rcinholdus
780 2146 854 2205 haee
876 2146 982 2205 verba:
1005 2146 1101 2208 XVI.
1122 2146 1186 2205 Cal.
1210 2146 1288 2205 Jon.
1310 2163 1420 2207 accun-

58 2236 129 2297 dum
153 2234 393 2311 Hipparchum,
423 2232 674 2293 1X.accurtdum
698 2233 874 2295 Chaldaeos.
921 2232 955 2292 ld
978 2242 1050 2310 puto
1073 2232 1336 2294 hallucinationem
1360 2234 1421 2295 Co-

59 2322 205 2397 lumellas,
229 2325 281 2399 qui
304 2338 372 2381 eum
394 2323 480 2380 sciret
496 2320 532 2381 de
548 2321 651 2382 diebus
668 2328 704 2395 8,
728 2322 836 2399 quihus
858 2330 1040 2398 postponunt
1056 2320 1197 2382 Chaldaei
1220 2322 1417 2397 aequinoctia,

63 2414 120 2489 ipse
144 2411 359 2487 anticipaverit
381 2408 553 2469 tantundem
575 2408 739 2487 Hipparchi
762 2410 990 2485 aequinoctium,
1014 2411 1195 2483 existimans,
1219 2408 1298 2469 hune
1318 2412 1419 2487 potius

65 2516 151 2561 marc
175 2514 266 2575 quom
290 2494 471 2570 Chaldaeos,
503 2497 552 2557 vel
575 2500 762 2573 existimaus,
787 2498 1006 2573 aequinoctium
1029 2496 1165 2559 Caesaris
1188 2514 1253 2557 esse
1276 2495 1419 2557 Chaldai-

10 2616 19 2665 '·.
67 2604 131 2662 eum,
155 2604 226 2647 eum
250 2584 329 2645 e'sset
351 2584 523 2661 Hipparchi.

10 2660 13 2685 ²
157 2674 242 2733 Nota
264 2670 345 2748 quod
366 2674 397 2729 in
420 2672 558 2732 methodo
574 2673 760 2749 Aegyptiace
782 2688 841 2730 non
856 2673 1011 2731 revertitur
1034 2678 1152 2732 exortus
1175 2671 1264 2732 Canis
1285 2670 1419 2749 praecise

15 2790 20 2801 ·
70 2770 123 2837 post
145 2779 239 2820 unam
262 2760 342 2820 diem
363 2762 394 2818 in
416 2762 501 2819 aunis
525 2768 558 2833 4,
589 2760 641 2821 sed
663 2759 754 2837 paulo
778 2760 886 2829 serius,
917 2761 994 2818 sicut
1024 2760 1152 2819 solstitia
1174 2762 1264 2837 prius.
1311 2758 1418 2836 ltaque

72 2866 100 2908 cr
116 2851 340 2926 comparatione
367 2850 518 2923 utriusque
547 2849 590 2907 rei
619 2846 742 2907 celerius
772 2846 1014 2906 animadvertitur
1044 2849 1173 2907 brevitas
1201 2847 1272 2909 anni
1301 2848 1417 2925 tropici,

19 2980 22 2985 -
74 2932 215 3015 longitudo
239 2934 357 2996 siderei.
402 2932 516 2994 Oseitat
537 2935 586 2995 hic
610 2934 732 2995 Clarius
754 2938 784 2994 in
807 2934 1020 2995 Emendatione
1045 2934 1222 2997 Calendarii.

160 3022 312 3085 Calendas
344 3024 488 3083 mensium
518 3021 589 3083 aJ.
614 3022 740 3083 Caesare
769 3028 842 3099 puto
873 3022 1110 3083 accommodatas
1140 3022 1234 3084 luisse
1263 3023 1418 3083 momentis

79 3115 192 3189 tropicis,
225 3112 265 3171 ab
288 3110 414 3171 Eudoxo
437 3110 485 3171 vel
509 3109 568 3170 alio
592 3109 693 3186 aliquo
717 3111 754 3169 ab
779 3107 989 3188 Olympiadum
1012 3113 1097 3169 initio
1121 3112 1279 3174 arcessitis.
1324 3110 1418 3187 Igitur

80 3216 176 3274 remur,
207 3198 289 3277 quod
312 3201 406 3276 pergit
429 3197 573 3257 affirmare
595 3196 741 3274 Scaliger:
764 3202 846 3257 Initio
866 3204 938 3257 enim
956 3203 1148 3274 olympiadum
1166 3203 1314 3259 solstitium
1332 3217 1417 3273 appa·

80 3304 123 3347 :ers
138 3292 189 3347 luit
208 3290 332 3347 calendis
351 3287 473 3357 quintilis
490 3288 602 3343 Juliani.
636 3284 703 3345 Hoc
733 3287 810 3345 enim
833 3304 869 3345 ex
891 3286 1047 3349 Prutenieo
1079 3296 1217 3366 computo
1249 3286 1416 3347 desumtum

82 3383 117 3447 ot,
137 3377 209 3452 quia
232 3382 263 3433 et
284 3390 356 3433 usus
378 3370 491 3432 ‚Iuliani
516 3380 545 3431 et
567 3374 736 3449 apparentis
759 3390 778 3432 a
799 3372 896 3434 medio
920 3374 1047 3435 solstitio
1078 3375 1232 3436 discrimen
1254 3393 1313 3435 non
1335 3374 1417 3435 alibi.

162 3464 279 3539 Pergit:
302 3464 478 3520 h'ovilunium
491 3463 664 3535 Olympicum
677 3463 755 3520 civile
767 3472 856 3533 nocte,
876 3481 946 3534 quae
964 3473 1060 3523 securta
1072 3474 1115 3522 est
1127 3476 1250 3521 octavam
1263 3468 1335 3521 diem
1347 3465 1418 3533 ejus·

82 3548 250 3609 hamensis.
291 3548 422 3607 Primum
445 3555 603 3623 quaeratur
624 3547 810 3607 novilunium
832 3549 961 3609 medium
992 3550 1072 3609 illius
1102 3552 1171 3610 anni
1195 3568 1231 3609 ex
1254 3551 1418 3610 Prutenieis

10 3628 23 3709 ξ
81 3636 130 3695 lhit
151 3636 180 3697 d.
204 3642 235 3697 8.
258 3634 334 3696 Julii
356 3635 385 3693 h.
411 3640 460 3695 21.
485 3653 504 3694 a
527 3635 624 3694 media
646 3642 755 3711 noete).
801 3636 877 3696 Nam
910 3636 980 3713 quid
1008 3637 1046 3698 ad
1077 3656 1123 3699 me
1152 3636 1290 3715 periodus
1322 3636 1417 3696 civilis

10 3714 20 3784 ἶ
81 3720 215 3803 olympica
239 3740 275 3783 cx
307 3723 482 3799 eouJacturis
504 3721 647 3800 Scaligeri
675 3723 824 3784 formata?
862 3724 1028 3802 Buntingus
1060 3725 1177 3804 quidem
1204 3730 1231 3786 1.
1255 3726 1417 3786 Hecatom·

10 3818 15 3915 Ι
81 3810 180 3875 loconis
204 3814 249 3891 (9.
272 3810 351 3887 Jull
374 3810 481 3888 prodit.

160 3900 279 3977 Pergit:
304 3904 342 3958 Et
354 3902 419 3971 quia
431 3901 527 3959 dicbum
539 3902 714 3971 annisssinguli
727 3901 826 3971 gradm
839 3903 897 3958 iere
909 3904 1084 3973 imputantur,
1097 3909 1245 3972 propterca
1257 3903 1283 3958 in
1293 3904 1319 3958 S.
1329 3900 1416 3970 gradu

77 3988 154 4047 tucri
172 3996 272 4047 exacto
297 3988 466 4043 novilunium
484 3988 544 4045 luit.
580 3986 665 4045 Esset
689 3988 778 4063 igitur
800 3993 906 4062 quarta
928 3990 1012 4060 ratio,
1037 4004 1088 4046 eur
1109 3986 1236 4047 solstitia
1259 3990 1289 4045 in
1303 3986 1417 4047 octavis

72 4078 189 4151 partibus
212 4076 376 4152 signorum,
401 4075 486 4149 quasi
508 4073 693 4133 novilunium
715 4091 768 4151 pro
792 4076 919 4135 solstitio
936 4082 1127 4151 usurpassent
1150 4077 1179 4132 in
1202 4076 1297 4151 prima
1313 4073 1418 4153 Olym·

72 4164 159 4239 piade3
189 4162 280 4238 quale
309 4160 379 4238 quid
404 4159 539 4237 equidem
561 4161 734 4221 Ptolemaeo
765 4161 906 4222 accidisse
929 4162 1045 4223 videtur
1074 4162 1276 4239 Hipparchum
1299 4162 1419 4240 legenti.

70 4250 97 4311 n
115 4252 273 4311 manifeste
296 4248 429 4325 Scaliger
450 4249 526 4307 hane
556 4266 675 4309 eausam
697 4248 815 4328 allegat,
838 4254 927 4311 initio
950 4254 1031 4309 enim
1054 4251 1198 4325 iuquiens.
1230 4250 1304 4309 Mihi
1328 4267 1419 4311 eausa

69 4352 104 4399 est
123 4342 246 4399 minime
269 4336 438 4397 verisimilis
468 4354 537 4414 prae
561 4337 612 4397 illa
634 4339 737 4415 prima.
783 4338 854 4415 (Sed
878 4340 1030 4399 considera
1058 4336 1184 4414 amplius
1207 4337 1343 4416 periodos
1369 4343 1417 4413 19,

69 4432 110 4504 rs,
132 4428 225 4504 aas.)

163 4512 280 4591 Quodsi
302 4512 488 4572 novilunium
503 4518 533 4576 8.
548 4510 633 4590 Julii,
656 4512 769 4591 reliqua
792 4516 879 4591 igitur
898 4521 947 4575 10.
962 4513 1044 4589 Maji,
1072 4518 1121 4573 12.
1137 4510 1246 4588 Martii,
1272 4518 1321 4573 1‘2.
1336 4511 1416 4584 dan,

64 4620 136 4663 mno
159 4602 300 4679 sequenti
322 4604 352 4659 in
379 4606 406 4661 1.
430 4597 500 4661 Jan.
546 4600 639 4677 Quasi
662 4620 755 4663 annus
783 4602 887 4663 ludicri
910 4620 969 4663 non
997 4603 1112 4661 initium
1136 4610 1213 4662 esset
1236 4600 1417 4678 quadriennii

62 4688 103 4771 (ut
123 4695 156 4749 in
179 4690 410 4763 numeratione),
435 4688 487 4749 sed
509 4691 539 4747 in
561 4688 628 4749 line.

164 4778 283 4855 Pergit:
306 4779 379 4835 Hinc
397 4786 494 4850 postea
512 4780 685 4837 observatum
705 4790 754 4853 est,
774 4789 804 4838 ut
820 4780 988 4837 novilunium
1000 4780 1167 4852 Olympicum
1185 4795 1324 4851 nunquam
1341 4782 1416 4832 ante·

61 4878 181 4931 :auset
197 4868 227 4928 8.
241 4868 311 4925 dem
323 4866 447 4942 quintilis
459 4868 572 4927 Juliaui.
591 4866 660 4929 Duo
678 4866 832 4945 probanda
847 4874 929 4927 sunt:
952 4884 999 4928 res
1014 4873 1044 4927 et
1059 4880 1149 4927 eausa
1163 4867 1214 4929 roi.
1252 4864 1299 4925 Do
1314 4878 1345 4922 re
1358 4860 1416 4921 sic:
