3308 5534
249 401 336 471 1028
631 462 636 469 ,
779 400 842 457 vra
858 400 976 502 samus
992 401 1113 473 nepus.
1195 430 1200 437 -

247 591 278 644 ot
299 582 404 643 stellae
425 587 556 642 errantes
577 587 718 659 perpetuo
740 598 795 641 suo
819 585 1025 660 constantique
1048 599 1134 643 cursu
1163 584 1244 643 omni
1266 581 1441 660 posteritati
1464 582 1599 640 omninn-

247 688 305 749 que
327 671 493 732 seculorum
517 671 673 730 memoriae
696 667 851 745 prodent.“

350 758 384 817 In
408 765 537 818 extremo
560 774 648 834 opere
671 762 771 817 nostro
793 759 888 817 satius
911 755 1048 815 duximus
1071 756 1195 816 aliorum
1218 756 1255 817 de
1271 757 1409 833 Keplero
1433 756 1537 816 reterre
1555 757 1600 830 ju·

246 844 333 918 dicia,
357 863 446 922 quam
469 843 548 920 qnod
571 861 606 904 ex
628 844 675 903 his
697 846 769 922 ipsis
791 848 846 903 viri
869 844 1007 922 operibus
1030 845 1147 903 anobis
1171 843 1258 904 editis
1284 845 1522 905 redundaturum
1548 858 1599 903 arar

245 934 302 1012 ipsi
331 931 512 993 concludere.
560 931 695 1009 Amplius
724 933 801 992 enim
831 934 952 1008 triginta
979 948 1124 1009 annorum
1152 949 1273 1010 operam
1304 942 1337 992 et
1356 933 1494 991 laborem
1524 935 1551 989 in
1571 949 1599 990 aa

246 1023 470 1093 consumsimus,
495 1026 528 1078 nt
550 1035 595 1094 ea,
620 1035 697 1094 qnae
720 1036 808 1096 opere
829 1034 907 1079 nunc
929 1018 967 1079 ad
990 1018 1078 1079 finem
1100 1018 1243 1096 perducto
1261 1023 1467 1092 continentur,
1491 1019 1600 1093 collige·

245 1125 342 1167 remus
366 1115 395 1167 et
417 1105 563 1181 quendam
580 1109 616 1164 in
640 1105 769 1166 ordinem
792 1107 999 1184 redigeremus.
1046 1105 1124 1182 Quid
1147 1109 1253 1165 mirum
1277 1110 1385 1182 igitur,
1410 1110 1436 1165 si
1461 1107 1600 1165 dubitari-

245 1213 309 1253 mus
333 1198 507 1254 sentnotinm
531 1194 605 1252 ierne
629 1192 665 1253 de
689 1211 724 1252 eo
748 1197 821 1267 viro,
845 1197 896 1271 qui
918 1202 964 1254 tot
985 1211 1038 1271 per
1060 1210 1154 1253 annos
1178 1198 1320 1254 continuo
1340 1197 1443 1254 animo
1460 1194 1600 1268 oculisque

245 1283 353 1341 nostris
375 1285 413 1339 ait
436 1280 635 1340 obversatus?
664 1280 786 1341 Poterat
809 1284 886 1340 enim
909 1280 980 1352 lieri¹
1004 1291 1038 1340 nt
1061 1279 1182 1359 Kepleri
1205 1298 1331 1359 operum
1356 1281 1455 1342 editor
1479 1281 1601 1356 idemque

244 1372 385 1446 interpres
406 1386 465 1427 non
490 1367 637 1426 rideretur
659 1369 685 1426 is
708 1386 783 1443 esse,
808 1369 893 1446 cujus
915 1371 1113 1446 incorruptum
1125 1370 1339 1449 ⁴integrumque
1356 1377 1439 1428 esset
1458 1369 1599 1443 judicium.

245 1455 326 1532 Quas
349 1457 530 1533 suspiciones
547 1464 579 1513 ut
594 1456 782 1527 evitaremus,
805 1456 963 1517 maluimus
979 1455 1054 1516 alios
1076 1463 1178 1515 nostro
1192 1459 1312 1516 nomina
1329 1457 1433 1516 iacere
1449 1455 1599 1532 loquentes

303 1602 306 1609 ,
346 1542 460 1615 Restat,
485 1553 516 1601 ot
539 1541 619 1601 nulla
642 1541 702 1601 alia
725 1561 755 1602 re
776 1545 834 1602 nisi
857 1543 1052 1604 admiratione
1073 1546 1181 1605 summi
1203 1547 1260 1602 viri
1284 1543 1325 1602 ad
1341 1542 1599 1621 suscipiendum«

145 1662 150 1675 ‹
243 1628 450 1709 perficiendum
479 1647 553 1707 opus
581 1628 704 1689 arduum
736 1631 878 1709 impulsos
901 1649 956 1692 uos
985 1648 1051 1691 esse
1073 1631 1272 1707 profiteamur.
1320 1632 1500 1708 Accipiatnr
1524 1633 1598 1706 igitar

242 1724 276 1777 ut
299 1717 416 1777 debitae
441 1719 504 1776 viro
527 1719 726 1776 venerationis
747 1721 865 1794 signnm
887 1728 918 1781 at
940 1720 1155 1792 testimonium,
1180 1736 1334 1795 qurrmque
1360 1723 1388 1778 ei
1412 1719 1522 1778 abhinc
1542 1732 1597 1776 oeta

135 1831 140 1844 ·
243 1821 358 1864 menses
380 1805 408 1860 in
433 1803 573 1882 oppidulo
597 1805 689 1864 natali
714 1805 860 1866 collocata
883 1805 921 1866 sit
942 1814 1042 1866 statua
1065 1823 1168 1878 aerea,
1201 1806 1358 1866 literarum
1392 1805 1453 1866 boc
1481 1816 1596 1864 nocuo·

242 1900 462 1958 monumentum
484 1909 521 1951 ue
544 1892 596 1950 illo
621 1890 756 1952 videatur
778 1893 930 1970 indignius
951 1911 1016 1953 esse
1040 1910 1218 1970 magnopere
1243 1903 1397 1972 optamus.

345 2049 449 2108 Mense
472 2049 633 2109 Februario
655 2047 912 2110 Moccccxxl.

1234 2203 1298 2284 Dr.
1333 2204 1504 2288 Friscll.
