3308 5534
150 358 215 431 856
677 354 741 411 Vite
757 350 875 410 ioannis
892 349 1016 424 Kepieri.

149 538 321 603 monitionis
343 553 434 600 eausa
457 534 538 610 dieo,
570 540 603 596 at
624 536 702 595 idem
725 535 878 611 contingat
900 530 1146 611 wirtembergiae
1177 539 1211 593 et
1233 531 1407 609 suenus,
1434 534 1498 613 aaut

150 645 244 708 nuper
265 625 448 686 Palatinatni
470 624 630 700 Neoburgi,
654 621 734 699 quod
756 620 918 694 Marchiae,
941 617 1023 697 quod
1046 617 1155 680 dudum
1180 628 1213 681 et
1227 620 1500 684 Palatiuatnilllae·

117 752 121 758 ·
150 714 237 778 torall
261 715 424 789 ceterisque
448 711 596 772 ecclesiis:
627 717 697 771 tune
718 710 839 772 afflictio
863 707 946 768 daret
968 706 1055 767 vobis
1076 707 1265 769 intellectum
1290 709 1446 769 multarum
1462 728 1501 771 re·

149 821 229 878 rum,
261 817 339 880 quae
361 794 443 860 nnnc
462 806 532 858 eunt
553 797 745 859 absconditae
761 797 816 869 ‚ab
839 794 932 857 oculis
952 794 1117 871 juventutis
1139 804 1281 872 resuee,
1305 800 1338 856 in
1360 800 1501 859 manmena

149 889 371 953 accrescentis.
416 887 501 946 'l'une
528 885 677 946 audiretur
706 885 757 945 ille
786 884 829 945 ll.
852 883 1017 955 Antonine,
1046 881 1206 958 divinitus,
1237 893 1274 945 ut
1297 884 1373 946 milri
1395 884 1501 956 ridebas,

148 979 337 1050 summissus,
369 981 402 1034 ut
423 976 463 1033 sit
485 973 694 1035 inexcusabilis
717 971 877 1033 Germania
911 980 978 1049 poet
1004 969 1081 1029 hanc
1109 972 1331 1033 visitationem.
1376 971 1501 1035 Satbdr

148 1064 207 1126 hec
236 1063 404 1137 harmonia,
437 1063 466 1120 in
501 1079 561 1139 qua
592 1062 665 1121 mihi
696 1060 772 1121 laico
800 1057 871 1119 solie
908 1058 1042 1136 precihus
1076 1057 1163 1118 rideo
1205 1056 1421 1123 inherendum.
1465 1060 1501 1120 lle

152 1152 316 1214 Harmonia
338 1150 536 1211 astronomica
559 1147 632 1207 nibil
655 1149 770 1220 scribo,
800 1146 857 1206 ulei
882 1143 961 1222 quod
985 1144 1102 1206 titulum
1124 1145 1174 1206 hic
1205 1146 1277 1207 libri
1302 1149 1401 1225 quinti
1420 1150 1499 1209 mino:

151 1242 182 1300 ln
205 1239 284 1301 huuc
307 1239 385 1298 euim
407 1254 494 1296 usum
517 1235 633 1313 aliquos
656 1236 712 1296 ieci
734 1232 915 1313 superfluos,
944 1238 977 1291 ut
1007 1231 1113 1292 librum
1137 1241 1243 1295 notum
1274 1234 1406 1297 lacerem
1425 1234 1501 1315 pimi-

152 1343 278 1402 mosque
301 1323 339 1385 ad
364 1324 428 1400 eJus
451 1322 607 1383 lectionem
630 1325 796 1383 invitarem.
832 1320 918 1397 Rogo
941 1320 1040 1396 igitur,
1064 1318 1116 1380 des
1138 1320 1329 1401 exemplaria
1351 1322 1502 1401 bibliopola

149 1415 257 1477 restris
280 1411 428 1489 alliganda
461 1413 488 1469 ln
513 1409 678 1490 propatulo.
727 1408 773 1470 Da
796 1409 843 1469 his
872 1406 988 1467 duabus
1017 1407 1177 1468 harmoniis
1202 1417 1236 1468 ut
1258 1408 1305 1471 R.
1323 1409 1393 1471 Tua
1411 1408 1448 1471 ad
1464 1429 1501 1473 ιε

148 1502 267 1574 scribat,
289 1516 348 1559 non
372 1499 528 1559 ambitiose
544 1500 747 1576 importunare
762 1494 951 1569 contendam
975 1497 1130 1572 requiesco
1154 1497 1185 1554 iu
1202 1495 1408 1569 distinetione,
1428 1514 1499 1575 qa·

148 1588 187 1649 R.
209 1589 276 1647 Tua
296 1586 368 1647 iecit
389 1589 465 1646 inter
486 1603 533 1645 me
556 1583 795 1645 mathematicum
811 1590 841 1643 et
856 1600 903 1643 me
926 1581 1105 1659 theologum,
1128 1600 1185 1644 nee
1207 1584 1291 1645 hune
1315 1585 1499 1646 titulumaih
1533 1616 1537 1639 .

149 1675 278 1748 vindico,
301 1691 356 1735 nec
378 1679 412 1735 ut
432 1672 471 1734 ad
493 1674 685 1752 praemissam
708 1674 895 1733 inamoenum
916 1669 1059 1750 epistolae
1074 1678 1187 1749 partem
1210 1672 1405 1751 respoudeat,
1424 1690 1498 1751 arpeo

169 1761 336 1827 aduectus.

148 1781 167 1842 p
255 1849 396 1928 Superest
416 1863 488 1909 vero
512 1847 598 1907 tertia
626 1863 694 1906 mea
715 1844 880 1907 Harmonia
902 1842 1147 1923 Evangeliorum,
1180 1863 1274 1922 quam
1298 1846 1338 1907 R.
1359 1846 1396 1908 Τ.
1417 1864 1496 1909 eoraa

149 1935 265 1999 ostendi
288 1933 576 2017 persolvendamque
607 1932 690 2008 dedi,
720 1932 853 1995 recensui
883 1933 972 1993 etiam
994 1940 1144 2005 oretenus,
1176 1933 1251 2010 quid
1276 1924 1308 1993 in
1333 1953 1371 1997 ea
1391 1938 1495 2013 praesti
1535 1962 1537 1989 ÷

149 2027 244 2087 terim.
290 2022 337 2085 De
360 2040 397 2084 ea
418 2022 561 2099 significo,
585 2020 678 2081 rideri
701 2021 772 2081 mihi
795 2036 886 2099 penas
900 2017 937 2082 R.
953 2018 989 2080 Τ.
1005 2021 1091 2079 eitum
1114 2037 1192 2096 esee,
1215 2029 1249 2082 ut
1274 2020 1329 2083 ills
1348 2022 1397 2083 hic
1411 2022 1494 2091 ena

149 2111 329 2193 pedetentim
352 2109 578 2172 succedentibus
607 2109 704 2187 operis
728 2107 905 2187 typographi
927 2110 1034 2181 nostri,
1064 2124 1124 2169 nou
1146 2109 1223 2168 satie
1245 2108 1350 2171 adbuc
1371 2111 1493 2183 insuam

148 2202 244 2279 possit
266 2198 381 2259 excudi.
427 2198 480 2256 Est
501 2196 635 2256 Viennae
660 2196 795 2256 austriae
818 2202 920 2263 coetus
950 2211 1139 2271 numerosus,
1170 2203 1251 2257 esset
1280 2199 1355 2276 ipsis
1376 2196 1493 2259 tadu·

149 2287 329 2350 oouhtbutio
351 2284 390 2347 ad
412 2285 479 2344 libri
503 2282 665 2345 excudendi
688 2290 803 2343 sumtus
826 2299 920 2358 eaque
936 2299 956 2341 a
970 2299 1016 2342 me
1039 2299 1097 2343 uon
1120 2285 1233 2360 petitm
1255 2283 1348 2364 plane
1370 2286 1492 2363 gruaim

149 2375 221 2453 quin
242 2375 357 2453 potins,
387 2374 458 2449 quia
479 2369 690 2431 bibliothecam
719 2369 764 2430 illi
790 2367 893 2450 procul
914 2368 1004 2429 dublo
1027 2369 1185 2447 eolligunt,
1216 2375 1316 2433 omnia
1343 2389 1493 2451 mpraeraa·

150 2468 215 2523 tate
237 2463 363 2540 pecunie
384 2458 586 2521 retunderetur
608 2459 680 2537 ipsis
704 2460 733 2515 in
756 2456 839 2517 libris
862 2458 1007 2535 expetitis,
1030 2456 1119 2533 idque
1142 2460 1239 2537 pretio
1263 2459 1491 2525 Praneoturlaao.

150 2548 238 2611 &set
261 2550 428 2628 ipsi-etiam
445 2548 542 2607 coetui
563 2543 725 2606 honorifica
738 2545 883 2623 promotlo
905 2542 994 2621 hujus
1018 2546 1130 2620 operis,
1154 2545 1304 2609 ecclesiae
1327 2548 1492 2625 evangelicae

151 2635 334 2699 Harmoniae
357 2634 596 2711 Evangeliorum.
641 2632 688 2694 De
715 2632 826 2693 haere
848 2648 915 2692 cum
944 2648 1037 2710 nuper
1064 2648 1159 2691 essem
1185 2631 1309 2695 locutns
1332 2634 1491 2700 1).atrtoe·

149 2741 220 2803 gero
235 2724 352 2784 Pastori
368 2724 398 2782 in
412 2721 553 2782 Hermaia
573 2727 651 2796 (aree
668 2723 814 2795 Joergeri),
838 2719 952 2779 caueuit
966 2716 1001 2778 lh
1019 2718 1101 2780 'l'uaa
1117 2722 1407 2785 commendationem
1420 2722 1492 2803 plui·

150 2830 231 2873 mum
256 2810 422 2871 valituram.
467 2810 573 2885 Itaque
594 2809 620 2867 si
642 2825 702 2867 nou
726 2809 887 2869 contemnis
918 2806 1081 2886 exemplum
1103 2807 1250 2870 eeclesiae
1281 2812 1407 2887 veteris,
1433 2827 1492 2885 esar

149 2899 227 2961 alius
248 2899 391 2959 haeretici
421 2898 546 2973 gnoetIci
569 2896 795 2956 Monotesearon
823 2898 851 2953 in
874 2893 976 2955 crebro
1005 2912 1060 2954 usu
1083 2894 1206 2969 hahuit,
1236 2908 1272 2956 ut
1296 2898 1397 2961 videre
1417 2900 1492 2959 ast'a

149 2985 316 3048 Harmonia
338 2985 376 3045 D.
400 2983 571 3058 Chemnitii,
606 2995 636 3045 et
658 2985 683 3042 ei
706 2981 760 3043 tibi
783 2982 840 3042 hae
863 2998 1016 3059 caprarum
1044 2981 1136 3059 peiles
1165 2981 1297 3045 idoneae
1322 2980 1493 3047 videaturad

113 3064 120 3077 ’
151 3083 287 3137 ornatum
310 3073 484 3133 exteriorem
506 3070 705 3131 Tabemecuil
726 3067 801 3131 Dei:
831 3067 994 3149 gratificare
1017 3072 1139 3130 obsecro
1170 3069 1332 3133 laboribus
1355 3076 1424 3136 mele
1443 3070 1494 3131 daa-

151 3163 223 3224 tinia
246 3159 461 3240 epistolamque
484 3158 522 3219 ad
545 3167 687 3232 rectores,
717 3165 842 3231 tutores,
871 3158 1033 3231 antistites,
1063 3164 1230 3233 curatores,
1266 3160 1495 3241 eleemosynarios

100 3323 104 3330 ‚
151 3248 294 3312 eeclesiae
318 3246 507 3324 evangelicae
530 3248 559 3304 iu
583 3244 724 3306 Herrnals
747 3252 901 3320 totumque
930 3244 1005 3305 adeo
1034 3262 1139 3322 corpus
1161 3246 1231 3323 ejus
1260 3250 1378 3325 scribe,
1405 3250 1495 3325 lew

150 3336 310 3415 protessus,
334 3343 363 3396 te
386 3353 405 3394 a
426 3352 473 3394 me
495 3343 631 3411 rogatum
655 3350 719 3393 esee
741 3334 917 3394 sententiam
939 3332 1073 3404 liberam,
1095 3350 1297 3411 quaecuuque
1314 3338 1370 3398 tibi
1391 3336 1495 3409 dett·-

151 3440 256 3503 porum
279 3422 471 3498 locorumque
493 3422 719 3481 circumstantiis
742 3418 948 3481 mathematica
971 3429 1000 3480 et
1022 3419 1161 3481 lrietoriea
1184 3439 1257 3483 cura
1282 3422 1494 3505 (quianam-

150 3528 208 3588 epo
231 3517 490 3573 commentatorem
512 3508 699 3584 theologum)
729 3510 882 3585 exquisitis
904 3505 1096 3581 videbuntur,
1121 3507 1280 3586 deprome,
1305 3513 1409 3573 addita
1424 3512 1494 3573 εἴ·

151 3600 298 3672 cautione,
321 3615 359 3659 ue
382 3596 561 3673 adjungatur
584 3595 784 3672 epistolatus
807 3596 897 3672 operi,
921 3602 1040 3672 propter
1062 3602 1158 3655 certos
1180 3608 1359 3675 respectum
1380 3608 1494 3678 praeta·

151 3684 220 3747 dere
243 3687 320 3746 enim
342 3693 437 3762 potes,
462 3683 541 3761 qrrod
565 3691 609 3742 eet
631 3684 825 3754 verissimum,
848 3684 891 3743 sic
912 3681 1003 3742 latius
1017 3700 1151 3759 sparsum
1176 3687 1212 3742 iri
1228 3687 1494 3765 exemplarisat'aa

149 3773 226 3834 luter
247 3771 415 3850 pontificios
438 3779 467 3831 et
489 3774 519 3829 in
541 3772 648 3831 exteris
671 3769 857 3846 regionibus3
887 3777 919 3829 st
940 3786 1038 3829 meum
1068 3769 1117 3829 hic
1138 3774 1342 3849 praecipuum
1365 3772 1493 3837 eomu-

147 3860 205 3921 hoe
228 3866 281 3933 eet,
305 3877 342 3922 ne
364 3859 400 3920 R.
425 3859 461 3919 Τ.
485 3858 561 3918 mala
584 3856 687 3919 audiat
702 3876 721 3917 a
737 3856 858 3932 collegis
880 3858 942 3916 suia
965 3859 994 3916 in
1018 3856 1150 3918 ecclesiis
1172 3863 1393 3937 superioribus,
1411 3865 1435 3923 ai
1450 3860 1494 3921 ho·

148 3950 236 4008 minis
250 3949 379 4024 suspecti
396 3949 424 4004 in
440 3946 592 4019 religione,
617 3943 714 4023 qualis
736 3962 801 4004 sum
823 3943 1005 4023 prohdolor,
1029 3962 1103 4021 opus
1119 3948 1391 4013 commendarent.
1423 3944 1492 4027 «ψ

149 4036 230 4110 ipsos
252 4035 436 4097 Viennenses
458 4033 532 4093 nihil
555 4033 615 4093 tale
638 4031 825 4093 metuendum
848 4039 902 4103 ast,
924 4031 1027 4093 lavent
1042 4034 1118 4092 euim
1141 4034 1228 4107 mihi,
1252 4039 1308 4113 qui
1332 4056 1380 4099 me
1399 4046 1492 4099 aaa!

149 4119 306 4182 Paradoaa
336 4139 413 4197 quae
442 4123 542 4181 ineunt
570 4119 792 4195 chronologica,
823 4136 860 4180 ea
886 4126 955 4179 sunt
976 4119 1051 4180 haec
1072 4120 1147 4193 lere,
1176 4125 1205 4181 si
1235 4122 1316 4184 lorts
1342 4125 1443 4185 obtata
1459 4138 1491 4183 ea

148 4207 264 4268 Namiis
292 4208 401 4269 Christi
432 4210 634 4286 quinquennio
665 4209 807 4267 maturior
838 4224 908 4269 aera
938 4217 1047 4268 nostra.
1097 4207 1219 4271 Pascha
1249 4212 1422 4289 passionale
1447 4224 1491 4269 aar

150 4300 180 4356 8.
206 4293 318 4373 Aprilis
340 4295 392 4355 sed
416 4301 467 4357 25.
491 4295 607 4369 Martii,
640 4295 758 4356 biennio
790 4302 859 4377 ente
890 4311 979 4371 quam
1009 4294 1098 4355 hodie
1120 4307 1352 4375 computamus,
1374 4318 1412 4362 ec
1430 4310 1491 4359 ana

151 4397 239 4442 uerae
262 4381 423 4444 hodiernae
446 4388 497 4443 31.
523 4382 718 4443 Ministerium
742 4381 850 4443 Christi
872 4382 1033 4442 seeundum
1056 4383 1260 4461 Epiphaniam
1292 4391 1364 4447 auul
1386 4380 1490 4449 aab!

150 4483 217 4527 cum
240 4467 404 4544 quadrante
437 4476 489 4529 aut
512 4487 577 4530 cum
599 4472 733 4531 semestri
756 4472 797 4545 (sl
819 4471 983 4547 baptismus
1006 4469 1114 4529 Christi
1138 4474 1168 4530 iu
1193 4484 1345 4535 autumno
1371 4474 1489 4547 sedisfl·

148 4553 217 4631 set),
254 4554 327 4615 Post
341 4554 527 4618 traditionem
543 4556 679 4631 Joannis,
702 4560 773 4619 item
795 4565 863 4637 post
884 4559 1106 4634 inquisitionem
1129 4558 1486 4641 sJerosotymuutesra

149 4642 179 4699 lu
201 4641 366 4718 Baptistam
389 4653 419 4703 et
440 4647 483 4704 sic
502 4654 570 4721 poet
592 4647 692 4722 lugam
707 4644 844 4719 Joanuls,
868 4663 929 4723 qua
950 4663 982 4706 ee
999 4644 1166 4706 aJordane
1190 4647 1339 4711 subduxit
1360 4652 1389 4709 ia
1407 4647 1485 4707 aaa

149 4731 212 4786 tum
233 4728 333 4803 Euan,
363 4748 399 4790 ex
422 4730 532 4792 ditione
554 4732 682 4794 Herodis
706 4732 812 4812 Vulpis
835 4736 865 4793 in
888 4732 1029 4795 ditionem
1052 4733 1201 4813 Philippi,
1225 4754 1322 4799 uxore
1343 4727 1484 4798 nard*

149 4813 270 4893 spoliati
291 4833 312 4878 a
332 4815 437 4896 tratre,
459 4827 529 4900 poet
549 4820 628 4889 haue
649 4824 770 4900 inquam
791 4820 1005 4904 proditionem,
1027 4830 1098 4905 post
1120 4822 1249 4887 iusidias
1269 4823 1383 4889 Joaaat
1399 4819 1482 4899 ῌ·
