3308 5534
678 432 681 437 .
732 448 735 453 ⁴
793 385 874 445 itai.
1447 387 1505 458 88(

152 562 230 615 mee
245 558 407 629 indigitaase
424 575 487 629 eos,
512 560 559 630 qui
576 560 621 615 Jo.
640 560 734 617 Amdo
753 560 913 620 adhaerent.
948 561 1013 618 Non
1030 575 1079 617 eos
1096 561 1206 632 putari,
1231 560 1280 618 sed
1296 560 1468 631 Nageliauoi
1486 567 1517 619 et

152 648 240 717 tales,
259 638 375 717 quorum
392 649 519 718 pagellae
536 655 578 704 tot
596 665 683 705 annos
707 648 824 705 subinde
842 665 928 705 norae
946 649 997 704 sub
1016 647 1125 705 nomine
1144 648 1251 705 irenaei
1268 647 1386 718 Agnosti
1402 652 1432 705 et
1449 647 1516 704 alio·

151 750 230 803 rum,
250 735 297 804 qui
319 751 351 790 se
367 736 583 791 Rosecrucienos
601 736 811 808 appellitsrunt,
836 737 1108 805 circumferebantur,
1127 736 1226 806 quibus
1248 735 1398 802 edebatur,
1418 733 1516 793 adesse

147 822 209 889 jam
227 821 365 888 seculum,
390 840 444 891 quo
464 824 611 879 Christiani
637 825 736 892 integri
753 825 833 879 vitae·
844 822 1033 893 scelerumque
1057 824 1119 894 puri
1136 840 1171 879 ac
1188 840 1218 879 re
1235 822 1297 894 ipsa
1316 822 1377 892 jani
1399 819 1517 893 perfecti

151 910 210 965 sint
228 910 335 965 victuri.
370 912 413 966 De
431 918 523 966 cetero
541 912 624 981 plane
643 922 734 969 tecum
753 929 813 970 suin
831 930 882 970 nec
900 912 1067 982 theologiam
1084 914 1113 970 in
1126 914 1217 969 verbis
1235 921 1264 969 et
1281 911 1516 983 altercationibus,

151 995 203 1051 sed
221 996 250 1050 in
268 997 459 1052 informatione
478 999 513 1052 ad
532 998 679 1054 christiane
699 1001 841 1057 vivendum
861 1017 958 1057 censeo
977 1002 1105 1071 positam.

260 1083 371 1138 Gratias
393 1085 500 1139 iuterim
524 1102 575 1154 ago
599 1104 651 1157 pro
676 1088 846 1151 calendario.
887 1090 950 1144 Nou
975 1090 1101 1156 equidem
1124 1105 1236 1146 eausam
1259 1089 1367 1143 invenio
1390 1086 1515 1144 Vulcano

150 1173 274 1243 dquam.
292 1176 375 1230 Forte
393 1175 566 1231 offenderunt
589 1178 637 1233 illa
653 1178 736 1234 verbi
753 1196 817 1248 pag.
834 1179 941 1249 penult.
959 1181 1009 1236 mit
1027 1180 1087 1235 dem
1106 1177 1213 1248 Zwmrq
1230 1192 1266 1231 so
1283 1175 1371 1231 ment
1390 1175 1515 1231 ocem

149 1269 199 1319 ten
219 1262 413 1319 Gotttedienst.
441 1264 530 1320 Alium
549 1271 576 1320 te
596 1267 662 1321 mihi
680 1266 766 1321 literis
785 1267 917 1336 proximis
930 1274 1087 1335 aperturum
1101 1264 1184 1333 dicis,
1204 1279 1265 1319 eam
1277 1262 1360 1332 igitur
1372 1271 1514 1333 exspecto.

151 1379 187 1390 -
206 1350 282 1409 Tuus,
298 1348 334 1405 ad
352 1366 395 1406 me
414 1350 508 1406 literas
526 1353 611 1421 dirige
630 1356 751 1424 Lipsiem
770 1357 805 1410 nd
823 1356 880 1411 hic.
895 1355 965 1409 Phil.
980 1352 1134 1421 Mulierum,
1154 1351 1215 1420 ejus
1233 1348 1388 1407 erumnae
1406 1349 1513 1407 mnne·

149 1437 290 1507 maticum,
310 1440 356 1506 qui
375 1441 523 1495 communis
542 1449 637 1497 noster
654 1446 757 1501 amicus
775 1461 822 1501 eas
840 1462 896 1501 uon
914 1445 1015 1500 invitus
1033 1443 1088 1498 huc
1106 1441 1221 1498 curabit.
1508 1432 1514 1441 “

258 1523 345 1592 Quam
367 1527 492 1595 promisit
515 1529 651 1605 Keplerus
673 1533 884 1602 explicationem
905 1548 1005 1588 causae
1026 1530 1139 1586 cremati
1162 1528 1324 1597 Calendarii,
1341 1526 1412 1583 haue
1428 1524 1514 1585 mbae

148 1611 248 1666 refert:
279 1606 336 1668 Hic
358 1612 477 1687 (bineli)
500 1615 705 1690 spargebatur,
736 1619 860 1677 flaurmis
883 1617 991 1678 tradita
1012 1616 1192 1692 exemplaria
1215 1612 1382 1674 calendarii
1404 1615 1513 1687 omnia,

150 1693 233 1770 quod
257 1702 326 1755 tuuc
348 1697 410 1757 fieri
433 1717 491 1758 uon
521 1705 634 1777 potuit,
659 1722 723 1763 eum
753 1705 836 1765 nulla
856 1707 1030 1781 scripserim.
1076 1704 1150 1763 Post
1171 1702 1281 1762 iactum
1305 1707 1349 1762 est
1370 1701 1514 1776 superiori

150 1782 308 1841 Decembri
331 1787 360 1842 in
384 1785 492 1862 Styria,
516 1788 627 1848 nullum
650 1793 689 1851 ob
712 1793 951 1869 Prognosticum,
975 1792 1026 1852 sed
1051 1792 1122 1867 qnia
1145 1788 1181 1850 de
1203 1787 1414 1865 praecellentia
1441 1805 1514 1848 con·

148 1869 276 1928 tendunt
304 1874 489 1946 provinciae,
522 1894 644 1951 quarum
676 1882 705 1937 ia
736 1881 820 1939 titulo
848 1879 882 1939 iit
910 1883 1035 1951 mentio,
1067 1895 1132 1938 cum
1159 1893 1217 1952 ego
1243 1874 1512 1952 supr-Anisanesn,

148 1958 199 2015 cui
223 1961 335 2031 servio,
359 1965 587 2035 proposuissem.
626 1965 683 2026 Hic
705 1969 812 2043 privati
826 1968 929 2045 aliqui,
953 1976 1112 2043 antequem
1133 1982 1179 2023 res
1195 1962 1233 2023 ad
1249 1980 1356 2040 corpus
1370 1958 1513 2023 Ordinem

149 2043 264 2117 delata,
294 2048 506 2122 praejudicium
536 2050 592 2111 hee
622 2055 729 2129 insigni
756 2063 786 2114 et
817 2055 930 2114 solenni
959 2063 1026 2113 acin
1054 2050 1231 2112 abolendum
1254 2055 1428 2110 statuerunt.
1471 2051 1515 2111 at

148 2134 376 2208 corpusipsum
401 2133 543 2196 Ordinem
573 2157 624 2215 pro
649 2141 832 2202 dedicatione
855 2140 988 2219 Myeierii
1018 2146 1079 2201 300
1104 2139 1173 2198 mihi
1200 2138 1328 2197 florenos
1357 2134 1513 2200 donarant.

148 2216 238 2279 Hauc
253 2228 284 2279 tu
300 2239 418 2281 causam
435 2223 525 2283 eladis
538 2226 710 2299 chartarum,
722 2247 776 2305 per
791 2245 824 2290 se
840 2229 929 2305 paulo
945 2235 1012 2305 post
1027 2228 1229 2306 periturarum,
1243 2225 1369 2285 olfacere
1383 2230 1513 2301 nonpo-

105 2372 112 2381 ,
148 2307 243 2365 inisti.
265 2306 419 2368 flecteres
430 2313 518 2386 igitur
530 2316 586 2372 vici
603 2315 727 2375 diversis
740 2317 805 2388 viis,
819 2318 913 2376 Deum
925 2326 1035 2393 precor,
1054 2322 1087 2373 nt
1098 2330 1242 2392 meporro
1253 2328 1372 2389 quoque
1384 2319 1513 2376 tueatur.

257 2394 303 2455 lle
325 2396 464 2474 Philippo
488 2400 630 2475 llliillero,
654 2403 803 2463 literarum
825 2413 989 2464 nostrarum
1013 2410 1165 2479 sequestro
1189 2397 1410 2473 constituendo,
1433 2406 1512 2461 recte

147 2497 264 2540 mones.
311 2484 346 2541 iii
370 2503 424 2560 ego
447 2485 525 2546 eddo
549 2488 671 2548 alterum
696 2491 830 2551 Viennae
852 2490 1037 2563 residentem,
1061 2490 1187 2550 Saxonis
1207 2486 1352 2548 Electoris
1373 2495 1511 2567 agentem

147 2566 200 2628 Jo.
216 2568 391 2645 Zeidleruru,
408 2573 517 2633 dictum
534 2575 697 2651 Holmann,
714 2588 747 2638 ut
762 2579 864 2656 Lipsia
879 2579 1023 2639 Viennam
1039 2585 1108 2637 tuae
1122 2578 1285 2637 mittantur.
1310 2574 1416 2649 Cogito
1430 2575 1512 2635 euim

148 2655 298 2717 Viennam
313 2661 362 2731 iro,
387 2667 438 2719 ent
460 2664 485 2720 si
500 2680 558 2721 non
583 2682 656 2736 euru,
681 2667 737 2726 iste
760 2666 878 2726 Vienna
900 2667 938 2725 ad
962 2685 1008 2725 me
1029 2668 1136 2727 mittet.
1168 2671 1217 2734 (iix
1231 2666 1378 2734 epistolari.
1391 2666 1511 2735 adepti

256 2756 356 2812 Editus
375 2766 418 2813 est
434 2760 486 2814 hoc
505 2777 577 2816 anno
596 2766 710 2819 Cenon
730 2764 1036 2833 legarithmorum,
1060 2764 1094 2817 de
1114 2779 1168 2830 qua
1186 2760 1306 2816 editione
1330 2759 1399 2815 haec
1418 2774 1511 2815 occur·

146 2850 216 2897 runt
233 2843 262 2897 iu
282 2845 396 2913 Kepleri
414 2848 583 2915 praelatione
600 2852 634 2907 ad
655 2852 791 2909 Ciciliadt'o
802 2853 1035 2924 Soppienentum,
1054 2848 1128 2919 qnod
1146 2863 1217 2902 anno
1229 2845 1382 2916 merione
1393 2845 1510 2917 prodiit:
1598 2879 1603 2885 ·

148 2927 289 2988 Chiliada
320 2948 384 2988 cum
417 2930 665 2994 demonstratione
696 2946 729 2994 ut
755 2939 881 3012 primum
911 2937 1040 3013 perlecta
1066 2929 1122 2991 sstit
1144 2931 1292 2990 ueremini
1315 2930 1418 2990 hircio
1441 2937 1510 2990 inii·

148 3034 242 3092 quarn
265 3016 303 3075 ad
327 3017 498 3094 Philippum
517 3019 736 3095 Landgrarium
752 3016 890 3097 Heseiae,
913 3023 965 3082 sed
989 3039 1040 3099 per
1062 3019 1203 3094 ambages
1227 3019 1370 3091 itinerun,
1394 3019 1424 3075 iu
1438 3019 1510 3094 qui-

148 3107 208 3164 bus
230 3103 348 3163 libellus
372 3105 468 3164 haesit
492 3109 663 3167 intertium
687 3128 796 3170 annum
820 3128 924 3187 usque.
954 3110 1030 3185 Spes
1052 3105 1197 3167 interdum
1220 3104 1338 3177 affulsit,
1365 3103 1510 3170 Chiliods

151 3191 425 3268 Logarithmorom
452 3212 591 3253 excusum
615 3199 649 3253 iri
673 3215 742 3257 cure
766 3201 933 3275 peritorum,
957 3197 1009 3257 sed
1033 3214 1069 3254 ee
1090 3192 1214 3252 subinde
1238 3195 1342 3252 iterum
1365 3190 1510 3252 enaiim

147 3281 216 3340 tuit.
270 3279 377 3353 ltaque
410 3282 520 3340 relrinit
554 3286 642 3341 etiarn
676 3286 755 3360 apud
788 3304 836 3344 me
866 3285 996 3345 studium
1028 3280 1119 3342 libelli
1153 3279 1324 3340 exomendi.
1375 3279 1509 3339 Tandem

150 3377 297 3437 (autumno
318 3364 447 3440 lotitia
470 3387 574 3427 manus
599 3375 714 3446 petroni
736 3375 783 3432 sui
807 3374 995 3432 illustrissimi
1016 3369 1160 3447 perlatus,
1191 3385 1237 3427 ure
1263 3368 1382 3443 penitus
1404 3369 1509 3444 ignaro

148 3474 208 3516 nec
230 3459 389 3533 quicquam
411 3456 470 3514 tale
494 3460 648 3531 opinante,
674 3463 752 3536 typis
775 3460 931 3519 mandatus
953 3461 1024 3530 init,
1052 3464 1086 3516 ut
1108 3458 1189 3532 prius
1212 3472 1248 3513 ex
1271 3453 1409 3530 mango
1431 3471 1510 3513 nuu-

149 3543 287 3603 dinatum
311 3545 606 3617 Francolurtensium,
631 3564 719 3621 quarn
736 3566 776 3611 en
788 3548 879 3608 literis
897 3547 971 3607 Cels.
989 3554 1057 3605 tuae
1071 3544 1160 3621 (ques
1172 3540 1342 3602 adhucdum
1358 3543 1388 3600 ln
1404 3543 1509 3602 itinere

149 3649 218 3692 esse
241 3650 334 3707 nuper
357 3631 514 3689 urlrnodum
538 3634 667 3709 rescivi),
690 3635 760 3711 qnid
784 3642 919 3712 ageretur
940 3633 1130 3712 perceperim.

256 3733 288 3786 In
311 3731 480 3800 praelatione
507 3730 540 3786 od
566 3731 664 3786 librum
693 3750 773 3802 quem
796 3734 936 3803 inscripsit
963 3732 1098 3802 Keplerus
1123 3728 1261 3800 Turbonis
1282 3728 1507 3799 Hypercopistes,

148 3820 255 3891 scripte
275 3836 296 3873 c.
316 3820 396 3872 finem
417 3818 480 3871 eniri
502 3820 577 3887 triti,
596 3820 725 3889 legimus:
750 3816 978 3895 Antitychonem
994 3814 1187 3874 Claramontii
1204 3817 1272 3869 ente
1289 3816 1307 3871 3
1323 3826 1418 3870 annos
1441 3811 1508 3871 edi·

148 3915 213 3962 tum
236 3903 348 3962 tardius
380 3903 498 3978 quidem
529 3921 617 3977 quarn
650 3906 756 3965 vellem
781 3914 810 3964 ct
833 3903 983 3963 auditione
1007 3911 1035 3960 et
1059 3899 1152 3959 oculis
1185 3899 1343 3974 usurpavi,
1373 3907 1507 3974 tempore

148 4000 248 4050 tamen
273 3993 531 4068 opportunissimo,
556 4009 631 4065 enm,
656 3993 801 4052 absolutis
824 3991 941 4050 medem
970 3989 1094 4047 inbuta
1109 3986 1322 4060 Rudelphinie,
1345 3985 1383 4045 de
1404 4002 1507 4045 earum

147 4078 279 4140 editione
304 4079 342 4136 nd
367 4079 575 4154 imperatorem
598 4081 775 4153 retulissem,
799 4081 954 4138 uacatione
977 4078 1093 4135 interim
1118 4073 1210 4133 oculis
1226 4089 1387 4148 eoru-qne
1401 4073 1505 4135 morbo

147 4176 234 4243 parto
258 4185 277 4225 s
299 4166 397 4224 studio
421 4167 606 4239 gravissimo,
631 4170 751 4243 otioque
777 4167 846 4226 dato
870 4174 900 4227 et
922 4161 1122 4240 cognoscendi
1144 4162 1252 4221 librum
1274 4177 1367 4238 opere
1387 4160 1505 4222 lectorb

147 4264 179 4314 et
202 4254 341 4324 dictandi,
366 4256 436 4328 quid
459 4271 547 4328 super
570 4271 605 4313 eo
629 4255 786 4314 videretur.

254 4354 440 4408 Schiclrardns
459 4354 543 4408 reiert
562 4352 752 4419 (Februario),
776 4353 915 4421 occepisse
942 4368 971 4406 se
991 4346 1181 4406 Calendarium
1200 4344 1312 4415 Kepleri
1330 4352 1360 4402 et
1377 4346 1505 4412 ,Comes-

146 4447 269 4500 sionem“
290 4444 328 4511 (v.
348 4458 372 4496 a.
392 4443 474 4506 1623)
500 4450 633 4509 rogatque
658 4452 688 4497 ut
706 4444 741 4497 ad
760 4442 947 4512 quaestionem
970 4438 1152 4508 theologicam
1169 4437 1307 4507 quendam
1329 4436 1504 4509 respondeat

145 4533 208 4588 Hac
233 4531 394 4599 quaestione
419 4538 508 4585 motus
535 4530 669 4597 Keplerns
698 4530 905 4599 responsionem
935 4529 1036 4583 Martio
1059 4542 1152 4580 mense
1176 4527 1349 4594 Berneggero
1378 4524 1505 4580 transmi-

146 4622 183 4675 sit
201 4621 254 4674 hac
277 4618 371 4673 addita
393 4618 586 4673 instructione:
620 4615 758 4681 ,libellum
781 4614 918 4685 adJectum
945 4616 993 4671 ubi
1020 4613 1168 4683 perlegeris
1199 4612 1305 4667 remitte
1333 4610 1503 4667 Schiclrardo

146 4709 228 4777 eique
245 4705 336 4763 scribe
356 4707 425 4771 (nam
445 4704 577 4758 excludor
595 4705 728 4773 tempore)
747 4717 845 4772 rogare
862 4719 920 4771 me,
939 4710 970 4756 ut
988 4701 1033 4757 ille
1051 4698 1134 4755 Falco
1154 4696 1228 4767 (Vll.
1250 4696 1312 4769 iit)
1334 4696 1458 4753 libellum
1475 4695 1507 4754 ln'

145 4795 234 4851 forma
252 4792 444 4862 disputationis
463 4790 570 4860 publice
589 4796 739 4861 properati
761 4798 812 4848 etc.
850 4789 1004 4859 Septembri
1022 4788 1135 4845 nunciat
1152 4785 1348 4856 Schiclrardns,
1372 4782 1503 4856 logadii·

145 4897 206 4937 mos
220 4894 283 4937 esse
295 4879 438 4948 Marpnrgi
451 4892 577 4952 excusos,
596 4878 696 4937 vidisse
709 4894 740 4939 ee
752 4879 834 4939 etiam
848 4877 1012 4949 ,dudiciw
1032 4874 1143 4947 Kepleri
1155 4873 1329 4945 Tychonicas
1338 4879 1369 4941 ἢ
1378 4872 1505 4942 law,
