3308 5534
264 424 327 497 938
794 427 858 485 vta
874 426 990 485 tomus
1007 426 1126 501 Keplcri.

265 609 399 688 Styriaca
422 615 521 670 autem
543 608 724 670 haereditate
747 611 836 670 etiam
858 610 982 670 multum
1003 608 1170 686 negotium,
1196 608 1292 669 multa
1320 608 1464 670 molestis
1495 608 1613 669 exhibita

267 706 320 769 est,
344 713 410 756 cnm
432 713 510 756 nrrne
533 696 678 774 Keplerus
700 714 777 757 nune
800 698 864 774 ejus
887 715 961 757 uxor
984 694 1118 757 Gratiam
1141 697 1263 774 proiecti
1295 708 1436 757 veterum
1466 700 1613 757 amicorum

266 784 391 856 anxilio,
414 801 559 844 novorum
581 787 716 859 graviore
740 789 915 845 auctoritate
936 793 967 846 et
989 783 1240 844 commendatione
1263 791 1441 859 uterentur,
1466 802 1612 859 quumm-

265 890 322 945 que
352 878 471 948 possent
493 889 528 931 ex
558 876 703 931 communi
731 890 825 932 rerum
856 873 1079 951 perturbatione·
1103 874 1316 947 conservaturi.
1364 871 1428 947 Qui
1458 874 1535 931 enim
1560 874 1611 949 js·

267 959 376 1018 dudrrm
400 957 528 1019 familias
552 968 634 1018 erant
656 962 838 1034 amicissimi,
869 976 1004 1035 agrorum
1027 974 1212 1037 possessores
1235 967 1265 1019 ct
1288 959 1428 1033 nobiles,
1453 976 1520 1017 eum
1539 958 1611 1019 ties

265 1046 469 1123 profiterentur
491 1046 697 1120 Letheranam,
727 1046 807 1107 haud
830 1046 919 1107 dubia
941 1048 1117 1126 paucissima
1139 1046 1310 1106 effecerunt.
1357 1047 1509 1122 Quamvis
1529 1058 1612 1107 astu

181 1146 184 1159 ¹
265 1136 299 1206 ii,
324 1136 374 1208 qui
396 1134 484 1192 mode
507 1137 582 1211 parti
605 1142 704 1194 essent
730 1134 886 1195 familiares
909 1142 938 1194 et
962 1136 1106 1205 lautores,
1138 1134 1214 1192 inter
1244 1150 1325 1210 quos
1355 1136 1537 1212 praecipuus
1561 1150 1612 1193 erat

264 1221 411 1281 Bavariae
444 1220 649 1294 cancellarius,
682 1221 906 1282 Hermastus
934 1220 978 1283 de
1002 1221 1253 1297 llobenbnrg,
1284 1224 1339 1297 qui
1363 1220 1531 1299 Keplerum
1552 1240 1611 1279 esu-

267 1325 390 1383 samque
412 1307 619 1385 Keplerianarn
642 1311 845 1385 potentissimo
869 1308 1013 1369 sacerdoti
1037 1308 1165 1368 casati
1187 1308 1426 1381 commendavit,
1450 1312 1514 1368 sinc
1535 1308 1611 1369 debis

267 1395 352 1472 plura
374 1396 534 1468 efficerent,
565 1406 663 1455 tamen
687 1396 843 1456 verisimile
866 1403 924 1469 est,
953 1398 1073 1457 minime
1094 1402 1187 1454 totam
1210 1395 1363 1455 iortuuam
1387 1408 1540 1455 servatam
1559 1414 1611 1456 eme

268 1491 297 1542 ct
319 1485 435 1542 nonnisi
459 1482 590 1558 Reginae
614 1485 767 1561 privignae
790 1498 874 1543 suam
897 1491 1009 1562 partem
1032 1483 1196 1542 obvenisse.

370 1569 504 1648 Kepleri,
529 1586 601 1649 cum·
617 1578 695 1630 osset
717 1572 900 1647 imperatoris
926 1578 1124 1642 astronomus,
1157 1568 1287 1628 ollieium
1317 1573 1480 1647 pecuniam
1508 1568 1611 1647 quiden

267 1660 294 1716 ei
317 1657 416 1716 attulit
437 1659 584 1716 minimam
605 1674 699 1733 eoque
714 1660 863 1729 minorem,
887 1676 953 1719 curn
968 1660 1125 1735 imperator
1139 1659 1204 1734 ipse
1220 1668 1354 1734 tempore
1371 1657 1427 1716 illo
1443 1662 1611 1735 sempiternis

266 1747 408 1822 pecuniae
430 1747 573 1821 angustiis
596 1753 783 1821 premeretur,
807 1747 848 1805 ita
864 1751 896 1805 ut
910 1744 1055 1822 chlerus
1077 1746 1127 1802 vix
1143 1760 1251 1819 magna
1267 1760 1372 1821 opera,
1398 1747 1517 1821 magnis
1530 1748 1613 1823 meti·

266 1831 485 1902 bassilicam,
515 1839 547 1889 nt
570 1832 711 1891 mercedis
733 1840 846 1909 partem
873 1831 978 1893 saltem
1001 1832 1131 1906 aliquam
1158 1838 1364 1906 extorqueren
1398 1842 1504 1892 eontra
1530 1832 1612 1891 rleeiit

267 1919 408 1995 Tycbone
430 1927 562 1992 mortuo,
593 1921 669 1977 alius
693 1919 819 1996 alicujus
841 1919 960 1996 adjutor
979 1928 1008 1980 et
1030 1920 1160 1979 minister
1187 1932 1261 1977 esse.
1310 1916 1414 1995 Magis
1438 1922 1517 1978 euim
1537 1936 1611 1995 uu

267 2014 356 2066 antea
378 2006 535 2065 multorum
559 2007 751 2082 Pragcnsium
773 2006 893 2066 babitus
916 2014 962 2068 cst
984 2005 1144 2078 oraculum,
1168 2004 1247 2082 apud
1272 2006 1486 2083 imperatorem
1500 2008 1611 2065 marius

266 2111 338 2152 usus
362 2102 405 2152 est
428 2097 532 2171 gratia,
557 2096 603 2152 cni
627 2094 664 2153 dc
686 2094 910 2168 mathematicis,
935 2094 971 2155 de
993 2095 1193 2152 instrumentis
1216 2096 1449 2166 astronomicis,
1473 2094 1510 2153 de
1531 2106 1610 2153 ure

266 2183 365 2240 nomia
388 2187 417 2240 et
440 2181 609 2255 astrologia,
633 2185 751 2258 saepius
774 2199 892 2258 quoque
915 2180 951 2240 dc
974 2181 1061 2239 rebus
1083 2179 1208 2257 publicis
1231 2189 1261 2238 ct
1285 2196 1390 2240 eoram
1413 2190 1445 2240 ct
1468 2181 1555 2241 literb
1572 2196 1609 2238 re·

265 2269 366 2341 icrret3
390 2267 580 2343 Pragcusinm
603 2268 776 2328 nobilissimi
800 2271 908 2345 quique
929 2269 1065 2327 maximis
1087 2267 1257 2326 muneribus
1282 2268 1490 2343 iungebantur
1510 2270 1570 2344 ejus
1587 2280 1609 2325 rt

266 2356 424 2414 amicitiam
447 2363 476 2415 et
499 2357 653 2415 consilium
675 2373 733 2414 non
756 2357 853 2415 minus
868 2373 957 2431 quarn
975 2357 1131 2432 imperator
1154 2357 1218 2431 ipse
1240 2358 1469 2433 appetiverunt,
1490 2372 1609 2413 nocum-

265 2460 354 2518 quam
377 2460 495 2518 quoquc
526 2461 576 2520 per
599 2442 757 2521 Keplerum
786 2461 832 2504 res
859 2442 993 2520 publicas
1015 2443 1071 2503 sub
1098 2441 1281 2518 astrologiae
1309 2446 1415 2521 specie
1439 2444 1478 2503 sd
1500 2446 1608 2521 iupus·

265 2538 358 2591 torem
382 2531 514 2590 delaturi.

371 2616 514 2691 Quamvis
536 2618 610 2676 haec
631 2619 759 2677 maxima
781 2619 877 2677 mariti
893 2620 1061 2690 auctoritas,
1087 2632 1152 2675 cum
1174 2619 1260 2676 uxori
1283 2633 1413 2694 quoque
1436 2617 1545 2677 lumina
1562 2614 1607 2675 si·

266 2722 326 2778 qua
349 2705 477 2776 afferret,
508 2704 639 2781 paullum
668 2703 871 2780 jucundiorem
902 2706 929 2765 ei
952 2704 1066 2781 Pragae
1096 2704 1188 2762 vitam
1219 2702 1379 2776 redderet,
1412 2714 1512 2764 tamea
1538 2720 1606 2763 cnr

266 2790 445 2851 domesticae
474 2795 591 2851 minimo
622 2791 783 2863 desierunt,
818 2801 846 2851 et
869 2809 887 2850 a
909 2790 1044 2863 muliere,
1076 2807 1152 2866 quac
1185 2790 1265 2849 dorni
1297 2794 1383 2851 vitae
1416 2804 1536 2852 assum
1559 2802 1607 2851 u

267 2879 444 2955 opulentiori
474 2878 573 2959 (,Nou
604 2882 735 2939 assuevit
766 2895 839 2937 uxor
864 2896 931 2938 mea
958 2879 1035 2938 inbls
1062 2880 1217 2937 victitare“
1251 2878 1407 2955 chlerus
1439 2881 1553 2956 scripsit
1578 2874 1607 2933 sl

264 2967 466 3039 Maestlinum‚
491 2986 556 3026 curn
579 2966 615 3026 de
638 2969 700 3024 vita
722 2966 903 3037 'l'ubingcnsi
927 2984 993 3025 eum
1017 2962 1228 3043 interrogaret),
1252 2983 1353 3025 mores
1379 2970 1480 3043 patrii.
1503 2984 1545 3025 res
1563 2964 1607 3021 t·-

264 3057 406 3114 mestieac
430 3072 543 3130 semper
559 3062 627 3112 sunt
643 3053 729 3113 valde
753 3052 946 3114 desideratae.
992 3053 1059 3113 Huc
1081 3052 1203 3122 secedit,
1232 3052 1316 3127 quod
1339 3072 1425 3129 quae
1448 3050 1606 3131 Kepleridr

266 3143 353 3201 rebus
377 3142 502 3216 divinis,
534 3132 569 3200 de
594 3141 775 3200 Concordiae
799 3141 936 3200 Formula
958 3158 1018 3201 non
1040 3139 1210 3217 simpliciter
1233 3142 1468 3207 subscribenda.
1490 3156 1606 3215 quam

266 3248 331 3289 cum
354 3231 482 3287 inaximo
505 3231 709 3288 acerrimorum
726 3228 911 3287 lutheranae
935 3227 1002 3288 fidei
1019 3227 1161 3286 cultorum
1178 3226 1344 3287 olicnsione
1362 3228 1403 3288 dc
1418 3230 1510 3289 Sacra
1524 3230 1606 3285 t'cess

265 3320 429 3375 sentcntiae
453 3325 559 3381 essent.
584 3334 601 3374 a
617 3315 737 3375 rrrrrliere
760 3315 886 3391 simplici
909 3323 960 3375 aut
983 3333 1084 3391 parurn
1108 3313 1290 3386 intellectae,
1314 3326 1370 3375 aut
1395 3318 1438 3375 ab
1460 3314 1606 3375 bomisits‘

264 3404 483 3462 immoderatius
515 3404 711 3462 Lutlreranam
743 3403 828 3461 tidem
859 3404 1041 3462 sectantibus
1063 3404 1092 3459 in
1115 3400 1221 3459 salsum
1251 3412 1362 3461 auctae
1390 3406 1492 3469 uren,
1521 3416 1550 3461 ut
1567 3416 1607 3477 pet

263 3509 328 3551 eam
353 3494 445 3566 ipsam
476 3493 573 3549 mariti
604 3493 731 3548 animiam
754 3490 918 3561 ilectercnt,
950 3491 978 3547 in
1007 3505 1093 3548 aures
1122 3490 1323 3549 insusurratae
1353 3501 1438 3550 sunt.
1483 3488 1606 3565 aspis*

263 3581 328 3655 ipse
352 3579 469 3654 qrridcnr
495 3581 568 3638 benc
592 3580 670 3636 cavit
696 3575 928 3656 „subtilitatibus
949 3577 1030 3635 suis“
1056 3593 1120 3635 earn
1144 3577 1268 3649 fatigare
1292 3585 1389 3652 atquc
1413 3590 1448 3636 ut
1469 3578 1557 3637 domi.
1575 3578 1607 3629 irs

263 3665 362 3742 palam
386 3684 469 3725 sacro
494 3668 565 3724 rnori
589 3666 704 3735 l'rapae
728 3672 845 3739 recepto
868 3678 982 3739 semper
1005 3661 1135 3721 indulsit.
1181 3663 1227 3721 De
1250 3664 1362 3723 studiis
1397 3683 1470 3725 vcro
1491 3676 1606 3723 unaco·

264 3755 346 3811 micis
370 3759 399 3811 et
423 3754 548 3823 negotiis
572 3751 757 3826 astrologicis
787 3768 852 3810 enm
883 3767 974 3810 uxore
1000 3769 1037 3811 ne
1065 3752 1185 3809 minima
1214 3750 1336 3825 quidem
1368 3750 1542 3813 disseratur
1565 3764 1605 3823 pt

261 3848 314 3899 cst.
363 3841 404 3897 lix
428 3841 553 3915 epistola
578 3846 676 3897 autern
699 3845 767 3912 post
790 3839 888 3896 uxoris
919 3844 1040 3897 mortem
1063 3840 1171 3913 scripta
1193 3842 1231 3893 r'v.
1246 3856 1268 3893 s.
1285 3842 1381 3908 ptitt
1400 3848 1455 3899 ssi
1483 3838 1605 3913 conjicere

263 3927 344 3993 licet,
368 3934 398 3984 et
421 3926 456 3984 dc
480 3929 574 3984 mariti
598 3926 791 4000 religionibus
815 3934 844 3985 et
866 3924 902 3983 dc
925 3924 990 3999 ejus
1009 3926 1140 3995 pecotiis
1163 3922 1355 3995 astrologicis
1385 3928 1426 3983 ab
1451 3926 1604 3985 boabitas

262 4014 369 4086 utribus
393 4016 509 4072 nriuirne
533 4014 650 4081 liceret,
685 4016 711 4071 ei
744 4031 788 4070 res
818 4030 880 4071 esse
910 4011 1037 4086 delatas,
1071 4011 1177 4087 quibus
1208 4012 1252 4068 ita
1284 4014 1390 4071 animo
1422 4014 1605 4073 sollicitaret·

261 4108 290 4157 ct
313 4108 485 4173 erigeretur,
510 4108 541 4159 nt
565 4100 601 4159 de
624 4103 727 4158 marito
750 4102 904 4174 maritique
928 4098 1025 4158 officio
1049 4101 1177 4173 iniquius
1198 4097 1360 4172 judicaret.
1406 4100 1463 4159 llis
1491 4114 1518 4161 et
1542 4096 1604 4171 inlb

262 4188 314 4244 ciis
343 4195 371 4243 ct
402 4187 499 4244 verbis
523 4187 699 4261 chlerum,
730 4203 796 4245 cum
819 4196 895 4246 esset
927 4186 1092 4253 irritabilis,
1123 4203 1214 4260 saepe
1237 4187 1348 4244 iratum
1383 4192 1480 4247 mium
1506 4190 1605 4247 coditi

260 4273 289 4329 ei
312 4272 498 4346 respondisse
521 4272 674 4348 probabile
698 4282 751 4332 cst.
797 4273 1010 4332 l'arsimoniam
1033 4288 1151 4348 quoque
1180 4272 1320 4347 conjugis
1351 4276 1538 4335 immodicam
1561 4288 1601 4329 ets

257 4359 339 4432 justo
363 4358 438 4430 loco,
460 4363 542 4434 justo
566 4369 696 4435 tempore
719 4360 883 4419 adhibitam
906 4377 993 4435 aegre
1016 4359 1098 4419 tulit:
1124 4376 1214 4434 quarn
1229 4360 1270 4418 ob
1285 4377 1348 4419 rem
1366 4380 1437 4421 cum
1452 4360 1604 4422 uror-sri-

262 4454 332 4513 tum,
356 4449 406 4518 qui
431 4464 525 4521 ricque
547 4465 593 4505 res
618 4447 776 4507 tanriliares
808 4449 882 4506 sutis
905 4447 1082 4517 intelligeret
1109 4449 1206 4519 iisque
1230 4464 1264 4505 se
1288 4448 1407 4507 turbari
1437 4466 1466 4509 ct
1489 4444 1604 4521 mespri-

260 4529 312 4587 lari
337 4532 435 4605 nollet,
460 4542 554 4592 toturn
579 4537 607 4590 in
631 4536 810 4605 cogitatione
835 4533 963 4593 delirum
986 4535 1022 4594 rle
1046 4534 1131 4593 rebus
1148 4533 1323 4593 rlomcsticts
1347 4538 1522 4595 consuleret.
1542 4530 1602 4592 tut

259 4634 324 4675 raro
348 4620 523 4693 iniquiorem
547 4620 627 4679 illam
651 4622 754 4680 tulisse
777 4621 926 4697 repulsam
943 4620 1100 4681 verisimile
1125 4620 1221 4695 eat.*)
1260 4620 1416 4695 Quamvis
1432 4638 1525 4685 autem
1538 4620 1602 4693 livp-

260 4754 367 4762 ——.-.-
377 4756 468 4764 *—

362 4820 387 4883 Ἴ
406 4826 584 4875 libentissime
603 4834 687 4877 arrum
706 4828 795 4877 tulisse
813 4830 966 4893 quandoque
984 4829 1120 4891 llcplaruur
1143 4826 1209 4877 tales
1226 4830 1463 4893 interpellationes,
1478 4840 1557 4881 terit·
1570 4840 1599 4887 Τ

259 4905 313 4939 sum
332 4893 450 4942 habemus
469 4897 495 4942 in
514 4900 596 4962 capite
615 4900 721 4951 xxvll.
740 4898 799 4948 libri
826 4900 856 4949 dc
874 4897 953 4949 Stella
972 4898 1056 4965 Nora,
1079 4898 1140 4962 ubl,
1163 4900 1278 4949 Metus
1303 4900 1391 4953 essu
1414 4904 1503 4955 sues
1520 4906 1597 4957 ,⁰¹⁶-
