3308 5534
541 364 654 440 Kepleri
670 365 811 431 terram
828 366 920 429 stude
937 371 969 427 et
982 366 1115 429 momina
1423 372 1510 447 tetii

146 542 206 629 s'go
226 550 306 613 sicot
326 547 364 612 ds
385 548 486 627 liguris
509 548 693 627 regularibus
715 544 835 626 disputo
856 552 1001 611 nontam
1014 550 1194 627 geometrice
1217 547 1362 630 (ubiubi
1383 548 1437 615 ills
1451 549 1511 615 ad-

145 637 209 701 buc
229 635 407 715 incompleta
434 639 501 698 risa
528 634 599 716 est),
630 651 720 712 quem
747 635 945 699 astrouomice
976 641 1006 698 et
1033 635 1253 715 metaphysica,
1284 641 1328 701 sic
1357 639 1449 699 etiam
1471 638 1510 703 ds

147 733 255 787 cautus
277 725 517 802 proportionibus
538 723 634 784 scribo
656 729 795 787 nontam
808 724 928 797 musice,
952 740 1041 798 quam
1055 727 1242 800 geometrice,
1265 725 1398 805 physice,
1423 726 1511 789 deni-2

147 830 209 889 qua
224 820 257 873 ιιι
270 813 352 889 prius
368 813 562 873 astronomica
573 816 604 871 et
618 810 835 889 metaphysicer
859 812 929 887 quia
951 813 1027 870 sicut
1042 811 1213 887 corporibus
1237 815 1367 890 quinque
1388 813 1510 891 regula·

146 900 231 961 ribus
254 917 291 960 ex
312 901 487 977 geometria,
514 901 559 959 sic
582 899 673 959 etiam
692 898 933 975 proportionibus
961 904 1085 974 totoque
1107 906 1253 975 apparatu
1273 900 1446 961 harmonico
1470 920 1507 969 er

146 989 264 1049 musica
278 1004 354 1064 opus
368 987 465 1047 babeo
480 984 519 1046 ad
534 983 724 1063 explicandas
747 1002 853 1047 causas
867 985 1065 1063 proportionis
1082 985 1198 1047 orbium
1213 987 1387 1051 coelestium
1402 1005 1509 1051 eccen-

145 1076 366 1150 trieitatumque
390 1084 419 1134 et
441 1081 574 1133 motuum
595 1074 625 1133 in
640 1071 804 1149 opsidibus.
835 1072 937 1135 Artem
953 1088 1024 1134 vero
1046 1074 1241 1150 componendi
1266 1081 1370 1136 cantus
1392 1092 1505 1191 nequa·

146 1174 242 1241 quam
260 1161 471 1239 profiteor.-

255 1248 367 1325 Quarto
399 1247 504 1309 deindo
534 1247 608 1308 libro
636 1243 784 1322 Keplerss
812 1245 934 1323 propius
959 1246 1004 1308 ad
1032 1248 1217 1325 propositum
1247 1265 1334 1309 suum
1362 1248 1508 1313 accedeus

147 1337 249 1399 varlas
266 1336 454 1413 planetarum
476 1337 550 1395 inter
572 1351 605 1394 se
626 1334 802 1411 positiones,
826 1331 929 1410 quales
952 1351 971 1393 a
992 1334 1084 1397 Terra
1107 1337 1334 1413 conspiciuntur,
1357 1337 1395 1399 sd
1417 1355 1508 1417 supe-

145 1425 235 1485 rioris
252 1423 464 1500 disputationis
485 1424 627 1482 rationem
650 1419 871 1483 accommodare
893 1419 1001 1485 studet
1039 1420 1106 1483 Hoc
1128 1432 1227 1487 autem
1248 1424 1309 1485 iere
1330 1424 1419 1487 medo
1442 1443 1509 1489 eam

146 1528 212 1573 rem
243 1510 421 1588 aggreditur.
466 1510 504 1570 Et
533 1509 679 1570 humanae
709 1509 801 1567 menti
830 1515 860 1568 et
882 1504 1007 1571 aliorum
1037 1510 1208 1571 animalium
1238 1513 1347 1577 animis
1374 1515 1510 1575 iuuetsm

149 1614 218 1660 esse
241 1601 414 1677 quantitatis
441 1599 602 1657 notionem.
649 1594 848 1657 Geometriam
876 1595 917 1659 ab
939 1603 1059 1657 aeterno
1084 1599 1113 1654 iu
1135 1597 1208 1672 Dei,
1232 1602 1372 1661 creatoris
1394 1599 1507 1677 muudi,

147 1692 248 1749 moute
271 1683 376 1760 latere,
407 1692 498 1763 atque
519 1684 558 1745 sb
580 1683 632 1744 illo
662 1682 809 1745 humanae
831 1684 923 1744 manti
949 1685 1151 1760 ingeneratum
1180 1702 1245 1745 erse
1267 1685 1438 1747 facultatem
1460 1704 1507 1751 res

147 1773 339 1839 harmonicas
361 1772 400 1833 ab
423 1774 488 1849 ipso
513 1778 626 1835 creatas
649 1771 690 1830 ita
712 1767 909 1848 percipiendi,
939 1777 971 1831 ut
993 1773 1132 1831 creatoris
1155 1772 1303 1848 quandam
1327 1773 1454 1851 effigiem
1476 1777 1507 1833 irr

148 1863 187 1923 lis
209 1868 381 1936 agnoscant.
419 1858 506 1921 Hauc
526 1858 696 1920 tenuitatem
719 1875 785 1919 cum
807 1856 882 1919 alias
904 1874 1054 1934 apparere,
1077 1865 1139 1919 tum
1163 1861 1192 1916 in
1215 1860 1401 1923 interioribus
1415 1863 1508 1923 animi

148 1948 272 2023 ritibus,
294 1965 363 2009 cum
383 1948 519 2008 sensibus
541 1947 703 2007 arctissime
726 1944 899 2021 conjuretis.
932 1944 1014 2005 Licet
1037 1947 1114 2006 euim
1136 1964 1188 2024 per
1209 1964 1241 2006 se
1264 1964 1368 2009 sensus
1383 1947 1422 2011 ad
1436 1966 1507 2026 per-

146 2034 459 2098 ieotissimamrerum
482 2035 667 2094 intuitionem
689 2037 838 2109 nequeant
861 2030 958 2105 esebi,
980 2040 1078 2095 tamen
1101 2033 1227 2110 exempli
1250 2037 1348 2111 gratia
1370 2034 1508 2101 auditum

146 2121 278 2187 nstmsli
300 2122 430 2199 quodam
458 2123 600 2181 instinctu
629 2136 769 2181 sonorum
796 2117 950 2181 harmonia
972 2122 1122 2183 concitari.
1167 2120 1255 2183 Hanc
1278 2124 1507 2191 concitatiorem

147 2208 349 2287 inexplicabili
372 2207 501 2286 quodam
524 2207 612 2269 modo
635 2210 713 2269 intus
734 2207 910 2284 propagari,
938 2223 1034 2284 eoque
1056 2207 1133 2283 lieri,
1161 2215 1194 2271 ut
1215 2208 1305 2271 bomo
1333 2209 1508 2275 harmoniae

146 2300 306 2374 irnsgiusm
329 2299 427 2358 animo
450 2303 598 2372 receptam
620 2296 650 2354 in
673 2301 770 2355 motus
793 2301 979 2368 transrertat,
1003 2297 1055 2371 qui
1077 2312 1133 2356 seu
1146 2301 1235 2357 centa
1251 2295 1340 2372 edite,
1361 2313 1415 2363 seu
1439 2314 1508 2363 cor-

146 2402 223 2464 pore
245 2387 357 2460 agiteto
380 2387 470 2449 etiam
493 2384 673 2443 extrinsecus
703 2378 898 2443 animadverti
928 2383 1051 2458 possint.
1096 2381 1209 2443 Eodem
1230 2400 1301 2443 vero
1324 2383 1413 2447 modo
1435 2384 1508 2445 bar·

147 2473 267 2535 moriar
290 2475 381 2535 etiam
402 2472 584 2548 superiorem
606 2470 696 2531 animi
718 2466 846 2531 indolem
868 2467 985 2535 afficere
1001 2487 1066 2531 eam
1088 2471 1191 2546 ipsam,
1216 2488 1304 2547 quam
1319 2471 1408 2535 modo
1423 2489 1507 2537 com.

146 2561 391 2633 memoravimus,
423 2559 668 2634 geometricorum
688 2556 837 2618 rationum
864 2557 1118 2634 percipiendarum
1139 2557 1311 2623 facultatem
1333 2560 1508 2625 excitantes.

148 2644 250 2724 Quum
279 2649 368 2723 igitur
395 2645 453 2705 duo
484 2643 560 2705 radii
588 2644 617 2702 in
649 2650 839 2720 conspectum
861 2642 971 2705 cadant
993 2662 1011 2705 a
1034 2643 1150 2707 duobus
1179 2644 1325 2712 sideribus
1348 2646 1507 2724 (planetis)

143 2732 399 2814 proficiscentes,¹
415 2750 540 2811 quorum
563 2749 599 2793 ea
621 2734 659 2795 sit
680 2732 807 2810 positio,
837 2736 872 2791 ut
899 2748 985 2793 merra
1014 2749 1049 2795 ea
1072 2732 1253 2808 conjungens
1281 2731 1373 2796 latere
1394 2732 1508 2811 figurae
1603 2762 1613 2777 =

146 2821 293 2899 regularia
316 2825 346 2879 in
370 2821 478 2881 circulo
509 2820 665 2895 inscriptae
695 2819 881 2891 terminetur,
911 2821 1042 2881 animum
1064 2818 1191 2883 naturali
1214 2819 1343 2897 quodam
1364 2820 1506 2885 instinctu

145 2911 307 2989 percipere,
332 2926 419 2984 quam
435 2908 606 2969 harmonica
627 2909 667 2966 sit
682 2905 797 2965 iliorum
819 2904 966 2965 radiorum
989 2913 1105 2985 natura,
1129 2921 1256 2983 eumque
1279 2923 1378 2977 arcum
1392 2908 1431 2969 ab
1446 2906 1506 2969 alio

147 2998 314 3061 discernere
337 3013 396 3057 nou
419 2993 523 3056 eodem
544 2993 633 3055 modo
657 2993 804 3066 coniecto,
837 3000 867 3053 et
896 3010 1075 3069 quamquam
1105 2995 1171 3071 ipse
1199 2994 1257 3054 sibi
1286 2994 1350 3071 eius
1377 2997 1419 3058 rei
1447 3012 1507 3059 nco

147 3086 245 3162 possit
275 3082 396 3145 reddere
425 3084 583 3154 rationem,
615 3090 713 3140 tamen
741 3078 912 3141 barmoniae
941 3080 1091 3154 effectum,
1122 3080 1283 3158 aspecnlo
1314 3099 1508 3160 repercussae
1624 3094 1627 3099 ’

147 3172 288 3246 imaginis
311 3172 403 3230 instar
425 3171 456 3228 in
478 3172 607 3250 animum
631 3168 810 3241 induentem,
832 3168 941 3227 rendre
962 3183 1057 3243 eoque
1080 3170 1220 3229 concitari
1245 3177 1335 3246 atque
1358 3169 1508 3233 delectari.

131 3259 258 3334 'Neque
281 3274 351 3316 vero
373 3256 520 3316 humanus
542 3264 655 3316 tentum
679 3256 804 3326 animus,
827 3255 883 3326 ait,
907 3252 963 3315 boo
986 3253 1074 3315 modo
1096 3253 1274 3317 harmonicis
1295 3255 1386 3317 radiis
1408 3257 1506 3321 affici·

148 3354 208 3419 tur,
231 3344 389 3405 sedetiam
407 3345 534 3418 „animm
556 3341 740 3420 pbilosophis
755 3340 833 3413 dicta
848 3347 955 3401 natura
966 3341 1144 3418 sublunaris,
1155 3361 1219 3420 ,per
1234 3350 1337 3405 totum.
1368 3342 1508 3420 Telluris,

146 3432 290 3499 damnas
313 3440 439 3504 nostrae,
463 3449 569 3506 corpus
592 3430 700 3491 diffusa
720 3431 811 3505 inque
825 3428 926 3504 eliqua
940 3436 1020 3490 certa
1033 3436 1116 3507 parte
1131 3447 1189 3493 nou
1204 3430 1290 3493 aliter
1305 3448 1393 3509 quam
1410 3432 1509 3497 auimo

148 3521 284 3583 bumana
306 3521 337 3579 in
360 3518 447 3580 corde
469 3519 616 3590 radicata,
639 3535 676 3578 er
699 3532 758 3592 quo
779 3532 836 3577 ceu
856 3515 939 3590 ioco,
961 3516 1042 3579 iente
1066 3516 1114 3579 rel
1136 3519 1282 3595 penetrali
1303 3535 1355 3595 per
1376 3520 1509 3597 speciem

150 3609 201 3671 sui
223 3609 284 3669 erit
305 3608 335 3667 in
357 3606 562 3669 circumfusum
586 3604 684 3666 Terris
707 3620 850 3665 oceanum
865 3604 1094 3680 etsuperiusum
1110 3604 1240 3682 undique
1254 3609 1361 3667 aerem.
1396 3604 1509 3684 Quem·

148 3691 310 3757 admodum
334 3711 404 3754 vero
428 3696 478 3771 qui
502 3692 618 3752 melodo
642 3693 774 3751 suaviter
796 3693 914 3749 canenti
934 3692 1092 3765 auscultet,
1117 3694 1141 3753 is
1160 3691 1275 3753 laetitia
1289 3692 1400 3766 frontis,
1426 3709 1509 3771 voce,

147 3781 257 3865 plausu
280 3798 421 3842 manuum
444 3780 590 3857 pedumve
612 3779 650 3839 ad
673 3777 819 3841 melodice
834 3794 1000 3838 mensuram
1015 3786 1209 3856 attemperate
1225 3786 1358 3853 testatur,
1381 3797 1414 3841 se
1431 3777 1510 3856 quod

148 3878 198 3932 est
220 3872 251 3929 iu
272 3866 401 3928 melodia
414 3867 614 3929 harmonicum
630 3868 782 3944 percipere
796 3872 824 3925 et
840 3865 1014 3943 approbare,
1036 3882 1095 3927 non
1119 3867 1205 3927 aliter
1220 3873 1326 3929 natum
1341 3865 1511 3929 sublunaris

147 3957 349 4021 commotione
377 3957 482 4030 insigni
506 3963 536 4014 et
557 3953 687 4015 evidenti
715 3954 859 4015 viscerum
882 3951 1026 4027 Telluris,
1055 3953 1094 4014 ad
1125 3953 1193 4015 illos
1220 3954 1405 4031 potissimum
1437 3952 1510 4031 dies,

149 4043 262 4121 quibus
285 4042 382 4103 sidera
403 4042 493 4101 radiis
517 4042 577 4101 suis
600 4041 768 4103 harmonice
793 4038 1041 4116 configurantur
1034 4059 1063 4100 ιιι
1087 4040 1202 4115 Terris,
1225 4048 1367 4115 testatur,
1396 4057 1429 4101 se
1451 4056 1510 4102 nou

149 4132 250 4191 miuus
273 4128 412 4190 instinctu
435 4127 564 4206 quodam
586 4115 714 4189 naturali
736 4124 835 4188 valere
857 4126 896 4187 ad
919 4126 1137 4204 percipiendum
1159 4128 1365 4205 proportiones
1383 4127 1512 4205 angulo·

152 4235 220 4279 rum
243 4216 439 4289 harmonicas,
462 4235 550 4292 quam
572 4214 665 4292 pollet
686 4212 828 4283 insultate
849 4213 986 4289 naturali,
1011 4215 1109 4277 vitalis
1131 4223 1250 4277 nostrae
1271 4215 1370 4291 simili,
1393 4214 1432 4279 ed
1446 4231 1514 4279 cor·

150 4322 210 4384 pus
233 4303 360 4365 Telluris
384 4303 575 4380 officinasque
596 4303 833 4365 subterraneas
825 4319 854 4361 ιιι
877 4302 1025 4363 montonis
1047 4305 1135 4363 certis
1156 4302 1374 4366 harmoniarum
1397 4310 1514 4381 tempo·

149 4394 235 4454 ribus
264 4390 478 4453 materienses
510 4390 775 4468 exagitandasque,
805 4396 840 4448 ιιι
859 4386 931 4450 illae
960 4407 1100 4466 magnam
1135 4408 1278 4467 vaporum
1309 4392 1425 4469 copiam
1456 4407 1512 4452 ex·

151 4478 265 4554 balent,
289 4496 325 4539 er
348 4497 408 4556 qua
431 4497 483 4556 per
505 4479 726 4555 antiperistases
749 4476 864 4553 trigoris
886 4478 1005 4554 superni
1028 4479 1123 4539 omnis
1146 4481 1261 4556 generis
1285 4486 1417 4540 meteora
1438 4493 1512 4541 eon·

152 4561 346 4630 tormmtur.“

249 4652 315 4713 His
330 4660 429 4714 autern
445 4653 611 4730 principiis,
634 4648 664 4711 id
684 4648 765 4728 quod
779 4656 810 4713 et
823 4632 993 4730 antea'pius
1009 4651 1100 4712 semel
1123 4653 1292 4713 notavimus
1314 4658 1345 4714 et
1366 4668 1418 4728 per
1438 4650 1516 4712 bruc

153 4742 341 4805 occasionem
362 4744 520 4819 repetitum
544 4738 697 4814 volumus,
720 4740 810 4799 etiam
833 4738 994 4816 astrologia
1016 4738 1136 4818 Kepleri
1158 4741 1275 4814 nititur,
1309 4738 1393 4817 cnjus
1422 4739 1517 4801 ratio·

152 4847 224 4894 urm
244 4831 276 4891 in
298 4828 401 4893 aedem
428 4828 481 4891 illo
511 4833 616 4906 quarto
647 4826 723 4891 libro
750 4829 880 4907 erpouit.
925 4827 1063 4897 ceterum
1085 4834 1118 4891 ut
1146 4826 1248 4897 mults
1275 4824 1343 4901 ,rtis
1373 4826 1447 4901 lesit
1474 4828 1517 4907 lte
