3322 5534
401 392 581 453 summum
598 348 1141 453 massamuti-cusano.
1392 392 1456 463 seo

131 576 219 633 aaa
227 574 297 631 leber
309 572 477 632 Tabularum
494 572 683 639 directionum,
702 572 868 628 ducentibus
879 570 973 643 prima
984 570 1115 627 eleum
1131 571 1319 628 astronomiae
1335 586 1457 629 aemma-

133 666 175 719 riu
187 669 210 719 rt
224 662 400 729 uidissimus;
422 660 466 715 leis
489 661 608 716 insertae
632 668 670 715 est
688 676 777 716 canoa
794 660 940 727 secandus,
960 658 998 715 od
1015 660 1126 731 simpulo
1144 660 1275 729 scrupula
1292 660 1459 729 quadrastis

131 758 281 823 matus.
318 750 392 805 Item
408 765 481 805 aoso
499 750 596 804 tabula
613 749 765 816 climatum,
785 748 984 818 parallelorum
1000 752 1027 801 et
1044 749 1210 811 ambrmum,
1230 765 1291 803 cum
1308 750 1458 818 appendice

134 852 244 893 mmm
260 836 374 892 mardi
390 838 455 892 libri
473 836 672 903 Directiouum,
689 838 737 906 qui
754 838 784 891 ia
801 836 1014 906 Repiomoataui
1032 851 1112 905 opere
1130 836 1329 892 desiderantur.
1361 838 1458 893 Insunt

134 920 179 977 tric
192 922 331 993 appendici
357 922 468 978 tabulae
491 924 671 991 tangentium,
692 925 749 991 jnm
768 924 883 991 primum
900 922 957 976 tere
975 937 991 975 a
1009 921 1163 977 Rcinholdo
1186 922 1221 977 ad
1239 940 1318 979 usum
1336 926 1457 991 turono·

133 1010 246 1066 mum
264 1008 457 1067 adhibitorum.
477 1041 511 1050 -
530 1011 607 1079 Opus
625 1020 730 1077 autem,
751 1028 805 1080 quo
823 1010 876 1064 sibi
892 1010 1056 1079 singularem
1074 1012 1181 1079 piarat-it
1197 1010 1309 1080 gloriam
1327 1012 1457 1067 Rcinhoi·

132 1096 175 1166 dns,
188 1113 233 1167 per
251 1098 360 1167 longum
380 1108 486 1167 tempus
499 1099 661 1152 astronomis
679 1099 917 1166 pretiosissimum,
935 1097 1034 1151 editum
1053 1108 1095 1154 est
1113 1116 1184 1154 antro
1205 1104 1279 1157 taor.
1298 1102 1456 1171 inscriptum

133 1186 229 1243 Talulm
249 1189 417 1245 Pruteuicoe
439 1190 594 1243 coelestiam
621 1198 748 1243 tactuum.
791 1188 823 1241 ln
847 1186 984 1256 privilegio
1008 1187 1130 1241 Caesaris
1156 1186 1271 1256 longiori
1300 1198 1457 1243 enumerata

131 1283 162 1331 ut
174 1278 250 1333 serica
267 1275 406 1343 librorum,
424 1290 494 1344 quos
513 1276 634 1331 edendos
649 1276 698 1329 sibi
718 1284 899 1345 proposuerat
912 1273 1087 1341 Rcinholdus,
1107 1274 1153 1341 epiri
1172 1291 1226 1341 quo
1238 1275 1327 1331 minus
1345 1275 1457 1331 ederen-

131 1374 163 1417 tur
179 1372 346 1433 praematura
367 1370 454 1417 morto
477 1370 520 1416 cst
542 1362 686 1431 impeditus
705 1364 833 1431 (elecessit
854 1362 1023 1417 llcinhuldus
1048 1376 1119 1415 antro
1139 1362 1221 1431 1553,
1248 1378 1348 1419 annum
1371 1380 1456 1434 ageris

130 1452 154 1505 il
187 1456 202 1517 l.
236 1450 384 1507 Plurimum
404 1449 573 1506 Reinlroldus
598 1450 625 1504 iu
643 1451 696 1504 here
721 1466 802 1519 opere
827 1449 923 1504 tribuit
948 1448 1108 1518 Capernicu,
1134 1466 1214 1517 quiem
1235 1451 1388 1511 „Atlantem
1413 1454 1455 1507 vel

131 1538 292 1597 Ptolemaeum
309 1540 441 1594 alterum·
461 1541 597 1609 nominat,
624 1539 734 1594 tabulae
752 1555 829 1605 vcro,
854 1554 922 1609 quas
947 1538 1020 1605 operi
1045 1554 1094 1592 suo
1117 1536 1164 1592 illu
1183 1538 1340 1607 addiderat,
1365 1542 1455 1596 miuus

130 1625 258 1683 bucholdo
276 1628 398 1699 placent:
420 1628 498 1691 ,Etsi
511 1626 665 1681 constitutis
678 1626 912 1682 observationibus
930 1626 1171 1680 demonstrationes
1185 1634 1212 1681 et
1224 1634 1346 1683 motuum
1358 1646 1455 1687 causas

131 1715 290 1771 eruditissime
307 1716 427 1784 tradidit,
446 1724 536 1770 tamen
557 1715 629 1769 hrum
646 1714 767 1769 laborem
785 1714 893 1769 tabulas
911 1712 1083 1769 construendi
1102 1714 1170 1769 adeo
1183 1714 1295 1786 defugit,
1315 1724 1346 1773 at
1357 1720 1380 1773 si
1394 1720 1456 1789 quis

130 1812 247 1873 amputet
264 1820 299 1858 ex
318 1805 403 1873 ipsius
421 1804 587 1871 canonibus,
612 1818 647 1856 ne
665 1802 773 1870 quidem
791 1802 826 1857 ad
844 1818 891 1855 eas
909 1802 1111 1857 obsecrationes
1130 1805 1296 1872 computatio
1315 1814 1455 1876 congruat,

130 1890 207 1959 qubus
224 1891 428 1947 tundamentum
453 1892 542 1961 operis
567 1890 698 1946 innititur.
734 1890 830 1959 ltaque
853 1887 960 1944 collatis
979 1888 1118 1957 t'opcrnici
1143 1888 1376 1948 observationibus
1394 1910 1455 1948 cum

130 1977 260 2035 Ptolemaeo
278 1989 306 2035 et
318 1979 484 2048 Hipparcho,
504 1979 571 2033 alias
589 1977 697 2033 tabulas
716 1978 828 2038 institui.
847 1994 959 2047 quamam
972 1994 1047 2031 inerim
1066 1994 1127 2031 mox
1141 1978 1289 2037 ostendam.
1320 1982 1381 2049 Epo
1397 1983 1454 2051 jam

130 2079 194 2121 anuos
215 2074 319 2136 septem
337 2067 400 2121 huie
419 2067 505 2121 labori
523 2067 643 2135 impendi
661 2066 688 2120 in
706 2066 749 2119 his
767 2066 883 2135 publicis
906 2066 1019 2119 miseriis
1043 2072 1069 2117 et
1094 2064 1145 2119 hoe
1163 2065 1233 2121 tristi
1252 2068 1356 2135 patriae
1374 2070 1454 2135 bello,

130 2150 301 2225 aliquantisper
319 2156 433 2210 exulans
451 2172 512 2209 eum
530 2155 646 2223 familia,
664 2163 692 2208 ct
711 2156 875 2210 exercitatus
887 2152 996 2214 morbis,
1014 2152 1087 2207 luctu
1104 2153 1252 2209 domestico
1271 2166 1299 2211 et
1316 2158 1356 2213 rci
1375 2158 1453 2213 iami-

130 2236 183 2297 teris
198 2244 373 2311 detrimentis,
393 2260 473 2313 quum
492 2258 592 2311 uergere
609 2242 768 2310 potuissem,
787 2240 810 2295 si
823 2248 1001 2311 quaestuosas
1022 2255 1118 2308 operas
1136 2252 1184 2297 arnt
1202 2242 1380 2301 divinationes
1392 2247 1455 2301 huic

129 2328 171 2383 utili
189 2340 214 2385 et
236 2330 344 2385 erudito
368 2330 455 2384 labori
480 2328 617 2398 praeferre
640 2329 811 2383 variassent
859 2328 1030 2383 Desumeisse
1054 2342 1084 2382 se
1115 2330 1152 2383 ait
1179 2346 1196 2385 a
1215 2332 1364 2401 Caperuico
1386 2334 1454 2389 nihil

130 2412 195 2487 dud,
216 2434 295 2488 quam
322 2417 525 2471 observationes
549 2424 576 2472 et
600 2416 877 2479 ,demonstrationum
902 2415 1047 2483 vestigia“,
1071 2431 1189 2472 canones
1213 2433 1277 2473 vcro
1301 2420 1453 2489 aequalium

130 2512 222 2559 mmum
245 2514 273 2561 et
291 2506 573 2575 prosthaphaerescon
592 2520 738 2573 «omnesque
756 2502 876 2573 reliquos
901 2502 935 2557 dc
956 2519 1026 2557 novo
1050 2504 1264 2575 recondidisse,
1288 2508 1316 2563 in
1339 2525 1453 2580 quorum

130 2594 240 2649 temnitis
263 2595 344 2647 aliam
367 2610 479 2663 prorsus
512 2594 643 2648 rationem
669 2596 779 2646 secutus
808 2592 844 2643 sit
871 2590 1123 2647 convenientiorem.
1164 2592 1452 2663 Prosthaphacresium

130 2678 210 2737 auu
223 2681 330 2749 judicat
359 2690 431 2735 retro
454 2689 481 2735 et
501 2696 580 2748 porro
599 2680 633 2733 ad
658 2685 743 2734 totam
768 2678 860 2732 merndi
885 2678 1054 2734 durationem
1081 2682 1237 2749 sereituras,
1262 2681 1325 2736 anni
1351 2682 1452 2751 magui·

130 2766 221 2825 minem
240 2778 267 2824 ct
286 2772 429 2824 maximam
448 2768 518 2823 Sertis
537 2766 724 2837 obliquitatem
747 2781 780 2819 ex
805 2765 858 2820 illis
876 2768 911 2821 ud
930 2767 1042 2836 qarodris
1065 2778 1171 2837 tempus
1196 2772 1338 2839 supputari
1361 2788 1452 2843 posse,

130 2853 217 2927 eclipses
236 2860 300 2913 hine
318 2858 417 2914 certius
436 2856 555 2925 praedici
574 2871 624 2909 uec
641 2872 694 2908 non
714 2864 786 2909 retro
805 2857 946 2923 supputari
966 2872 1058 2925 posse,
1078 2873 1157 2927 quam
1177 2872 1210 2911 cx
1224 2858 1358 2925 prioribus
1375 2860 1451 2914 tabu·

130 2941 264 3005 Raditum
284 2949 400 3015 denique
419 2946 479 2999 illas
498 2945 666 3012 praelaturas
686 2942 720 2997 ud
739 2944 827 2998 sontes
844 2943 920 3011 ipsos
939 2945 1012 3012 copied
1028 2943 1212 2999 Ptolemaeum
1231 2952 1259 2998 ct
1276 2945 1453 3013 Copcrnicum

130 3034 301 3103 ttcllipcndos.
319 3066 353 3074 -
373 3035 403 3087 lu
426 3031 605 3100 supputandis
624 3030 921 3098 'prustlraplraercsibus
946 3040 973 3084 ct
991 3046 1053 3085 vera
1071 3032 1304 3101 aequinoctiorum
1329 3050 1453 3101 praeces·

130 3119 181 3176 ione
203 3122 381 3191 Copcrnicum
404 3122 533 3191 enutritur.
576 3119 653 3172 llauc
677 3116 759 3171 tradit
784 3117 905 3185 regulam
935 3118 1132 3187 computandae
1157 3120 1368 3188 praecessionis:
1394 3121 1452 3184 ,Ad

130 3203 196 3263 btnm
213 3218 323 3277 tempus
342 3208 490 3275 colligasse
510 3222 613 3260 cursorie
632 3205 783 3273 sospitalium
802 3212 922 3259 motuum
941 3214 996 3259 tam
1015 3207 1154 3276 aequalem
1172 3214 1273 3261 noctium
1286 3210 1452 3277 praecessio·

130 3296 163 3365 a,
182 3314 260 3371 quam
285 3296 435 3351 anomaliae
460 3296 596 3364 simplicis.
635 3296 686 3347 l‘er
709 3293 873 3363 triplicatam
892 3310 957 3347 vcro
980 3292 1139 3348 arrumaliam
1164 3294 1302 3360 ingressus
1321 3312 1452 3351 canonem

130 3386 388 3457 methaphaercsium
406 3384 636 3451 aeeprinoetiorum
656 3398 772 3449 excerpe
790 3382 1046 3451 prosthaphneresin
1065 3398 1096 3436 ac
1116 3383 1229 3436 emerrda
1246 3399 1305 3437 cam
1323 3400 1373 3453 per
1389 3400 1451 3453 par·

130 3485 162 3525 tn
177 3471 413 3543 proportionalem,
432 3473 455 3525 si
473 3488 541 3539 oqros
560 3480 611 3526 est.
649 3472 690 3525 lta
708 3486 771 3523 vcro
784 3472 953 3524 emendatam
972 3470 1158 3537 aequationem
1177 3473 1306 3527 subtrahe
1326 3473 1368 3527 ecl
1381 3473 1451 3529 adde

130 3560 207 3629 aucti
224 3560 319 3627 motui,
338 3561 361 3613 si
379 3559 518 3626 duplicata
537 3558 669 3613 anomalia
688 3560 775 3612 minor
788 3558 830 3611 ecl
842 3558 928 3625 maj0r
941 3558 1075 3612 exstiterit
1088 3558 1283 3617 semicirculos
1311 3562 1450 3617 Calcatum

130 3648 232 3704 numne
251 3649 322 3703 Solis
342 3647 509 3715 oldiquitatis
528 3648 676 3702 serrandum
695 3648 872 3715 Copcruicum
892 3646 949 3702 init.
970 3646 1045 3699 addit
1063 3654 1152 3700 aretem
1172 3664 1248 3701 sussen
1266 3650 1351 3717 ipsius
1368 3651 1451 3705 ratio·

130 3746 172 3792 ttu.
204 3738 427 3792 Praccessioncrn
446 3736 559 3789 nacoliam
579 3734 654 3801 penit
672 3737 723 3788 5⁰¹¹
744 3736 802 3788 12¹¹*
821 3736 872 3787 5⁶¹⁰
884 3737 954 3788 ΗΜ.
973 3735 1043 3788 Solis
1061 3736 1288 3790 eccerrtrieitatern
1307 3739 1449 3794 unanimam

130 3832 239 3893 amputat
254 3824 370 3892 partitum
383 3824 460 3889 tito,
479 3822 613 3875 rorissimam
633 3822 711 3887 3219,
729 3820 848 3889 uenalium
861 3820 1061 3875 serrridiamctcr
1073 3824 1189 3877 cceeutri
1203 3824 1272 3879 Sulis
1286 3834 1328 3879 cst
1342 3830 1450 3883 tttttotla.

130 3908 207 3965 lanum
225 3911 361 3966 sidercum
380 3911 458 3977 pouit
477 3912 528 3965 litii»
548 3909 573 3963 d.
593 3910 630 3963 til·
649 3915 673 3961 tr
693 3909 752 3976 ΒΨ,
771 3908 906 3976 tropicum
924 3909 1041 3963 madium
1060 3914 1111 3966 {teja
1130 3912 1154 3965 d.
1173 3914 1208 3963 :3¹¹
1226 3914 1268 3967 -lll‘
1289 3914 1347 3970 16⁴2
1367 3947 1400 3957 -
1418 3918 1449 3971 iu

130 3994 203 4051 teste»
220 3997 387 4067 reliquiorum
406 3996 576 4063 planetarum
595 3996 743 4051 Ptolemaei
761 3997 883 4051 simulet
903 3998 1045 4066 (Joperniei
1064 3999 1193 4053 restionem
1213 4000 1345 4069 explicat,
1365 4003 1449 4057 illam-

130 4094 155 4141 πο
169 4086 309 4155 praeferre
328 4086 441 4140 ridetur.
462 4116 488 4123 -
513 4083 644 4137 t'tmrrilurs
657 4085 809 4153 praeceptis
822 4086 856 4139 nd
876 4102 953 4139 orsum
967 4086 1116 4140 tabidarum
1131 4086 1226 4155 juncta
1240 4097 1303 4142 som
1315 4091 1448 4160 cneurpla,

130 4174 214 4229 trima
226 4190 260 4227 ex
276 4180 352 4241 prenae
365 4173 489 4227 desrrmta
503 4188 518 4224 e
531 4173 586 4225 rita
599 4171 711 4235 eilberti,
730 4171 896 4227 ttcircoionis
910 4174 1186 4241 llrandentmrgcusis.
1200 4176 1281 4231 lincis
1294 4175 1449 4247 ltorussiac,

130 4262 169 4317 rot
186 4264 309 4317 imitatus¹
330 4260 500 4329 lieplcrus
520 4260 545 4313 in
567 4259 677 4313 Tabulis
698 4260 876 4328 lluelolplriuis
895 4259 1020 4329 exerrrpla
1043 4262 1125 4329 clegit
1144 4277 1175 4314 cx
1201 4262 1255 4317 ritu
1274 4264 1449 4331 Imperatoris

130 4348 247 4419 adolphi.
284 4349 426 4401 lte-dicarit
444 4347 612 4402 licinholelus
637 4365 705 4417 copres
724 4364 802 4403 serum
821 4348 934 4403 artoarto
953 4347 1102 4415 iudiditquc
1121 4348 1231 4403 'l'alutlis
1250 4351 1357 4405 titulum
1375 4354 1448 4407 Pru·

130 4438 251 4492 sicarum
272 4444 316 4497 ,ut
335 4436 405 4489 sciat
423 4436 577 4503 posteritas,
596 4436 759 4491 liberalitate
772 4435 877 4489 alberti
896 4452 945 4490 uos
963 4436 1071 4504 adjutos
1090 4453 1150 4491 esse
1163 4445 1189 4491 ct
1203 4439 1315 4495 ,ilberto
1335 4442 1447 4510 gratiam

144 4526 186 4594 iis,
206 4524 309 4591 qrrilrus
327 4524 484 4591 proterturae
496 4526 559 4586 sint,
579 4524 696 4581 deber·i.“
730 4526 907 4593 Comparantur
920 4524 1030 4579 talrrrluc
1042 4534 1104 4579 serra
1116 4526 1149 4578 ad
1163 4526 1338 4581 rrrcridianum
1352 4530 1447 4596 llcpio-

130 4621 262 4680 sutanum,
282 4610 361 4678 cujus
380 4610 435 4677 poli
453 4611 567 4665 altitudo
587 4614 716 4666 statuitur
733 4612 782 4665 'ait’
804 4614 852 4665 ΙΨ.
891 4612 1058 4667 llciulroldus
1082 4622 1222 4681 comparat
1241 4616 1339 4681 passim
1358 4614 1446 4669 Ptole

130 4702 156 4759 ei
175 4702 315 4757 rationem
329 4716 389 4753 cum
404 4699 595 4769 coponium,
615 4716 703 4768 ireque
721 4717 784 4754 vero
797 4716 913 4771 tenueram
927 4702 1001 4754 illum
1014 4701 1241 4771 deprehendimus
1253 4702 1333 4772 priene
1347 4704 1446 4770 Caper·

130 4808 145 4849 n
163 4786 397 4856 consentientem,
417 4804 471 4841 non
489 4804 547 4841 carn
566 4800 639 4843 certe
659 4791 693 4843 ab
712 4804 829 4858 euersam,
848 4788 921 4857 qiuari
934 4788 987 4843 utri
999 4788 1100 4856 primas
1112 4788 1229 4843 elelerrct
1242 4790 1339 4845 dubius
1352 4790 1446 4845 hacre-

130 4924 138 4957 ,
160 4880 216 4940 sed
238 4876 479 4951 quaternorum·
500 4878 574 4933 iltius
592 4880 691 4933 aetatis
710 4877 851 4949 t'opernici
868 4892 938 4948 opus
955 4894 1050 4947 parum
1069 4886 1241 4949 perspectum
1263 4878 1400 4935 habebant
1417 4884 1446 4937 et
