<?xml version="1.0" encoding="UTF-8"?>
<!DOCTYPE html PUBLIC "-//W3C//DTD XHTML 1.0 Transitional//EN"
    "http://www.w3.org/TR/xhtml1/DTD/xhtml1-transitional.dtd">
<html xmlns="http://www.w3.org/1999/xhtml" xml:lang="en" lang="en">
 <head>
  <title>
</title>
<meta http-equiv="Content-Type" content="text/html;charset=utf-8" />
  <meta name='ocr-system' content='tesseract 3.04.00' />
  <meta name='ocr-capabilities' content='ocr_page ocr_carea ocr_par ocr_line ocrx_word'/>
</head>
<body>
  <div class='ocr_page' id='page_1' title='image "./joanniskepleria00frisgoog/joanniskepleria00frisgoog_0688.png"; bbox 0 0 3322 5534; ppageno 0'>
   <div class='ocr_carea' id='block_1_1' title="bbox 162 398 1011 481">
    <p class='ocr_par' dir='ltr' id='par_1_1' title="bbox 162 398 1011 481">
     <span class='ocr_line' id='line_1_1' title="bbox 162 398 1011 481; baseline 0 -15"><span class='ocrx_word' id='word_1_1' title='bbox 162 398 230 479; x_wconf 69' lang='lat' dir='ltr'>bae</span> <span class='ocrx_word' id='word_1_2' title='bbox 677 405 1011 481; x_wconf 62' lang='lat' dir='ltr'>rusumque</span> 
     </span>
    </p>
   </div>
   <div class='ocr_carea' id='block_1_2' title="bbox 162 581 1517 749">
    <p class='ocr_par' dir='ltr' id='par_1_2' title="bbox 162 581 1517 749">
     <span class='ocr_line' id='line_1_2' title="bbox 162 581 1517 660; baseline 0.007 -20"><span class='ocrx_word' id='word_1_3' title='bbox 162 600 224 640; x_wconf 85' lang='lat' dir='ltr'>nes</span> <span class='ocrx_word' id='word_1_4' title='bbox 246 581 376 654; x_wconf 83' lang='lat' dir='ltr'>Papius</span> <span class='ocrx_word' id='word_1_5' title='bbox 396 582 461 651; x_wconf 82' lang='lat' dir='ltr'>(cir.</span> <span class='ocrx_word' id='word_1_6' title='bbox 483 582 538 639; x_wconf 88' lang='lat' dir='ltr'>rol.</span> <span class='ocrx_word' id='word_1_7' title='bbox 556 584 592 640; x_wconf 88' lang='lat' dir='ltr'>li.</span> <span class='ocrx_word' id='word_1_8' title='bbox 612 586 674 655; x_wconf 79' lang='grc'>36),</span> <span class='ocrx_word' id='word_1_9' title='bbox 698 585 777 640; x_wconf 88' lang='lat' dir='ltr'>initio</span> <span class='ocrx_word' id='word_1_10' title='bbox 802 587 869 643; x_wconf 82' lang='lat' dir='ltr'>enni</span> <span class='ocrx_word' id='word_1_11' title='bbox 893 587 962 644; x_wconf 75' lang='lat' dir='ltr'>roos</span> <span class='ocrx_word' id='word_1_12' title='bbox 986 587 1099 644; x_wconf 77' lang='lat' dir='ltr'>eebohe</span> <span class='ocrx_word' id='word_1_13' title='bbox 1121 587 1284 660; x_wconf 76' lang='lat' dir='ltr'>praefectus</span> <span class='ocrx_word' id='word_1_14' title='bbox 1310 596 1357 647; x_wconf 86' lang='lat' dir='ltr'>eet</span> <span class='ocrx_word' id='word_1_15' title='bbox 1378 591 1517 651; x_wconf 78' lang='lat' dir='ltr'>Joeeeet</span> 
     </span>
     <span class='ocr_line' id='line_1_3' title="bbox 162 671 1517 749; baseline 0.008 -23"><span class='ocrx_word' id='word_1_16' title='bbox 162 672 291 741; x_wconf 83' lang='lat' dir='ltr'>Regius</span> <span class='ocrx_word' id='word_1_17' title='bbox 309 671 520 741; x_wconf 86' lang='lat' dir='ltr'>(Dentiscanus,</span> <span class='ocrx_word' id='word_1_18' title='bbox 545 673 641 730; x_wconf 83' lang='lat' dir='ltr'>Gratia</span> <span class='ocrx_word' id='word_1_19' title='bbox 662 674 731 729; x_wconf 85' lang='lat' dir='ltr'>abiit</span> <span class='ocrx_word' id='word_1_20' title='bbox 757 689 830 729; x_wconf 86' lang='lat' dir='ltr'>auno</span> <span class='ocrx_word' id='word_1_21' title='bbox 853 674 924 730; x_wconf 80' lang='grc'>1598</span> <span class='ocrx_word' id='word_1_22' title='bbox 942 675 1101 730; x_wconf 76' lang='lat' dir='ltr'>blnlbnaam</span> <span class='ocrx_word' id='word_1_23' title='bbox 1127 677 1247 747; x_wconf 91' lang='lat' dir='ltr'>indeque</span> <span class='ocrx_word' id='word_1_24' title='bbox 1271 677 1459 749; x_wconf 71' lang='lat' dir='ltr'>Thornin,</span> <span class='ocrx_word' id='word_1_25' title='bbox 1478 681 1517 737; x_wconf 69' lang='grc' dir='ltr'>εΗ</span> 
     </span>
    </p>
   </div>
   <div class='ocr_carea' id='block_1_3' title="bbox 163 758 1518 918">
    <p class='ocr_par' dir='ltr' id='par_1_3' title="bbox 163 758 1518 918">
     <span class='ocr_line' id='line_1_4' title="bbox 163 758 1518 838; baseline 0.007 -24"><span class='ocrx_word' id='word_1_26' title='bbox 163 766 255 815; x_wconf 86' lang='lat' dir='ltr'>rector</span> <span class='ocrx_word' id='word_1_27' title='bbox 272 758 428 813; x_wconf 84' lang='lat' dir='ltr'>scholarum</span> <span class='ocrx_word' id='word_1_28' title='bbox 447 767 476 813; x_wconf 91' lang='lat' dir='ltr'>et</span> <span class='ocrx_word' id='word_1_29' title='bbox 493 768 590 829; x_wconf 88' lang='lat' dir='ltr'>pastor</span> <span class='ocrx_word' id='word_1_30' title='bbox 606 769 731 816; x_wconf 87' lang='lat' dir='ltr'>mortuns</span> <span class='ocrx_word' id='word_1_31' title='bbox 749 770 791 816; x_wconf 87' lang='lat' dir='ltr'>est</span> <span class='ocrx_word' id='word_1_32' title='bbox 809 777 882 816; x_wconf 83' lang='lat' dir='ltr'>anno</span> <span class='ocrx_word' id='word_1_33' title='bbox 896 763 983 826; x_wconf 77' lang='lat'>1605).</span> <span class='ocrx_word' id='word_1_34' title='bbox 1019 763 1062 816; x_wconf 88' lang='lat' dir='ltr'>De</span> <span class='ocrx_word' id='word_1_35' title='bbox 1080 762 1269 820; x_wconf 76' lang='lat' dir='ltr'>simultanltue</span> <span class='ocrx_word' id='word_1_36' title='bbox 1287 782 1354 821; x_wconf 86' lang='lat' dir='ltr'>eum</span> <span class='ocrx_word' id='word_1_37' title='bbox 1366 767 1454 838; x_wconf 76' lang='lat' dir='ltr'>liegio</span> <span class='ocrx_word' id='word_1_38' title='bbox 1467 768 1518 838; x_wconf 87' lang='lat' dir='ltr'>ipee</span> 
     </span>
     <span class='ocr_line' id='line_1_5' title="bbox 163 835 1517 918; baseline 0.007 -25"><span class='ocrx_word' id='word_1_39' title='bbox 163 837 300 907; x_wconf 79' lang='lat' dir='ltr'>Kepterna</span> <span class='ocrx_word' id='word_1_40' title='bbox 318 837 386 892; x_wconf 86' lang='lat' dir='ltr'>baec</span> <span class='ocrx_word' id='word_1_41' title='bbox 403 839 503 894; x_wconf 79' lang='lat' dir='ltr'><strong>refert:</strong></span> <span class='ocrx_word' id='word_1_42' title='bbox 530 835 644 896; x_wconf 78' lang='lat' dir='ltr'>Nactus</span> <span class='ocrx_word' id='word_1_43' title='bbox 665 854 731 896; x_wconf 88' lang='lat' dir='ltr'>eum</span> <span class='ocrx_word' id='word_1_44' title='bbox 752 837 868 897; x_wconf 89' lang='lat' dir='ltr'>boetem</span> <span class='ocrx_word' id='word_1_45' title='bbox 884 836 1049 898; x_wconf 75' lang='lat' dir='ltr'>Rectorem.</span> <span class='ocrx_word' id='word_1_46' title='bbox 1079 839 1180 899; x_wconf 84' lang='lat' dir='ltr'>cause</span> <span class='ocrx_word' id='word_1_47' title='bbox 1201 841 1276 913; x_wconf 90' lang='lat' dir='ltr'>odii,</span> <span class='ocrx_word' id='word_1_48' title='bbox 1299 841 1387 918; x_wconf 88' lang='lat' dir='ltr'>qnod</span> <span class='ocrx_word' id='word_1_49' title='bbox 1408 843 1517 903; x_wconf 78' lang='lat' dir='ltr'>videbar</span> 
     </span>
    </p>
   </div>
   <div class='ocr_carea' id='block_1_4' title="bbox 159 925 1516 1438">
    <p class='ocr_par' dir='ltr' id='par_1_4' title="bbox 159 925 1516 1438">
     <span class='ocr_line' id='line_1_6' title="bbox 163 925 1516 1007; baseline 0.007 -25"><span class='ocrx_word' id='word_1_50' title='bbox 163 927 260 999; x_wconf 85' lang='lat' dir='ltr'>ipsum</span> <span class='ocrx_word' id='word_1_51' title='bbox 282 932 316 981; x_wconf 90' lang='lat' dir='ltr'>ut</span> <span class='ocrx_word' id='word_1_52' title='bbox 337 925 541 999; x_wconf 84' lang='lat' dir='ltr'>magistratum</span> <span class='ocrx_word' id='word_1_53' title='bbox 572 941 631 983; x_wconf 94' lang='lat' dir='ltr'>non</span> <span class='ocrx_word' id='word_1_54' title='bbox 654 927 728 984; x_wconf 84' lang='lat' dir='ltr'>satia</span> <span class='ocrx_word' id='word_1_55' title='bbox 755 925 901 984; x_wconf 87' lang='lat' dir='ltr'>bonorare</span> <span class='ocrx_word' id='word_1_56' title='bbox 924 934 954 984; x_wconf 88' lang='lat' dir='ltr'>et</span> <span class='ocrx_word' id='word_1_57' title='bbox 976 927 1070 1003; x_wconf 89' lang='lat' dir='ltr'>ipsine</span> <span class='ocrx_word' id='word_1_58' title='bbox 1091 926 1204 1003; x_wconf 86' lang='lat' dir='ltr'>placite</span> <span class='ocrx_word' id='word_1_59' title='bbox 1226 928 1380 989; x_wconf 73' lang='lat' dir='ltr'>refellere.</span> <span class='ocrx_word' id='word_1_60' title='bbox 1423 930 1516 1007; x_wconf 81' lang='lat' dir='ltr'>Itaque</span> 
     </span>
     <span class='ocr_line' id='line_1_7' title="bbox 162 1011 1515 1094; baseline 0.007 -25"><span class='ocrx_word' id='word_1_61' title='bbox 162 1014 267 1069; x_wconf 87' lang='lat' dir='ltr'>mirum</span> <span class='ocrx_word' id='word_1_62' title='bbox 287 1012 318 1069; x_wconf 93' lang='lat' dir='ltr'>in</span> <span class='ocrx_word' id='word_1_63' title='bbox 341 1011 530 1076; x_wconf 84' lang='lat' dir='ltr'>modummc</span> <span class='ocrx_word' id='word_1_64' title='bbox 552 1013 725 1087; x_wconf 83' lang='lat' dir='ltr'>exagitavit.</span> <span class='ocrx_word' id='word_1_65' title='bbox 770 1013 835 1089; x_wconf 77' lang='lat' dir='ltr'>Ego</span> <span class='ocrx_word' id='word_1_66' title='bbox 856 1030 876 1072; x_wconf 89' lang='lat' dir='ltr'>a</span> <span class='ocrx_word' id='word_1_67' title='bbox 897 1022 1000 1072; x_wconf 90' lang='lat' dir='ltr'>mutuo</span> <span class='ocrx_word' id='word_1_68' title='bbox 1020 1013 1141 1090; x_wconf 91' lang='lat' dir='ltr'>quidem</span> <span class='ocrx_word' id='word_1_69' title='bbox 1161 1015 1243 1076; x_wconf 89' lang='lat' dir='ltr'>facto</span> <span class='ocrx_word' id='word_1_70' title='bbox 1266 1022 1452 1094; x_wconf 85' lang='lat' dir='ltr'>temperari,</span> <span class='ocrx_word' id='word_1_71' title='bbox 1470 1016 1515 1079; x_wconf 87' lang='lat' dir='ltr'>eed</span> 
     </span>
     <span class='ocr_line' id='line_1_8' title="bbox 163 1098 1514 1183; baseline 0.006 -25"><span class='ocrx_word' id='word_1_72' title='bbox 163 1108 261 1158; x_wconf 71' lang='lat' dir='ltr'>umen</span> <span class='ocrx_word' id='word_1_73' title='bbox 283 1101 394 1175; x_wconf 84' lang='lat' dir='ltr'>passim</span> <span class='ocrx_word' id='word_1_74' title='bbox 418 1098 608 1159; x_wconf 82' lang='lat' dir='ltr'>offensionem</span> <span class='ocrx_word' id='word_1_75' title='bbox 638 1108 669 1160; x_wconf 90' lang='lat' dir='ltr'>et</span> <span class='ocrx_word' id='word_1_76' title='bbox 690 1100 813 1175; x_wconf 88' lang='lat' dir='ltr'>injuriae</span> <span class='ocrx_word' id='word_1_77' title='bbox 844 1116 903 1159; x_wconf 93' lang='lat' dir='ltr'>non</span> <span class='ocrx_word' id='word_1_78' title='bbox 932 1103 1046 1162; x_wconf 83' lang='lat' dir='ltr'>reticui.</span> <span class='ocrx_word' id='word_1_79' title='bbox 1091 1101 1255 1163; x_wconf 86' lang='lat' dir='ltr'>lfnrerium</span> <span class='ocrx_word' id='word_1_80' title='bbox 1263 1104 1297 1183; x_wconf 71' lang='lat'>⁵)</span> <span class='ocrx_word' id='word_1_81' title='bbox 1326 1104 1514 1165; x_wconf 81' lang='lat' dir='ltr'>edrereetieu</span> 
     </span>
     <span class='ocr_line' id='line_1_9' title="bbox 162 1187 1513 1270; baseline 0.005 -25"><span class='ocrx_word' id='word_1_82' title='bbox 162 1187 288 1262; x_wconf 71' lang='lat' dir='ltr'>anoeepi,</span> <span class='ocrx_word' id='word_1_83' title='bbox 305 1187 385 1261; x_wconf 89' lang='lat' dir='ltr'>qnia,</span> <span class='ocrx_word' id='word_1_84' title='bbox 409 1194 567 1245; x_wconf 80' lang='lat' dir='ltr'>antaeum</span> <span class='ocrx_word' id='word_1_85' title='bbox 591 1189 647 1263; x_wconf 84' lang='lat' dir='ltr'>ipsi</span> <span class='ocrx_word' id='word_1_86' title='bbox 670 1187 891 1259; x_wconf 82' lang='lat' dir='ltr'>benefeciseenr,</span> <span class='ocrx_word' id='word_1_87' title='bbox 913 1191 1007 1246; x_wconf 89' lang='lat' dir='ltr'>anmsi</span> <span class='ocrx_word' id='word_1_88' title='bbox 1028 1188 1101 1247; x_wconf 85' lang='lat' dir='ltr'>mihi</span> <span class='ocrx_word' id='word_1_89' title='bbox 1122 1189 1290 1250; x_wconf 80' lang='lat' dir='ltr'>libertatem</span> <span class='ocrx_word' id='word_1_90' title='bbox 1314 1195 1513 1270; x_wconf 61' lang='lat' dir='ltr'>ipsu-repre*</span> 
     </span>
     <span class='ocr_line' id='line_1_10' title="bbox 159 1272 1512 1352; baseline 0.007 -19"><span class='ocrx_word' id='word_1_91' title='bbox 159 1272 316 1347; x_wconf 87' lang='lat' dir='ltr'>bendendi,</span> <span class='ocrx_word' id='word_1_92' title='bbox 338 1274 424 1349; x_wconf 88' lang='lat' dir='ltr'>quasi</span> <span class='ocrx_word' id='word_1_93' title='bbox 446 1272 477 1331; x_wconf 92' lang='lat' dir='ltr'>id</span> <span class='ocrx_word' id='word_1_94' title='bbox 496 1274 562 1348; x_wconf 89' lang='lat' dir='ltr'>jure</span> <span class='ocrx_word' id='word_1_95' title='bbox 585 1291 713 1350; x_wconf 87' lang='lat' dir='ltr'>possem.</span> <span class='ocrx_word' id='word_1_96' title='bbox 756 1274 939 1335; x_wconf 86' lang='lat' dir='ltr'>Secreterine</span> <span class='ocrx_word' id='word_1_97' title='bbox 961 1274 1105 1334; x_wconf 90' lang='lat' dir='ltr'>Ordinum</span> <span class='ocrx_word' id='word_1_98' title='bbox 1120 1276 1292 1352; x_wconf 85' lang='lat' dir='ltr'>Speideline</span> <span class='ocrx_word' id='word_1_99' title='bbox 1321 1283 1431 1341; x_wconf 75' lang='lat' dir='ltr'>recten</span> <span class='ocrx_word' id='word_1_100' title='bbox 1456 1298 1512 1341; x_wconf 78' lang='grc' dir='ltr'>ει</span> 
     </span>
     <span class='ocr_line' id='line_1_11' title="bbox 161 1360 1370 1438; baseline 0.002 -16"><span class='ocrx_word' id='word_1_101' title='bbox 161 1360 300 1433; x_wconf 84' lang='lat' dir='ltr'>erederet,</span> <span class='ocrx_word' id='word_1_102' title='bbox 323 1378 419 1420; x_wconf 91' lang='lat' dir='ltr'>meam</span> <span class='ocrx_word' id='word_1_103' title='bbox 442 1360 588 1423; x_wconf 86' lang='lat' dir='ltr'>fortunam</span> <span class='ocrx_word' id='word_1_104' title='bbox 610 1361 790 1422; x_wconf 66' lang='lat' dir='ltr'>labefactare</span> <span class='ocrx_word' id='word_1_105' title='bbox 812 1364 910 1438; x_wconf 83' lang='lat' dir='ltr'>coepit</span> <span class='ocrx_word' id='word_1_106' title='bbox 931 1363 987 1422; x_wconf 88' lang='lat' dir='ltr'>snb</span> <span class='ocrx_word' id='word_1_107' title='bbox 1010 1367 1186 1425; x_wconf 89' lang='lat' dir='ltr'>auctoritate</span> <span class='ocrx_word' id='word_1_108' title='bbox 1208 1364 1370 1426; x_wconf 80' lang='lat' dir='ltr'>ordinum.</span> 
     </span>
    </p>
   </div>
   <div class='ocr_carea' id='block_1_5' title="bbox 159 1438 1528 1707">
    <p class='ocr_par' dir='ltr' id='par_1_5' title="bbox 159 1438 1528 1707">
     <span class='ocr_line' id='line_1_12' title="bbox 265 1438 1528 1536; baseline 0.006 -21"><span class='ocrx_word' id='word_1_109' title='bbox 265 1460 362 1516; x_wconf 87' lang='lat' dir='ltr'>Plures</span> <span class='ocrx_word' id='word_1_110' title='bbox 378 1469 486 1515; x_wconf 82' lang='lat' dir='ltr'>exstant</span> <span class='ocrx_word' id='word_1_111' title='bbox 510 1460 563 1515; x_wconf 91' lang='lat' dir='ltr'>hoc</span> <span class='ocrx_word' id='word_1_112' title='bbox 586 1477 657 1515; x_wconf 89' lang='lat' dir='ltr'>anno</span> <span class='ocrx_word' id='word_1_113' title='bbox 676 1462 809 1531; x_wconf 87' lang='lat' dir='ltr'>epistolae</span> <span class='ocrx_word' id='word_1_114' title='bbox 826 1460 938 1531; x_wconf 85' lang='lat' dir='ltr'>llepleri</span> <span class='ocrx_word' id='word_1_115' title='bbox 955 1463 991 1518; x_wconf 88' lang='lat' dir='ltr'>ed</span> <span class='ocrx_word' id='word_1_116' title='bbox 1010 1464 1184 1519; x_wconf 82' lang='lat' dir='ltr'>bteesttiuum</span> <span class='ocrx_word' id='word_1_117' title='bbox 1202 1466 1301 1527; x_wconf 83' lang='lat' dir='ltr'>datae.</span> <span class='ocrx_word' id='word_1_118' title='bbox 1328 1481 1346 1521; x_wconf 90' lang='lat' dir='ltr'>e</span> <span class='ocrx_word' id='word_1_119' title='bbox 1363 1468 1462 1536; x_wconf 77' lang='lat' dir='ltr'>quium</span> <span class='ocrx_word' id='word_1_120' title='bbox 1476 1438 1528 1523; x_wconf 80' lang='grc' dir='ltr'>ιε.ι</span> 
     </span>
     <span class='ocr_line' id='line_1_13' title="bbox 159 1548 1510 1621; baseline 0.004 -16"><span class='ocrx_word' id='word_1_121' title='bbox 159 1565 231 1620; x_wconf 86' lang='lat' dir='ltr'>quae</span> <span class='ocrx_word' id='word_1_122' title='bbox 247 1548 283 1602; x_wconf 92' lang='lat' dir='ltr'>ad</span> <span class='ocrx_word' id='word_1_123' title='bbox 300 1549 382 1603; x_wconf 83' lang='lat' dir='ltr'>vitam</span> <span class='ocrx_word' id='word_1_124' title='bbox 395 1548 506 1618; x_wconf 84' lang='lat' dir='ltr'>Kepleri</span> <span class='ocrx_word' id='word_1_125' title='bbox 524 1549 669 1618; x_wconf 82' lang='lat' dir='ltr'>pertinent,</span> <span class='ocrx_word' id='word_1_126' title='bbox 688 1549 734 1605; x_wconf 83' lang='lat' dir='ltr'>hic</span> <span class='ocrx_word' id='word_1_127' title='bbox 751 1550 908 1619; x_wconf 85' lang='lat' dir='ltr'>repetimus.</span> <span class='ocrx_word' id='word_1_128' title='bbox 940 1551 984 1605; x_wconf 80' lang='lat' dir='ltr'>Ad</span> <span class='ocrx_word' id='word_1_129' title='bbox 1002 1549 1096 1606; x_wconf 85' lang='lat' dir='ltr'>literas</span> <span class='ocrx_word' id='word_1_130' title='bbox 1108 1550 1258 1613; x_wconf 83' lang='lat' dir='ltr'>lftestlini,</span> <span class='ocrx_word' id='word_1_131' title='bbox 1277 1568 1354 1621; x_wconf 86' lang='lat' dir='ltr'>ques</span> <span class='ocrx_word' id='word_1_132' title='bbox 1371 1553 1408 1609; x_wconf 92' lang='lat' dir='ltr'>ed</span> <span class='ocrx_word' id='word_1_133' title='bbox 1424 1570 1510 1611; x_wconf 75' lang='lat' dir='ltr'>nen</span> 
     </span>
     <span class='ocr_line' id='line_1_14' title="bbox 164 1637 864 1707; baseline -0.003 -14"><span class='ocrx_word' id='word_1_134' title='bbox 164 1639 230 1696; x_wconf 76' lang='lat' dir='ltr'>tuot</span> <span class='ocrx_word' id='word_1_135' title='bbox 249 1637 437 1706; x_wconf 73' lang='lat' dir='ltr'>exhibuimus,</span> <span class='ocrx_word' id='word_1_136' title='bbox 463 1637 532 1693; x_wconf 83' lang='lat' dir='ltr'>baec</span> <span class='ocrx_word' id='word_1_137' title='bbox 554 1637 697 1707; x_wconf 80' lang='lat' dir='ltr'>respondit</span> <span class='ocrx_word' id='word_1_138' title='bbox 714 1637 864 1707; x_wconf 84' lang='lat' dir='ltr'>Keplerna:</span> 
     </span>
    </p>
   </div>
   <div class='ocr_carea' id='block_1_6' title="bbox 149 1729 1508 4615">
    <p class='ocr_par' dir='ltr' id='par_1_6' title="bbox 263 1729 1487 1807">
     <span class='ocr_line' id='line_1_15' title="bbox 263 1729 1487 1807; baseline 0.002 -16"><span class='ocrx_word' id='word_1_139' title='bbox 263 1729 477 1791; x_wconf 83' lang='lat' dir='ltr'>Felicissimum</span> <span class='ocrx_word' id='word_1_140' title='bbox 501 1749 609 1790; x_wconf 88' lang='lat' dir='ltr'>annum</span> <span class='ocrx_word' id='word_1_141' title='bbox 631 1730 816 1806; x_wconf 74' lang='lat' dir='ltr'>salutemque</span> <span class='ocrx_word' id='word_1_142' title='bbox 831 1730 1022 1807; x_wconf 81' lang='lat' dir='ltr'>temporalem</span> <span class='ocrx_word' id='word_1_143' title='bbox 1045 1739 1074 1790; x_wconf 91' lang='lat' dir='ltr'>et</span> <span class='ocrx_word' id='word_1_144' title='bbox 1096 1730 1280 1807; x_wconf 89' lang='lat' dir='ltr'>spiritualem</span> <span class='ocrx_word' id='word_1_145' title='bbox 1304 1735 1337 1791; x_wconf 92' lang='lat' dir='ltr'>in</span> <span class='ocrx_word' id='word_1_146' title='bbox 1360 1732 1438 1795; x_wconf 82' lang='lat' dir='ltr'>Claro</span> <span class='ocrx_word' id='word_1_147' title='bbox 1457 1736 1487 1796; x_wconf 83' lang='grc' dir='ltr'>Ρ.</span> 
     </span>
    </p>

    <p class='ocr_par' dir='ltr' id='par_1_7' title="bbox 149 1817 1508 4615">
     <span class='ocr_line' id='line_1_16' title="bbox 265 1817 1508 1898; baseline 0.005 -22"><span class='ocrx_word' id='word_1_148' title='bbox 265 1818 413 1894; x_wconf 87' lang='lat' dir='ltr'>Quantum</span> <span class='ocrx_word' id='word_1_149' title='bbox 437 1826 466 1878; x_wconf 91' lang='lat' dir='ltr'>et</span> <span class='ocrx_word' id='word_1_150' title='bbox 488 1836 571 1895; x_wconf 87' lang='lat' dir='ltr'>spem</span> <span class='ocrx_word' id='word_1_151' title='bbox 594 1827 624 1877; x_wconf 93' lang='lat' dir='ltr'>ct</span> <span class='ocrx_word' id='word_1_152' title='bbox 647 1825 718 1877; x_wconf 83' lang='lat' dir='ltr'>vota</span> <span class='ocrx_word' id='word_1_153' title='bbox 739 1835 806 1877; x_wconf 90' lang='lat' dir='ltr'>mea</span> <span class='ocrx_word' id='word_1_154' title='bbox 828 1826 955 1894; x_wconf 80' lang='lat' dir='ltr'>superet,</span> <span class='ocrx_word' id='word_1_155' title='bbox 979 1817 1058 1894; x_wconf 90' lang='lat' dir='ltr'>quod</span> <span class='ocrx_word' id='word_1_156' title='bbox 1081 1817 1181 1878; x_wconf 87' lang='lat' dir='ltr'>literas</span> <span class='ocrx_word' id='word_1_157' title='bbox 1196 1837 1215 1877; x_wconf 91' lang='lat' dir='ltr'>a</span> <span class='ocrx_word' id='word_1_158' title='bbox 1232 1819 1432 1898; x_wconf 87' lang='lat' dir='ltr'>Praeceptore</span> <span class='ocrx_word' id='word_1_159' title='bbox 1445 1840 1508 1897; x_wconf 86' lang='lat' dir='ltr'>mee,</span> 
     </span>
     <span class='ocr_line' id='line_1_17' title="bbox 160 1906 1508 1984; baseline 0.005 -19"><span class='ocrx_word' id='word_1_160' title='bbox 160 1910 225 1966; x_wconf 82' lang='lat' dir='ltr'>vtro</span> <span class='ocrx_word' id='word_1_161' title='bbox 248 1906 420 1979; x_wconf 86' lang='lat' dir='ltr'>clarissimo,</span> <span class='ocrx_word' id='word_1_162' title='bbox 443 1909 554 1982; x_wconf 87' lang='lat' dir='ltr'>accepi,</span> <span class='ocrx_word' id='word_1_163' title='bbox 577 1923 636 1965; x_wconf 88' lang='lat' dir='ltr'>non</span> <span class='ocrx_word' id='word_1_164' title='bbox 660 1923 781 1982; x_wconf 88' lang='lat' dir='ltr'>possum</span> <span class='ocrx_word' id='word_1_165' title='bbox 803 1908 876 1964; x_wconf 87' lang='lat' dir='ltr'>eatis</span> <span class='ocrx_word' id='word_1_166' title='bbox 898 1908 1012 1982; x_wconf 88' lang='lat' dir='ltr'>aperire</span> <span class='ocrx_word' id='word_1_167' title='bbox 1034 1907 1281 1984; x_wconf 84' lang='lat' dir='ltr'>manifestumque</span> <span class='ocrx_word' id='word_1_168' title='bbox 1305 1909 1415 1969; x_wconf 83' lang='lat' dir='ltr'>fecere.</span> <span class='ocrx_word' id='word_1_169' title='bbox 1447 1912 1508 1972; x_wconf 81' lang='lat' dir='ltr'>tlte</span> 
     </span>
     <span class='ocr_line' id='line_1_18' title="bbox 159 1992 1508 2070; baseline 0.004 -16"><span class='ocrx_word' id='word_1_170' title='bbox 159 2002 274 2070; x_wconf 88' lang='lat' dir='ltr'>tempus</span> <span class='ocrx_word' id='word_1_171' title='bbox 296 2003 326 2053; x_wconf 87' lang='lat' dir='ltr'>et</span> <span class='ocrx_word' id='word_1_172' title='bbox 355 1997 447 2053; x_wconf 88' lang='lat' dir='ltr'>otiam</span> <span class='ocrx_word' id='word_1_173' title='bbox 478 2010 565 2053; x_wconf 89' lang='lat' dir='ltr'>omne</span> <span class='ocrx_word' id='word_1_174' title='bbox 595 1992 708 2069; x_wconf 85' lang='lat' dir='ltr'>pridem</span> <span class='ocrx_word' id='word_1_175' title='bbox 737 1996 896 2069; x_wconf 80' lang='lat' dir='ltr'>occupavit</span> <span class='ocrx_word' id='word_1_176' title='bbox 925 1995 1091 2053; x_wconf 85' lang='lat' dir='ltr'>necessaria</span> <span class='ocrx_word' id='word_1_177' title='bbox 1118 1994 1267 2054; x_wconf 78' lang='lat' dir='ltr'>scribendi</span> <span class='ocrx_word' id='word_1_178' title='bbox 1296 1996 1445 2069; x_wconf 86' lang='lat' dir='ltr'>officium,</span> <span class='ocrx_word' id='word_1_179' title='bbox 1465 2016 1508 2059; x_wconf 84' lang='lat' dir='ltr'>ner</span> 
     </span>
     <span class='ocr_line' id='line_1_19' title="bbox 157 2080 1506 2158; baseline 0.004 -17"><span class='ocrx_word' id='word_1_180' title='bbox 157 2099 233 2158; x_wconf 88' lang='lat' dir='ltr'>opus</span> <span class='ocrx_word' id='word_1_181' title='bbox 256 2098 322 2142; x_wconf 82' lang='lat' dir='ltr'>ease</span> <span class='ocrx_word' id='word_1_182' title='bbox 345 2084 479 2141; x_wconf 83' lang='lat' dir='ltr'>existimo</span> <span class='ocrx_word' id='word_1_183' title='bbox 503 2082 556 2142; x_wconf 90' lang='lat' dir='ltr'>tibi</span> <span class='ocrx_word' id='word_1_184' title='bbox 579 2080 680 2142; x_wconf 87' lang='lat' dir='ltr'>lectori</span> <span class='ocrx_word' id='word_1_185' title='bbox 702 2098 801 2157; x_wconf 89' lang='lat' dir='ltr'>aequo</span> <span class='ocrx_word' id='word_1_186' title='bbox 824 2089 854 2141; x_wconf 91' lang='lat' dir='ltr'>et</span> <span class='ocrx_word' id='word_1_187' title='bbox 875 2080 1087 2140; x_wconf 86' lang='lat' dir='ltr'>humanissimo</span> <span class='ocrx_word' id='word_1_188' title='bbox 1109 2080 1156 2140; x_wconf 89' lang='lat' dir='ltr'>bia</span> <span class='ocrx_word' id='word_1_189' title='bbox 1173 2083 1334 2143; x_wconf 85' lang='lat' dir='ltr'>verborum</span> <span class='ocrx_word' id='word_1_190' title='bbox 1357 2084 1506 2146; x_wconf 82' lang='lat' dir='ltr'>tenoetntte</span> 
     </span>
     <span class='ocr_line' id='line_1_20' title="bbox 158 2168 1506 2245; baseline 0.003 -16"><span class='ocrx_word' id='word_1_191' title='bbox 158 2168 277 2229; x_wconf 84' lang='lat' dir='ltr'>Gratias</span> <span class='ocrx_word' id='word_1_192' title='bbox 299 2186 357 2245; x_wconf 82' lang='lat' dir='ltr'>ago</span> <span class='ocrx_word' id='word_1_193' title='bbox 379 2171 523 2229; x_wconf 84' lang='lat' dir='ltr'>maximas</span> <span class='ocrx_word' id='word_1_194' title='bbox 546 2186 599 2245; x_wconf 92' lang='lat' dir='ltr'>pro</span> <span class='ocrx_word' id='word_1_195' title='bbox 622 2185 667 2242; x_wconf 90' lang='lat' dir='ltr'>co,</span> <span class='ocrx_word' id='word_1_196' title='bbox 691 2168 771 2245; x_wconf 91' lang='lat' dir='ltr'>quod</span> <span class='ocrx_word' id='word_1_197' title='bbox 794 2168 973 2245; x_wconf 81' lang='lat' dir='ltr'>exemplaria</span> <span class='ocrx_word' id='word_1_198' title='bbox 995 2186 1062 2229; x_wconf 91' lang='lat' dir='ltr'>meo</span> <span class='ocrx_word' id='word_1_199' title='bbox 1084 2171 1203 2228; x_wconf 88' lang='lat' dir='ltr'>nomine</span> <span class='ocrx_word' id='word_1_200' title='bbox 1227 2170 1266 2229; x_wconf 89' lang='lat' dir='ltr'>ab</span> <span class='ocrx_word' id='word_1_201' title='bbox 1282 2169 1325 2233; x_wconf 88' lang='grc' dir='ltr'>Η.</span> <span class='ocrx_word' id='word_1_202' title='bbox 1341 2171 1408 2232; x_wconf 84' lang='lat' dir='ltr'>&#39;l&#39;ua</span> <span class='ocrx_word' id='word_1_203' title='bbox 1422 2173 1506 2233; x_wconf 82' lang='lat' dir='ltr'>dirui·</span> 
     </span>
     <span class='ocr_line' id='line_1_21' title="bbox 157 2255 1505 2333; baseline 0.003 -16"><span class='ocrx_word' id='word_1_204' title='bbox 157 2258 229 2317; x_wconf 90' lang='lat' dir='ltr'>buta</span> <span class='ocrx_word' id='word_1_205' title='bbox 252 2274 317 2317; x_wconf 88' lang='lat' dir='ltr'>ease</span> <span class='ocrx_word' id='word_1_206' title='bbox 340 2255 483 2333; x_wconf 87' lang='lat' dir='ltr'>intelligo.</span> <span class='ocrx_word' id='word_1_207' title='bbox 528 2256 704 2332; x_wconf 84' lang='lat' dir='ltr'>Quanquam</span> <span class='ocrx_word' id='word_1_208' title='bbox 727 2256 814 2316; x_wconf 88' lang='lat' dir='ltr'>aliter</span> <span class='ocrx_word' id='word_1_209' title='bbox 836 2258 988 2316; x_wconf 86' lang='lat' dir='ltr'>institutus</span> <span class='ocrx_word' id='word_1_210' title='bbox 1011 2265 1074 2316; x_wconf 86' lang='lat' dir='ltr'>eret</span> <span class='ocrx_word' id='word_1_211' title='bbox 1095 2256 1278 2331; x_wconf 84' lang='lat' dir='ltr'>tabellarius,</span> <span class='ocrx_word' id='word_1_212' title='bbox 1302 2267 1338 2318; x_wconf 87' lang='lat' dir='ltr'>ut</span> <span class='ocrx_word' id='word_1_213' title='bbox 1360 2260 1505 2322; x_wconf 65' lang='lat' dir='ltr'>scilicet!</span> 
     </span>
     <span class='ocr_line' id='line_1_22' title="bbox 156 2343 1504 2426; baseline 0.003 -22"><span class='ocrx_word' id='word_1_214' title='bbox 156 2345 195 2405; x_wconf 88' lang='lat' dir='ltr'>H.</span> <span class='ocrx_word' id='word_1_215' title='bbox 219 2344 303 2405; x_wconf 84' lang='lat' dir='ltr'>Tuae</span> <span class='ocrx_word' id='word_1_216' title='bbox 326 2351 420 2404; x_wconf 90' lang='lat' dir='ltr'>totum</span> <span class='ocrx_word' id='word_1_217' title='bbox 443 2345 615 2404; x_wconf 89' lang='lat' dir='ltr'>fasciculum</span> <span class='ocrx_word' id='word_1_218' title='bbox 639 2343 791 2404; x_wconf 83' lang='lat' dir='ltr'>exhiberet</span> <span class='ocrx_word' id='word_1_219' title='bbox 812 2351 1020 2420; x_wconf 85' lang='lat' dir='ltr'>patereturque</span> <span class='ocrx_word' id='word_1_220' title='bbox 1042 2345 1187 2420; x_wconf 76' lang='lat' dir='ltr'>relegere,</span> <span class='ocrx_word' id='word_1_221' title='bbox 1211 2344 1294 2421; x_wconf 92' lang='lat' dir='ltr'>qnod</span> <span class='ocrx_word' id='word_1_222' title='bbox 1318 2346 1359 2406; x_wconf 89' lang='lat' dir='ltr'>ad</span> <span class='ocrx_word' id='word_1_223' title='bbox 1382 2355 1414 2409; x_wconf 89' lang='lat' dir='ltr'>te</span> <span class='ocrx_word' id='word_1_224' title='bbox 1434 2365 1504 2426; x_wconf 83' lang='lat' dir='ltr'>spec·</span> 
     </span>
     <span class='ocr_line' id='line_1_23' title="bbox 156 2430 1503 2510; baseline 0.001 -17"><span class='ocrx_word' id='word_1_225' title='bbox 156 2438 249 2507; x_wconf 81' lang='lat' dir='ltr'>taret3</span> <span class='ocrx_word' id='word_1_226' title='bbox 271 2431 378 2493; x_wconf 87' lang='lat' dir='ltr'>deinde</span> <span class='ocrx_word' id='word_1_227' title='bbox 401 2441 519 2509; x_wconf 82' lang='lat' dir='ltr'>rogaret</span> <span class='ocrx_word' id='word_1_228' title='bbox 541 2433 570 2489; x_wconf 93' lang='lat' dir='ltr'>in</span> <span class='ocrx_word' id='word_1_229' title='bbox 585 2432 624 2490; x_wconf 89' lang='grc' dir='ltr'>Η,</span> <span class='ocrx_word' id='word_1_230' title='bbox 640 2430 725 2491; x_wconf 86' lang='lat' dir='ltr'>Tuae</span> <span class='ocrx_word' id='word_1_231' title='bbox 746 2430 880 2502; x_wconf 89' lang='lat' dir='ltr'>aedibus,</span> <span class='ocrx_word' id='word_1_232' title='bbox 902 2433 955 2491; x_wconf 95' lang='lat' dir='ltr'>ubi</span> <span class='ocrx_word' id='word_1_233' title='bbox 977 2431 1160 2508; x_wconf 87' lang='lat' dir='ltr'>stipendiarii</span> <span class='ocrx_word' id='word_1_234' title='bbox 1182 2440 1212 2492; x_wconf 90' lang='lat' dir='ltr'>et</span> <span class='ocrx_word' id='word_1_235' title='bbox 1235 2436 1329 2493; x_wconf 85' lang='lat' dir='ltr'>ceteri</span> <span class='ocrx_word' id='word_1_236' title='bbox 1343 2435 1503 2510; x_wconf 81' lang='lat' dir='ltr'>babitarent,</span> 
     </span>
     <span class='ocr_line' id='line_1_24' title="bbox 156 2517 1503 2597; baseline 0.004 -17"><span class='ocrx_word' id='word_1_237' title='bbox 156 2519 336 2597; x_wconf 87' lang='lat' dir='ltr'>exemplaria</span> <span class='ocrx_word' id='word_1_238' title='bbox 358 2517 497 2594; x_wconf 72' lang='lat' dir='ltr'>daeqoin</span> <span class='ocrx_word' id='word_1_239' title='bbox 521 2521 647 2590; x_wconf 90' lang='lat' dir='ltr'>nemini,</span> <span class='ocrx_word' id='word_1_240' title='bbox 677 2520 734 2577; x_wconf 84' lang='lat' dir='ltr'>nisi</span> <span class='ocrx_word' id='word_1_241' title='bbox 759 2520 808 2595; x_wconf 89' lang='lat' dir='ltr'>qni</span> <span class='ocrx_word' id='word_1_242' title='bbox 832 2521 955 2595; x_wconf 91' lang='lat' dir='ltr'>primam</span> <span class='ocrx_word' id='word_1_243' title='bbox 984 2522 1123 2595; x_wconf 85' lang='lat' dir='ltr'>paginam</span> <span class='ocrx_word' id='word_1_244' title='bbox 1145 2528 1336 2595; x_wconf 87' lang='lat' dir='ltr'>monstraret,</span> <span class='ocrx_word' id='word_1_245' title='bbox 1358 2523 1503 2585; x_wconf 72' lang='lat' dir='ltr'>exhibent</span> 
     </span>
     <span class='ocr_line' id='line_1_25' title="bbox 156 2607 1503 2687; baseline 0.004 -21"><span class='ocrx_word' id='word_1_246' title='bbox 156 2608 267 2668; x_wconf 87' lang='lat' dir='ltr'>Verum</span> <span class='ocrx_word' id='word_1_247' title='bbox 290 2607 369 2666; x_wconf 88' lang='lat' dir='ltr'>illios</span> <span class='ocrx_word' id='word_1_248' title='bbox 392 2607 590 2684; x_wconf 78' lang='lat' dir='ltr'>negligentiae</span> <span class='ocrx_word' id='word_1_249' title='bbox 613 2615 800 2684; x_wconf 88' lang='lat' dir='ltr'>prospectum</span> <span class='ocrx_word' id='word_1_250' title='bbox 822 2615 868 2666; x_wconf 84' lang='lat' dir='ltr'>eet</span> <span class='ocrx_word' id='word_1_251' title='bbox 889 2615 940 2666; x_wconf 91' lang='lat' dir='ltr'>toa</span> <span class='ocrx_word' id='word_1_252' title='bbox 963 2623 1033 2666; x_wconf 86' lang='lat' dir='ltr'>cura</span> <span class='ocrx_word' id='word_1_253' title='bbox 1057 2614 1086 2666; x_wconf 91' lang='lat' dir='ltr'>et</span> <span class='ocrx_word' id='word_1_254' title='bbox 1108 2607 1289 2681; x_wconf 81' lang='lat' dir='ltr'>sedulitate,</span> <span class='ocrx_word' id='word_1_255' title='bbox 1313 2610 1398 2687; x_wconf 93' lang='lat' dir='ltr'>qnod</span> <span class='ocrx_word' id='word_1_256' title='bbox 1418 2620 1450 2671; x_wconf 89' lang='lat' dir='ltr'>ut</span> <span class='ocrx_word' id='word_1_257' title='bbox 1467 2611 1503 2670; x_wconf 87' lang='lat' dir='ltr'>ni·</span> 
     </span>
     <span class='ocr_line' id='line_1_26' title="bbox 156 2694 1502 2771; baseline 0.004 -16"><span class='ocrx_word' id='word_1_258' title='bbox 156 2698 247 2755; x_wconf 89' lang='lat' dir='ltr'>mlum</span> <span class='ocrx_word' id='word_1_259' title='bbox 270 2697 366 2756; x_wconf 85' lang='lat' dir='ltr'>estin</span> <span class='ocrx_word' id='word_1_260' title='bbox 390 2695 528 2771; x_wconf 82' lang='lat' dir='ltr'>discipuli</span> <span class='ocrx_word' id='word_1_261' title='bbox 551 2696 680 2768; x_wconf 78' lang='lat' dir='ltr'>negotio,</span> <span class='ocrx_word' id='word_1_262' title='bbox 704 2697 746 2754; x_wconf 86' lang='lat' dir='ltr'>ita</span> <span class='ocrx_word' id='word_1_263' title='bbox 768 2694 863 2754; x_wconf 88' lang='lat' dir='ltr'>fateor</span> <span class='ocrx_word' id='word_1_264' title='bbox 884 2711 1000 2753; x_wconf 89' lang='lat' dir='ltr'>omnem</span> <span class='ocrx_word' id='word_1_265' title='bbox 1015 2697 1128 2769; x_wconf 87' lang='lat' dir='ltr'>gratiae</span> <span class='ocrx_word' id='word_1_266' title='bbox 1151 2694 1327 2757; x_wconf 80' lang='lat' dir='ltr'>referendae</span> <span class='ocrx_word' id='word_1_267' title='bbox 1348 2698 1502 2759; x_wconf 69' lang='lat' dir='ltr'>oenus·</span> 
     </span>
     <span class='ocr_line' id='line_1_27' title="bbox 155 2780 1502 2864; baseline 0.002 -21"><span class='ocrx_word' id='word_1_268' title='bbox 155 2802 302 2860; x_wconf 88' lang='lat' dir='ltr'>superare.</span> <span class='ocrx_word' id='word_1_269' title='bbox 334 2782 420 2843; x_wconf 86' lang='lat' dir='ltr'>Certe</span> <span class='ocrx_word' id='word_1_270' title='bbox 442 2785 467 2842; x_wconf 87' lang='lat' dir='ltr'>si</span> <span class='ocrx_word' id='word_1_271' title='bbox 484 2780 623 2858; x_wconf 89' lang='lat' dir='ltr'>impedire</span> <span class='ocrx_word' id='word_1_272' title='bbox 646 2781 703 2841; x_wconf 92' lang='lat' dir='ltr'>boc</span> <span class='ocrx_word' id='word_1_273' title='bbox 724 2785 896 2859; x_wconf 85' lang='lat' dir='ltr'>potuissem,</span> <span class='ocrx_word' id='word_1_274' title='bbox 919 2799 1070 2858; x_wconf 91' lang='lat' dir='ltr'>nunquam</span> <span class='ocrx_word' id='word_1_275' title='bbox 1093 2781 1155 2841; x_wconf 84' lang='lat' dir='ltr'>beri</span> <span class='ocrx_word' id='word_1_276' title='bbox 1171 2784 1386 2858; x_wconf 79' lang='lat' dir='ltr'>permisissem.</span> <span class='ocrx_word' id='word_1_277' title='bbox 1418 2786 1502 2864; x_wconf 75' lang='lat' dir='ltr'>lpeu</span> 
     </span>
     <span class='ocr_line' id='line_1_28' title="bbox 156 2868 1502 2951; baseline 0.002 -20"><span class='ocrx_word' id='word_1_278' title='bbox 156 2871 273 2949; x_wconf 87' lang='lat' dir='ltr'>quidem</span> <span class='ocrx_word' id='word_1_279' title='bbox 297 2868 504 2931; x_wconf 83' lang='lat' dir='ltr'>calendarium</span> <span class='ocrx_word' id='word_1_280' title='bbox 527 2868 625 2930; x_wconf 88' lang='lat' dir='ltr'>adbuc</span> <span class='ocrx_word' id='word_1_281' title='bbox 647 2878 759 2929; x_wconf 88' lang='lat' dir='ltr'>certum</span> <span class='ocrx_word' id='word_1_282' title='bbox 782 2877 836 2929; x_wconf 86' lang='lat' dir='ltr'>eat.</span> <span class='ocrx_word' id='word_1_283' title='bbox 875 2869 981 2944; x_wconf 86' lang='lat' dir='ltr'>Frigus</span> <span class='ocrx_word' id='word_1_284' title='bbox 1004 2868 1167 2929; x_wconf 88' lang='lat' dir='ltr'>inauditum</span> <span class='ocrx_word' id='word_1_285' title='bbox 1190 2879 1238 2929; x_wconf 89' lang='lat' dir='ltr'>est</span> <span class='ocrx_word' id='word_1_286' title='bbox 1259 2870 1310 2932; x_wconf 87' lang='lat' dir='ltr'>bis</span> <span class='ocrx_word' id='word_1_287' title='bbox 1332 2874 1364 2930; x_wconf 91' lang='lat' dir='ltr'>in</span> <span class='ocrx_word' id='word_1_288' title='bbox 1387 2875 1502 2951; x_wconf 85' lang='lat' dir='ltr'>regioni-</span> 
     </span>
     <span class='ocr_line' id='line_1_29' title="bbox 155 2956 1502 3036; baseline 0.002 -17"><span class='ocrx_word' id='word_1_289' title='bbox 155 2961 220 3022; x_wconf 84' lang='lat' dir='ltr'>bus.</span> <span class='ocrx_word' id='word_1_290' title='bbox 264 2959 421 3036; x_wconf 75' lang='lat' dir='ltr'>Agasonea</span> <span class='ocrx_word' id='word_1_291' title='bbox 444 2960 473 3016; x_wconf 94' lang='lat' dir='ltr'>in</span> <span class='ocrx_word' id='word_1_292' title='bbox 496 2957 623 3034; x_wconf 82' lang='lat' dir='ltr'>Alpibus</span> <span class='ocrx_word' id='word_1_293' title='bbox 645 2958 764 3033; x_wconf 91' lang='lat' dir='ltr'>plurimi</span> <span class='ocrx_word' id='word_1_294' title='bbox 786 2957 894 3033; x_wconf 77' lang='lat' dir='ltr'>frigore</span> <span class='ocrx_word' id='word_1_295' title='bbox 917 2964 1048 3033; x_wconf 83' lang='lat' dir='ltr'>pereunt,</span> <span class='ocrx_word' id='word_1_296' title='bbox 1072 2956 1202 3032; x_wconf 86' lang='lat' dir='ltr'>quidam,</span> <span class='ocrx_word' id='word_1_297' title='bbox 1226 2965 1260 3016; x_wconf 90' lang='lat' dir='ltr'>ut</span> <span class='ocrx_word' id='word_1_298' title='bbox 1282 2976 1340 3035; x_wconf 92' lang='lat' dir='ltr'>pro</span> <span class='ocrx_word' id='word_1_299' title='bbox 1354 2968 1502 3021; x_wconf 87' lang='lat' dir='ltr'>certoner·</span> 
     </span>
     <span class='ocr_line' id='line_1_30' title="bbox 155 3045 1501 3124; baseline 0.004 -19"><span class='ocrx_word' id='word_1_300' title='bbox 155 3057 247 3121; x_wconf 87' lang='lat' dir='ltr'>ratur,</span> <span class='ocrx_word' id='word_1_301' title='bbox 271 3053 428 3124; x_wconf 84' lang='lat' dir='ltr'>postquam</span> <span class='ocrx_word' id='word_1_302' title='bbox 451 3045 572 3105; x_wconf 90' lang='lat' dir='ltr'>domum</span> <span class='ocrx_word' id='word_1_303' title='bbox 594 3045 760 3121; x_wconf 81' lang='lat' dir='ltr'>appulerint</span> <span class='ocrx_word' id='word_1_304' title='bbox 793 3060 897 3103; x_wconf 90' lang='lat' dir='ltr'>nasum</span> <span class='ocrx_word' id='word_1_305' title='bbox 921 3053 953 3102; x_wconf 91' lang='lat' dir='ltr'>ut</span> <span class='ocrx_word' id='word_1_306' title='bbox 975 3061 1093 3103; x_wconf 88' lang='lat' dir='ltr'>mucum</span> <span class='ocrx_word' id='word_1_307' title='bbox 1121 3054 1296 3121; x_wconf 88' lang='lat' dir='ltr'>emungunt.</span> <span class='ocrx_word' id='word_1_308' title='bbox 1343 3047 1501 3110; x_wconf 68' lang='lat' dir='ltr'>euenere</span> 
     </span>
     <span class='ocr_line' id='line_1_31' title="bbox 154 3130 1501 3212; baseline 0.004 -20"><span class='ocrx_word' id='word_1_309' title='bbox 154 3152 259 3212; x_wconf 89' lang='lat' dir='ltr'>nempe</span> <span class='ocrx_word' id='word_1_310' title='bbox 282 3137 354 3210; x_wconf 86' lang='lat' dir='ltr'>ipsis</span> <span class='ocrx_word' id='word_1_311' title='bbox 377 3134 523 3202; x_wconf 85' lang='lat' dir='ltr'>membra,</span> <span class='ocrx_word' id='word_1_312' title='bbox 556 3133 662 3208; x_wconf 86' lang='lat' dir='ltr'>frigore</span> <span class='ocrx_word' id='word_1_313' title='bbox 684 3140 773 3193; x_wconf 89' lang='lat' dir='ltr'>tacta.</span> <span class='ocrx_word' id='word_1_314' title='bbox 820 3132 857 3190; x_wconf 83' lang='lat' dir='ltr'>Et</span> <span class='ocrx_word' id='word_1_315' title='bbox 879 3131 977 3191; x_wconf 83' lang='lat' dir='ltr'>Tusca</span> <span class='ocrx_word' id='word_1_316' title='bbox 999 3131 1045 3191; x_wconf 88' lang='lat' dir='ltr'>bia</span> <span class='ocrx_word' id='word_1_317' title='bbox 1070 3130 1181 3204; x_wconf 85' lang='lat' dir='ltr'>diebus,</span> <span class='ocrx_word' id='word_1_318' title='bbox 1206 3135 1320 3208; x_wconf 83' lang='lat' dir='ltr'>quibus</span> <span class='ocrx_word' id='word_1_319' title='bbox 1340 3135 1443 3197; x_wconf 83' lang='lat' dir='ltr'>literas</span> <span class='ocrx_word' id='word_1_320' title='bbox 1460 3152 1501 3197; x_wconf 83' lang='lat' dir='ltr'>ee·</span> 
     </span>
     <span class='ocr_line' id='line_1_32' title="bbox 154 3218 1499 3298; baseline 0 -16"><span class='ocrx_word' id='word_1_321' title='bbox 154 3225 228 3298; x_wconf 88' lang='lat' dir='ltr'>cepi,</span> <span class='ocrx_word' id='word_1_322' title='bbox 252 3223 391 3282; x_wconf 85' lang='lat' dir='ltr'>videlicet</span> <span class='ocrx_word' id='word_1_323' title='bbox 414 3220 551 3280; x_wconf 83' lang='lat' dir='ltr'>Calendis</span> <span class='ocrx_word' id='word_1_324' title='bbox 573 3218 725 3279; x_wconf 87' lang='lat' dir='ltr'>Januariis</span> <span class='ocrx_word' id='word_1_325' title='bbox 747 3226 784 3279; x_wconf 85' lang='lat' dir='ltr'>et.</span> <span class='ocrx_word' id='word_1_326' title='bbox 800 3236 830 3280; x_wconf 89' lang='lat' dir='ltr'>n.</span> <span class='ocrx_word' id='word_1_327' title='bbox 854 3236 968 3278; x_wconf 90' lang='lat' dir='ltr'>omnem</span> <span class='ocrx_word' id='word_1_328' title='bbox 991 3220 1149 3292; x_wconf 82' lang='lat' dir='ltr'>regionem,</span> <span class='ocrx_word' id='word_1_329' title='bbox 1173 3237 1251 3295; x_wconf 90' lang='lat' dir='ltr'>qnae</span> <span class='ocrx_word' id='word_1_330' title='bbox 1276 3221 1355 3282; x_wconf 87' lang='lat' dir='ltr'>infre</span> <span class='ocrx_word' id='word_1_331' title='bbox 1370 3224 1499 3285; x_wconf 82' lang='lat' dir='ltr'>Viennae</span> 
     </span>
     <span class='ocr_line' id='line_1_33' title="bbox 153 3306 1499 3386; baseline 0.002 -18"><span class='ocrx_word' id='word_1_332' title='bbox 153 3318 207 3383; x_wconf 82' lang='lat' dir='ltr'>eat,</span> <span class='ocrx_word' id='word_1_333' title='bbox 231 3308 423 3369; x_wconf 86' lang='lat' dir='ltr'>Neostadium</span> <span class='ocrx_word' id='word_1_334' title='bbox 446 3326 542 3383; x_wconf 90' lang='lat' dir='ltr'>usque</span> <span class='ocrx_word' id='word_1_335' title='bbox 563 3306 708 3367; x_wconf 85' lang='lat' dir='ltr'>incendite</span> <span class='ocrx_word' id='word_1_336' title='bbox 732 3308 876 3379; x_wconf 82' lang='lat' dir='ltr'>vastavit,</span> <span class='ocrx_word' id='word_1_337' title='bbox 900 3309 1048 3383; x_wconf 86' lang='lat' dir='ltr'>mancipia</span> <span class='ocrx_word' id='word_1_338' title='bbox 1070 3315 1101 3367; x_wconf 90' lang='lat' dir='ltr'>et</span> <span class='ocrx_word' id='word_1_339' title='bbox 1122 3307 1249 3384; x_wconf 81' lang='lat' dir='ltr'>praedae</span> <span class='ocrx_word' id='word_1_340' title='bbox 1273 3310 1390 3386; x_wconf 87' lang='lat' dir='ltr'>abegit.</span> <span class='ocrx_word' id='word_1_341' title='bbox 1433 3311 1499 3371; x_wconf 82' lang='lat' dir='ltr'>lieet</span> 
     </span>
     <span class='ocr_line' id='line_1_34' title="bbox 154 3393 1499 3474; baseline 0.001 -19"><span class='ocrx_word' id='word_1_342' title='bbox 154 3397 205 3456; x_wconf 92' lang='lat' dir='ltr'>illa</span> <span class='ocrx_word' id='word_1_343' title='bbox 227 3397 298 3474; x_wconf 87' lang='lat' dir='ltr'>luga</span> <span class='ocrx_word' id='word_1_344' title='bbox 320 3405 381 3468; x_wconf 87' lang='lat' dir='ltr'>est,</span> <span class='ocrx_word' id='word_1_345' title='bbox 411 3414 499 3470; x_wconf 87' lang='lat' dir='ltr'>qnam</span> <span class='ocrx_word' id='word_1_346' title='bbox 522 3396 617 3455; x_wconf 87' lang='lat' dir='ltr'>hieme</span> <span class='ocrx_word' id='word_1_347' title='bbox 639 3412 676 3454; x_wconf 92' lang='lat' dir='ltr'>ne</span> <span class='ocrx_word' id='word_1_348' title='bbox 699 3394 751 3454; x_wconf 83' lang='lat' dir='ltr'>dat</span> <span class='ocrx_word' id='word_1_349' title='bbox 773 3393 946 3470; x_wconf 87' lang='lat' dir='ltr'>deprecatus</span> <span class='ocrx_word' id='word_1_350' title='bbox 970 3412 1044 3455; x_wconf 89' lang='lat' dir='ltr'>sum.</span> <span class='ocrx_word' id='word_1_351' title='bbox 1091 3395 1137 3455; x_wconf 93' lang='lat' dir='ltr'>De</span> <span class='ocrx_word' id='word_1_352' title='bbox 1158 3395 1238 3471; x_wconf 82' lang='lat' dir='ltr'>stylo</span> <span class='ocrx_word' id='word_1_353' title='bbox 1269 3414 1343 3457; x_wconf 84' lang='lat' dir='ltr'>vero</span> <span class='ocrx_word' id='word_1_354' title='bbox 1366 3401 1439 3458; x_wconf 83' lang='lat' dir='ltr'>satie</span> <span class='ocrx_word' id='word_1_355' title='bbox 1458 3417 1499 3459; x_wconf 86' lang='lat' dir='ltr'>er·</span> 
     </span>
     <span class='ocr_line' id='line_1_35' title="bbox 154 3481 1498 3556; baseline 0 -11"><span class='ocrx_word' id='word_1_356' title='bbox 154 3488 256 3545; x_wconf 78' lang='lat' dir='ltr'>ansani</span> <span class='ocrx_word' id='word_1_357' title='bbox 278 3483 317 3544; x_wconf 91' lang='lat' dir='ltr'>ad</span> <span class='ocrx_word' id='word_1_358' title='bbox 341 3485 378 3545; x_wconf 90' lang='lat' dir='ltr'>D.</span> <span class='ocrx_word' id='word_1_359' title='bbox 395 3485 430 3544; x_wconf 89' lang='lat' dir='ltr'>D.</span> <span class='ocrx_word' id='word_1_360' title='bbox 455 3482 675 3542; x_wconf 87' lang='lat' dir='ltr'>Hafcrefiernm.</span> <span class='ocrx_word' id='word_1_361' title='bbox 714 3483 760 3541; x_wconf 91' lang='lat' dir='ltr'>De</span> <span class='ocrx_word' id='word_1_362' title='bbox 784 3484 895 3541; x_wconf 79' lang='lat' dir='ltr'>viatico</span> <span class='ocrx_word' id='word_1_363' title='bbox 919 3481 1036 3556; x_wconf 83' lang='lat' dir='ltr'>gaudeo</span> <span class='ocrx_word' id='word_1_364' title='bbox 1061 3482 1107 3541; x_wconf 82' lang='lat' dir='ltr'>vel</span> <span class='ocrx_word' id='word_1_365' title='bbox 1130 3481 1250 3542; x_wconf 89' lang='lat' dir='ltr'>tandem</span> <span class='ocrx_word' id='word_1_366' title='bbox 1274 3484 1349 3543; x_wconf 83' lang='lat' dir='ltr'>milri</span> <span class='ocrx_word' id='word_1_367' title='bbox 1371 3496 1498 3547; x_wconf 82' lang='lat' dir='ltr'>exemten</span> 
     </span>
     <span class='ocr_line' id='line_1_36' title="bbox 154 3568 1497 3649; baseline 0.001 -17"><span class='ocrx_word' id='word_1_368' title='bbox 154 3591 218 3633; x_wconf 87' lang='lat' dir='ltr'>esec</span> <span class='ocrx_word' id='word_1_369' title='bbox 242 3590 351 3645; x_wconf 88' lang='lat' dir='ltr'>curam,</span> <span class='ocrx_word' id='word_1_370' title='bbox 376 3589 452 3647; x_wconf 90' lang='lat' dir='ltr'>quae</span> <span class='ocrx_word' id='word_1_371' title='bbox 475 3589 522 3629; x_wconf 90' lang='lat' dir='ltr'>me</span> <span class='ocrx_word' id='word_1_372' title='bbox 544 3573 672 3646; x_wconf 81' lang='lat' dir='ltr'>pessime</span> <span class='ocrx_word' id='word_1_373' title='bbox 694 3569 833 3631; x_wconf 89' lang='lat' dir='ltr'>habebat.</span> <span class='ocrx_word' id='word_1_374' title='bbox 872 3569 937 3629; x_wconf 86' lang='lat' dir='ltr'>Non</span> <span class='ocrx_word' id='word_1_375' title='bbox 960 3586 1081 3645; x_wconf 88' lang='lat' dir='ltr'>possum</span> <span class='ocrx_word' id='word_1_376' title='bbox 1104 3568 1178 3629; x_wconf 88' lang='lat' dir='ltr'>ferre</span> <span class='ocrx_word' id='word_1_377' title='bbox 1192 3572 1497 3649; x_wconf 79' lang='lat' dir='ltr'>praeceptornmodia</span> 
     </span>
     <span class='ocr_line' id='line_1_37' title="bbox 154 3651 1496 3740; baseline 0.002 -21"><span class='ocrx_word' id='word_1_378' title='bbox 154 3678 278 3736; x_wconf 89' lang='lat' dir='ltr'>quorum</span> <span class='ocrx_word' id='word_1_379' title='bbox 303 3678 337 3718; x_wconf 87' lang='lat' dir='ltr'>ex</span> <span class='ocrx_word' id='word_1_380' title='bbox 362 3661 465 3718; x_wconf 81' lang='lat' dir='ltr'>farore</span> <span class='ocrx_word' id='word_1_381' title='bbox 495 3658 576 3717; x_wconf 85' lang='lat' dir='ltr'>salus</span> <span class='ocrx_word' id='word_1_382' title='bbox 606 3676 671 3717; x_wconf 88' lang='lat' dir='ltr'>mea</span> <span class='ocrx_word' id='word_1_383' title='bbox 704 3656 823 3734; x_wconf 89' lang='lat' dir='ltr'>pendet.</span> <span class='ocrx_word' id='word_1_384' title='bbox 865 3651 988 3740; x_wconf 88' lang='lat' dir='ltr'>(Curam</span> <span class='ocrx_word' id='word_1_385' title='bbox 1012 3656 1112 3732; x_wconf 89' lang='lat' dir='ltr'>injecit</span> <span class='ocrx_word' id='word_1_386' title='bbox 1141 3656 1214 3715; x_wconf 89' lang='lat' dir='ltr'>mihi</span> <span class='ocrx_word' id='word_1_387' title='bbox 1236 3659 1362 3733; x_wconf 90' lang='lat' dir='ltr'>qnidam</span> <span class='ocrx_word' id='word_1_388' title='bbox 1385 3678 1496 3722; x_wconf 73' lang='lat' dir='ltr'>meum</span> 
     </span>
     <span class='ocr_line' id='line_1_38' title="bbox 152 3742 1496 3825; baseline 0 -18"><span class='ocrx_word' id='word_1_389' title='bbox 152 3747 307 3820; x_wconf 82' lang='lat' dir='ltr'>sodalium,</span> <span class='ocrx_word' id='word_1_390' title='bbox 331 3748 415 3823; x_wconf 87' lang='lat' dir='ltr'>cujus</span> <span class='ocrx_word' id='word_1_391' title='bbox 432 3747 534 3805; x_wconf 87' lang='lat' dir='ltr'>literae</span> <span class='ocrx_word' id='word_1_392' title='bbox 551 3753 663 3805; x_wconf 89' lang='lat' dir='ltr'>mature</span> <span class='ocrx_word' id='word_1_393' title='bbox 678 3748 822 3822; x_wconf 81' lang='lat' dir='ltr'>scriptae,</span> <span class='ocrx_word' id='word_1_394' title='bbox 844 3743 896 3804; x_wconf 92' lang='lat' dir='ltr'>sed</span> <span class='ocrx_word' id='word_1_395' title='bbox 912 3742 995 3804; x_wconf 90' lang='lat' dir='ltr'>tarde</span> <span class='ocrx_word' id='word_1_396' title='bbox 1009 3742 1168 3804; x_wconf 89' lang='lat' dir='ltr'>admodum</span> <span class='ocrx_word' id='word_1_397' title='bbox 1187 3753 1259 3804; x_wconf 86' lang='lat' dir='ltr'>eunt</span> <span class='ocrx_word' id='word_1_398' title='bbox 1272 3746 1432 3825; x_wconf 82' lang='lat' dir='ltr'>redditae.)</span> <span class='ocrx_word' id='word_1_399' title='bbox 1462 3748 1496 3807; x_wconf 84' lang='lat' dir='ltr'>Da</span> 
     </span>
     <span class='ocr_line' id='line_1_39' title="bbox 151 3831 1494 3908; baseline -0.001 -14"><span class='ocrx_word' id='word_1_400' title='bbox 151 3837 203 3895; x_wconf 90' lang='lat' dir='ltr'>illo</span> <span class='ocrx_word' id='word_1_401' title='bbox 219 3853 290 3895; x_wconf 81' lang='lat' dir='ltr'>vero</span> <span class='ocrx_word' id='word_1_402' title='bbox 305 3833 442 3894; x_wconf 88' lang='lat' dir='ltr'>malefido</span> <span class='ocrx_word' id='word_1_403' title='bbox 459 3836 641 3893; x_wconf 90' lang='lat' dir='ltr'>internuncio</span> <span class='ocrx_word' id='word_1_404' title='bbox 659 3833 718 3892; x_wconf 91' lang='lat' dir='ltr'>alio</span> <span class='ocrx_word' id='word_1_405' title='bbox 735 3841 879 3908; x_wconf 90' lang='lat' dir='ltr'>tempore,</span> <span class='ocrx_word' id='word_1_406' title='bbox 903 3848 969 3890; x_wconf 89' lang='lat' dir='ltr'>cum</span> <span class='ocrx_word' id='word_1_407' title='bbox 992 3831 1109 3891; x_wconf 90' lang='lat' dir='ltr'>domum</span> <span class='ocrx_word' id='word_1_408' title='bbox 1127 3849 1246 3906; x_wconf 82' lang='lat' dir='ltr'>renero,</span> <span class='ocrx_word' id='word_1_409' title='bbox 1272 3834 1393 3898; x_wconf 85' lang='lat' dir='ltr'>videbo.</span> <span class='ocrx_word' id='word_1_410' title='bbox 1422 3837 1455 3896; x_wconf 90' lang='lat' dir='ltr'>D.</span> <span class='ocrx_word' id='word_1_411' title='bbox 1467 3834 1494 3894; x_wconf 89' lang='lat' dir='ltr'>D.</span> 
     </span>
     <span class='ocr_line' id='line_1_40' title="bbox 152 3920 1494 4001; baseline -0.002 -17"><span class='ocrx_word' id='word_1_412' title='bbox 152 3923 405 3984; x_wconf 87' lang='lat' dir='ltr'>Hafereffero</span> <span class='ocrx_word' id='word_1_413' title='bbox 429 3922 526 3981; x_wconf 88' lang='lat' dir='ltr'>scribo</span> <span class='ocrx_word' id='word_1_414' title='bbox 550 3920 692 3980; x_wconf 88' lang='lat' dir='ltr'>hactenus</span> <span class='ocrx_word' id='word_1_415' title='bbox 715 3921 826 3996; x_wconf 85' lang='lat' dir='ltr'>etjam</span> <span class='ocrx_word' id='word_1_416' title='bbox 851 3921 1005 3995; x_wconf 78' lang='lat' dir='ltr'>septimam</span> <span class='ocrx_word' id='word_1_417' title='bbox 1028 3922 1166 3996; x_wconf 80' lang='lat' dir='ltr'>paginam</span> <span class='ocrx_word' id='word_1_418' title='bbox 1191 3920 1323 3983; x_wconf 81' lang='lat' dir='ltr'>absolvi.</span> <span class='ocrx_word' id='word_1_419' title='bbox 1362 3922 1421 3984; x_wconf 83' lang='lat' dir='ltr'>Sed</span> <span class='ocrx_word' id='word_1_420' title='bbox 1439 3923 1494 4001; x_wconf 85' lang='lat' dir='ltr'>quie</span> 
     </span>
     <span class='ocr_line' id='line_1_41' title="bbox 152 4007 1494 4085; baseline 0.002 -16"><span class='ocrx_word' id='word_1_421' title='bbox 152 4011 181 4070; x_wconf 90' lang='lat' dir='ltr'>id</span> <span class='ocrx_word' id='word_1_422' title='bbox 205 4010 301 4070; x_wconf 89' lang='lat' dir='ltr'>adhuc</span> <span class='ocrx_word' id='word_1_423' title='bbox 325 4009 417 4079; x_wconf 85' lang='lat' dir='ltr'>deest,</span> <span class='ocrx_word' id='word_1_424' title='bbox 441 4007 521 4084; x_wconf 90' lang='lat' dir='ltr'>quod</span> <span class='ocrx_word' id='word_1_425' title='bbox 544 4010 729 4084; x_wconf 86' lang='lat' dir='ltr'>potissimum</span> <span class='ocrx_word' id='word_1_426' title='bbox 753 4010 846 4084; x_wconf 89' lang='lat' dir='ltr'>ipsius</span> <span class='ocrx_word' id='word_1_427' title='bbox 869 4009 1030 4083; x_wconf 85' lang='lat' dir='ltr'>cognitioni</span> <span class='ocrx_word' id='word_1_428' title='bbox 1053 4007 1194 4083; x_wconf 88' lang='lat' dir='ltr'>subjicio,</span> <span class='ocrx_word' id='word_1_429' title='bbox 1218 4011 1402 4085; x_wconf 84' lang='lat' dir='ltr'>exspectabo</span> <span class='ocrx_word' id='word_1_430' title='bbox 1422 4012 1494 4071; x_wconf 72' lang='lat' dir='ltr'>elit!</span> 
     </span>
     <span class='ocr_line' id='line_1_42' title="bbox 151 4094 1494 4172; baseline -0.002 -14"><span class='ocrx_word' id='word_1_431' title='bbox 151 4100 345 4160; x_wconf 85' lang='lat' dir='ltr'>occasionem.</span> <span class='ocrx_word' id='word_1_432' title='bbox 392 4097 428 4154; x_wconf 87' lang='lat' dir='ltr'>D.</span> <span class='ocrx_word' id='word_1_433' title='bbox 452 4095 493 4153; x_wconf 91' lang='lat' dir='ltr'>M.</span> <span class='ocrx_word' id='word_1_434' title='bbox 510 4095 666 4155; x_wconf 87' lang='lat' dir='ltr'>Mttllero</span> <span class='ocrx_word' id='word_1_435' title='bbox 691 4094 762 4172; x_wconf 91' lang='lat' dir='ltr'>quid</span> <span class='ocrx_word' id='word_1_436' title='bbox 784 4095 899 4168; x_wconf 89' lang='lat' dir='ltr'>faciam,</span> <span class='ocrx_word' id='word_1_437' title='bbox 923 4097 1032 4154; x_wconf 86' lang='lat' dir='ltr'>neseio.</span> <span class='ocrx_word' id='word_1_438' title='bbox 1071 4095 1182 4154; x_wconf 82' lang='lat' dir='ltr'>Forsan</span> <span class='ocrx_word' id='word_1_439' title='bbox 1200 4112 1292 4168; x_wconf 82' lang='lat' dir='ltr'>aegre</span> <span class='ocrx_word' id='word_1_440' title='bbox 1314 4096 1389 4159; x_wconf 87' lang='lat' dir='ltr'>feret</span> <span class='ocrx_word' id='word_1_441' title='bbox 1408 4097 1494 4159; x_wconf 85' lang='lat' dir='ltr'>antia</span> 
     </span>
     <span class='ocr_line' id='line_1_43' title="bbox 150 4181 1493 4259; baseline -0.001 -13"><span class='ocrx_word' id='word_1_442' title='bbox 150 4188 195 4246; x_wconf 87' lang='lat' dir='ltr'>sul</span> <span class='ocrx_word' id='word_1_443' title='bbox 224 4191 404 4246; x_wconf 89' lang='lat' dir='ltr'>contemtum</span> <span class='ocrx_word' id='word_1_444' title='bbox 431 4185 540 4259; x_wconf 89' lang='lat' dir='ltr'>rapiet,</span> <span class='ocrx_word' id='word_1_445' title='bbox 572 4183 650 4259; x_wconf 87' lang='lat' dir='ltr'>quod</span> <span class='ocrx_word' id='word_1_446' title='bbox 675 4181 882 4243; x_wconf 87' lang='lat' dir='ltr'>Calendartum</span> <span class='ocrx_word' id='word_1_447' title='bbox 910 4183 967 4258; x_wconf 90' lang='lat' dir='ltr'>ipsi</span> <span class='ocrx_word' id='word_1_448' title='bbox 998 4199 1056 4241; x_wconf 88' lang='lat' dir='ltr'>non</span> <span class='ocrx_word' id='word_1_449' title='bbox 1080 4184 1161 4251; x_wconf 88' lang='lat' dir='ltr'>misi,</span> <span class='ocrx_word' id='word_1_450' title='bbox 1195 4185 1247 4257; x_wconf 88' lang='lat' dir='ltr'>qnt</span> <span class='ocrx_word' id='word_1_451' title='bbox 1276 4201 1337 4244; x_wconf 91' lang='lat' dir='ltr'>non</span> <span class='ocrx_word' id='word_1_452' title='bbox 1359 4187 1451 4245; x_wconf 88' lang='lat' dir='ltr'>minue</span> <span class='ocrx_word' id='word_1_453' title='bbox 1467 4196 1493 4244; x_wconf 81' lang='lat' dir='ltr'>tt</span> 
     </span>
     <span class='ocr_line' id='line_1_44' title="bbox 151 4268 1494 4348; baseline -0.001 -14"><span class='ocrx_word' id='word_1_454' title='bbox 151 4277 239 4334; x_wconf 89' lang='lat' dir='ltr'>ceteri</span> <span class='ocrx_word' id='word_1_455' title='bbox 269 4272 307 4332; x_wconf 91' lang='lat' dir='ltr'>ad</span> <span class='ocrx_word' id='word_1_456' title='bbox 339 4271 417 4331; x_wconf 92' lang='lat' dir='ltr'>bnnc</span> <span class='ocrx_word' id='word_1_457' title='bbox 439 4272 535 4330; x_wconf 87' lang='lat' dir='ltr'>locum</span> <span class='ocrx_word' id='word_1_458' title='bbox 560 4289 606 4330; x_wconf 89' lang='lat' dir='ltr'>me</span> <span class='ocrx_word' id='word_1_459' title='bbox 629 4272 788 4348; x_wconf 79' lang='lat' dir='ltr'>promovit.</span> <span class='ocrx_word' id='word_1_460' title='bbox 834 4268 893 4329; x_wconf 87' lang='lat' dir='ltr'>Sed</span> <span class='ocrx_word' id='word_1_461' title='bbox 917 4273 959 4329; x_wconf 89' lang='lat' dir='ltr'>ita</span> <span class='ocrx_word' id='word_1_462' title='bbox 980 4269 1088 4340; x_wconf 89' lang='lat' dir='ltr'>babet,</span> <span class='ocrx_word' id='word_1_463' title='bbox 1120 4279 1152 4328; x_wconf 90' lang='lat' dir='ltr'>ut</span> <span class='ocrx_word' id='word_1_464' title='bbox 1175 4269 1236 4329; x_wconf 83' lang='lat' dir='ltr'>diri</span> <span class='ocrx_word' id='word_1_465' title='bbox 1267 4272 1494 4348; x_wconf 78' lang='lat' dir='ltr'>praeaedontibte</span> 
     </span>
     <span class='ocr_line' id='line_1_45' title="bbox 149 4356 1493 4436; baseline 0.001 -17"><span class='ocrx_word' id='word_1_466' title='bbox 149 4362 250 4420; x_wconf 84' lang='lat' dir='ltr'>ltterts.</span> <span class='ocrx_word' id='word_1_467' title='bbox 296 4359 436 4419; x_wconf 83' lang='lat' dir='ltr'>Sufficerc</span> <span class='ocrx_word' id='word_1_468' title='bbox 467 4358 644 4418; x_wconf 81' lang='lat' dir='ltr'>ridebantur</span> <span class='ocrx_word' id='word_1_469' title='bbox 667 4357 791 4436; x_wconf 85' lang='lat' dir='ltr'>singulis</span> <span class='ocrx_word' id='word_1_470' title='bbox 818 4356 956 4416; x_wconf 87' lang='lat' dir='ltr'>domibus</span> <span class='ocrx_word' id='word_1_471' title='bbox 987 4357 1114 4433; x_wconf 87' lang='lat' dir='ltr'>singula.</span> <span class='ocrx_word' id='word_1_472' title='bbox 1160 4356 1224 4418; x_wconf 85' lang='lat' dir='ltr'>Nec</span> <span class='ocrx_word' id='word_1_473' title='bbox 1247 4376 1317 4420; x_wconf 88' lang='lat' dir='ltr'>eum</span> <span class='ocrx_word' id='word_1_474' title='bbox 1340 4364 1371 4420; x_wconf 91' lang='lat' dir='ltr'>in</span> <span class='ocrx_word' id='word_1_475' title='bbox 1392 4372 1493 4421; x_wconf 71' lang='lat' dir='ltr'>unum</span> 
     </span>
     <span class='ocr_line' id='line_1_46' title="bbox 150 4444 1494 4521; baseline -0.001 -12"><span class='ocrx_word' id='word_1_476' title='bbox 150 4465 281 4509; x_wconf 89' lang='lat' dir='ltr'>meorum</span> <span class='ocrx_word' id='word_1_477' title='bbox 308 4445 455 4505; x_wconf 90' lang='lat' dir='ltr'>sodalium</span> <span class='ocrx_word' id='word_1_478' title='bbox 484 4445 598 4518; x_wconf 85' lang='lat' dir='ltr'>habeo,</span> <span class='ocrx_word' id='word_1_479' title='bbox 629 4448 675 4506; x_wconf 90' lang='lat' dir='ltr'>cui</span> <span class='ocrx_word' id='word_1_480' title='bbox 698 4446 769 4505; x_wconf 90' lang='lat' dir='ltr'>rude</span> <span class='ocrx_word' id='word_1_481' title='bbox 793 4444 943 4521; x_wconf 87' lang='lat' dir='ltr'>exemplar</span> <span class='ocrx_word' id='word_1_482' title='bbox 970 4446 1130 4515; x_wconf 88' lang='lat' dir='ltr'>mitterem,</span> <span class='ocrx_word' id='word_1_483' title='bbox 1162 4462 1230 4504; x_wconf 90' lang='lat' dir='ltr'>cum</span> <span class='ocrx_word' id='word_1_484' title='bbox 1259 4451 1368 4510; x_wconf 84' lang='lat' dir='ltr'>ceteris</span> <span class='ocrx_word' id='word_1_485' title='bbox 1387 4446 1494 4509; x_wconf 79' lang='lat' dir='ltr'>dontelt</span> 
     </span>
     <span class='ocr_line' id='line_1_47' title="bbox 150 4530 1492 4615; baseline -0.001 -19"><span class='ocrx_word' id='word_1_486' title='bbox 150 4535 390 4613; x_wconf 87' lang='lat' dir='ltr'>praeceptoribus</span> <span class='ocrx_word' id='word_1_487' title='bbox 413 4534 506 4609; x_wconf 88' lang='lat' dir='ltr'>ligata</span> <span class='ocrx_word' id='word_1_488' title='bbox 528 4534 704 4608; x_wconf 83' lang='lat' dir='ltr'>obtulerim3</span> <span class='ocrx_word' id='word_1_489' title='bbox 727 4535 827 4592; x_wconf 84' lang='lat' dir='ltr'>forsan</span> <span class='ocrx_word' id='word_1_490' title='bbox 849 4550 878 4595; x_wconf 90' lang='lat' dir='ltr'>n.</span> <span class='ocrx_word' id='word_1_491' title='bbox 902 4540 932 4591; x_wconf 88' lang='lat' dir='ltr'>et</span> <span class='ocrx_word' id='word_1_492' title='bbox 953 4531 1010 4591; x_wconf 90' lang='lat' dir='ltr'>boc</span> <span class='ocrx_word' id='word_1_493' title='bbox 1032 4534 1062 4591; x_wconf 94' lang='lat' dir='ltr'>in</span> <span class='ocrx_word' id='word_1_494' title='bbox 1086 4530 1195 4591; x_wconf 91' lang='lat' dir='ltr'>malam</span> <span class='ocrx_word' id='word_1_495' title='bbox 1211 4543 1330 4610; x_wconf 84' lang='lat' dir='ltr'>partem</span> <span class='ocrx_word' id='word_1_496' title='bbox 1343 4538 1492 4615; x_wconf 61' lang='lat' dir='ltr'>eeeepbtt</span> 
     </span>
    </p>
   </div>
   <div class='ocr_carea' id='block_1_7' title="bbox 150 4620 1493 4745">
    <p class='ocr_par' dir='ltr' id='par_1_8' title="bbox 150 4620 1493 4745">
     <span class='ocr_line' id='line_1_48' title="bbox 150 4620 1493 4698; baseline -0.001 -13"><span class='ocrx_word' id='word_1_497' title='bbox 150 4625 234 4685; x_wconf 79' lang='lat' dir='ltr'>Nunc</span> <span class='ocrx_word' id='word_1_498' title='bbox 257 4625 299 4683; x_wconf 89' lang='lat' dir='ltr'>ita</span> <span class='ocrx_word' id='word_1_499' title='bbox 321 4630 522 4698; x_wconf 87' lang='lat' dir='ltr'>comparatum</span> <span class='ocrx_word' id='word_1_500' title='bbox 546 4629 600 4694; x_wconf 88' lang='lat' dir='ltr'>est,</span> <span class='ocrx_word' id='word_1_501' title='bbox 623 4630 656 4680; x_wconf 92' lang='lat' dir='ltr'>ut</span> <span class='ocrx_word' id='word_1_502' title='bbox 678 4629 707 4682; x_wconf 91' lang='lat' dir='ltr'>et</span> <span class='ocrx_word' id='word_1_503' title='bbox 729 4620 885 4682; x_wconf 84' lang='lat' dir='ltr'>ridiculum</span> <span class='ocrx_word' id='word_1_504' title='bbox 899 4620 1029 4679; x_wconf 88' lang='lat' dir='ltr'>futorum</span> <span class='ocrx_word' id='word_1_505' title='bbox 1048 4622 1087 4679; x_wconf 89' lang='lat' dir='ltr'>stt</span> <span class='ocrx_word' id='word_1_506' title='bbox 1109 4636 1225 4696; x_wconf 85' lang='lat' dir='ltr'>munna,</span> <span class='ocrx_word' id='word_1_507' title='bbox 1251 4630 1283 4684; x_wconf 93' lang='lat' dir='ltr'>et</span> <span class='ocrx_word' id='word_1_508' title='bbox 1298 4622 1414 4686; x_wconf 79' lang='lat' dir='ltr'>uttneue</span> <span class='ocrx_word' id='word_1_509' title='bbox 1427 4638 1493 4684; x_wconf 85' lang='lat' dir='ltr'>eou-</span> 
     </span>
     <span class='ocr_line' id='line_1_49' title="bbox 675 4717 684 4745; baseline 0 0"><span class='ocrx_word' id='word_1_510' title='bbox 675 4717 684 4745; x_wconf 87' lang='lat' dir='ltr'>t</span> 
     </span>
    </p>
   </div>
   <div class='ocr_carea' id='block_1_8' title="bbox 147 4809 1494 4948">
    <p class='ocr_par' dir='ltr' id='par_1_9' title="bbox 147 4809 1494 4948">
     <span class='ocr_line' id='line_1_50' title="bbox 254 4809 1494 4875; baseline 0.002 -15"><span class='ocrx_word' id='word_1_511' title='bbox 254 4816 274 4875; x_wconf 81' lang='grc'>”)</span> <span class='ocrx_word' id='word_1_512' title='bbox 294 4813 322 4861; x_wconf 90' lang='lat' dir='ltr'>ln</span> <span class='ocrx_word' id='word_1_513' title='bbox 339 4815 462 4862; x_wconf 85' lang='lat' dir='ltr'>relatione</span> <span class='ocrx_word' id='word_1_514' title='bbox 481 4814 512 4862; x_wconf 86' lang='lat' dir='ltr'>de</span> <span class='ocrx_word' id='word_1_515' title='bbox 530 4813 669 4875; x_wconf 80' lang='lat' dir='ltr'>Gymnaeio</span> <span class='ocrx_word' id='word_1_516' title='bbox 688 4812 817 4863; x_wconf 81' lang='lat' dir='ltr'>Grattenet</span> <span class='ocrx_word' id='word_1_517' title='bbox 840 4812 901 4859; x_wconf 87' lang='lat' dir='ltr'>anni</span> <span class='ocrx_word' id='word_1_518' title='bbox 920 4810 989 4860; x_wconf 75' lang='grc'><strong>1866</strong></span> <span class='ocrx_word' id='word_1_519' title='bbox 1013 4814 1095 4859; x_wconf 84' lang='lat' dir='ltr'>rector</span> <span class='ocrx_word' id='word_1_520' title='bbox 1116 4809 1152 4863; x_wconf 88' lang='lat' dir='ltr'>D.</span> <span class='ocrx_word' id='word_1_521' title='bbox 1171 4810 1291 4864; x_wconf 82' lang='lat' dir='ltr'>Pefnltelt</span> <span class='ocrx_word' id='word_1_522' title='bbox 1314 4820 1420 4865; x_wconf 69' lang='lat' dir='ltr'>reatum</span> <span class='ocrx_word' id='word_1_523' title='bbox 1439 4816 1494 4863; x_wconf 65' lang='lat' dir='ltr'>tm</span> 
     </span>
     <span class='ocr_line' id='line_1_51' title="bbox 147 4880 1216 4948; baseline 0.001 -16"><span class='ocrx_word' id='word_1_524' title='bbox 147 4889 319 4948; x_wconf 80' lang='lat' dir='ltr'>praeceptores</span> <span class='ocrx_word' id='word_1_525' title='bbox 343 4884 445 4935; x_wconf 76' lang='lat' dir='ltr'>aeliotes</span> <span class='ocrx_word' id='word_1_526' title='bbox 463 4897 531 4935; x_wconf 84' lang='lat' dir='ltr'>enno</span> <span class='ocrx_word' id='word_1_527' title='bbox 551 4884 619 4936; x_wconf 78' lang='lat' dir='ltr'>lesu</span> <span class='ocrx_word' id='word_1_528' title='bbox 637 4884 765 4936; x_wconf 65' lang='lat' dir='ltr'>&amp;monem</span> <span class='ocrx_word' id='word_1_529' title='bbox 782 4881 914 4944; x_wconf 86' lang='lat' dir='ltr'>llurrtum,</span> <span class='ocrx_word' id='word_1_530' title='bbox 933 4880 1216 4945; x_wconf 67' lang='lat' dir='ltr'>nurembergensem.</span> 
     </span>
    </p>
   </div>
   <div class='ocr_carea' id='block_1_9' title="bbox 0 0 1666 5534">
    <p class='ocr_par' dir='ltr' id='par_1_10' title="bbox 0 0 1666 5534">
     <span class='ocr_line' id='line_1_52' title="bbox 0 0 1666 5534; baseline 0 6"><span class='ocrx_word' id='word_1_531' title='bbox 0 0 1666 5534; x_wconf 95' lang='lat' dir='ltr'> </span> 
     </span>
    </p>
   </div>
  </div>
 </body>
</html>
