3308 5534
372 392 406 449 In
423 392 535 450 Librum
552 392 693 450 Plutarchi
710 392 745 449 de
762 391 846 449 Facie
862 391 892 449 in
910 388 983 447 Orbe
1000 391 1108 447 Lunae.
1353 391 1419 457 119

61 574 152 647 potius
170 568 333 637 intensiore,
351 575 382 624 nt
399 567 470 623 solet
486 582 574 633 mune,
592 584 622 623 se
635 567 751 625 dilatant
764 583 853 638 esque
865 566 1025 624 dilatatione
1036 564 1172 623 tolluntur
1184 568 1212 623 iu
1224 566 1319 626 ultuma
1349 568 1422 639 Quin

61 654 141 724 igitur
159 662 190 710 et
207 652 306 709 Lunae
321 650 490 707 incrementa
506 650 578 707 idem
597 656 645 705 aer
661 650 812 722 percipiat?

164 733 208 789 92
228 732 321 787 Locus
344 737 437 785 umen
460 730 512 784 iste
537 727 713 785 nihilominus
731 728 948 785 consideratione
972 728 1071 796 diguus
1093 726 1186 782 estin
1204 729 1422 797 meteorologicis

59 822 85 869 et
100 810 268 879 astrologis.
285 824 321 863 au
339 807 420 862 Luna
438 808 464 861 vi
482 808 603 876 corporis
622 808 711 875 insita,
731 807 755 863 si
773 824 828 862 non
846 810 908 877 ipss
925 806 1080 861 immediate
1097 805 1245 876 humectat,
1265 807 1339 877 qnod
1357 810 1420 863 bsc-

58 902 137 947 teuns
156 888 274 959 negavi,
299 894 422 943 attamen
446 887 538 943 radios
557 886 629 942 Solis
646 888 676 941 in
694 901 724 941 se
739 896 867 956 receptos
884 886 995 951 alteret,
1022 894 1054 941 nt
1070 886 1090 940 ii
1106 901 1124 939 a
1141 885 1222 940 Luna
1245 885 1374 958 deinceps
1391 890 1421 945 in

58 974 173 1029 Terram
190 966 335 1040 prorogati
357 966 416 1034 jam
434 966 598 1021 humectent
634 966 705 1020 Nam
723 965 751 1019 iu
770 967 911 1036 principiis
933 966 1098 1035 astrologiae
1122 964 1284 1021 certioribus
1301 967 1354 1023 boc
1373 968 1420 1024 ad·

57 1050 155 1120 scripsi
174 1064 233 1103 non
252 1044 360 1113 corpori
377 1046 473 1101 Lunae
489 1045 518 1101 in
536 1045 641 1114 specie,
667 1047 716 1102 sed
734 1045 876 1100 reflexioni
893 1046 946 1114 ipsi
964 1061 980 1100 a
999 1058 1163 1113 quocunque
1186 1043 1278 1113 globo.
1307 1046 1420 1102 Etenim

57 1130 106 1200 Ep.
125 1130 205 1185 Astr.
231 1124 280 1180 lib.
298 1124 347 1179 IV.
374 1124 403 1178 in
430 1124 603 1191 indagatione
626 1140 769 1181 musarum
797 1123 961 1180 naturalium
983 1131 1074 1177 motus
1099 1123 1226 1177 coelestis
1251 1122 1420 1193 deprehendi

58 1208 213 1275 manifeste,
233 1204 364 1261 ffistincta
381 1217 443 1258 esse
455 1203 547 1257 munia
565 1202 726 1271 effluxuum,
745 1204 867 1272 corporis
879 1200 1031 1270 illuminati,
1049 1208 1081 1256 ut
1092 1216 1201 1271 corpus.
1220 1201 1278 1259 suis
1290 1206 1420 1272 potentiis

59 1284 234 1344 naturalibus
252 1282 425 1351 instructum,
444 1292 471 1337 et
484 1281 544 1351 ejus
561 1283 679 1350 luminis,
699 1299 747 1339 sen
761 1283 883 1352 ejusdem
901 1283 1032 1354 corporis,
1051 1289 1082 1338 ut
1099 1282 1287 1338 illuminatum.
1319 1284 1374 1340 Sed
1386 1286 1420 1341 de

57 1369 98 1425 his
114 1366 202 1438 plura
220 1365 251 1419 iu
267 1362 495 1432 meteorologicis.

162 1444 206 1500 93.
225 1442 279 1497 Hic
296 1441 419 1512 plantam
441 1441 560 1511 aliquam
579 1439 846 1507 subintelligendam,
871 1456 942 1509 quae
960 1440 1055 1495 usibus
1078 1438 1204 1493 humanis
1226 1442 1294 1497 mire
1311 1442 1420 1515 serviat,

60 1522 253 1583 antecedentia
271 1530 301 1577 et
317 1520 462 1589 sequentia
478 1524 625 1576 testantur.
657 1515 728 1585 ’,ιμμι
747 1518 818 1575 sorte
836 1519 1013 1583 Dioscoridis,
1033 1517 1112 1586 cujus
1130 1533 1232 1589 semen,
1251 1521 1359 1577 cumino
1370 1523 1420 1577 mi·

58 1622 119 1661 nss:
139 1602 228 1673 qnod,
248 1600 277 1655 ui
294 1595 385 1669 fallor,
405 1597 529 1655 Silesitae
547 1600 659 1655 Karben
678 1616 728 1655 suo
746 1599 874 1655 idiomate
891 1600 1064 1670 appellitant.

161 1684 208 1740 st.
230 1682 302 1737 Hinc
319 1694 371 1748 ego
389 1680 470 1751 plane
487 1683 515 1738 iu
534 1684 669 1739 diversum
687 1682 755 1739 abeo
773 1682 801 1737 in
820 1683 940 1738 Somnio.
977 1681 1085 1750 Quippe
1102 1678 1176 1736 aliud
1194 1677 1306 1735 credere
1321 1680 1421 1749 jubent

57 1780 139 1835 opera
156 1760 343 1817 lunicolarnm
366 1761 500 1830 ingentia,
525 1776 597 1831 quae
618 1760 679 1815 vide
701 1760 730 1815 in
752 1763 903 1832 appendice
921 1760 1031 1817 Somnii.
1068 1759 1171 1814 Premit
1197 1765 1289 1813 tamen
1316 1760 1420 1818 stoicos

56 1844 156 1897 acriter
176 1840 237 1895 suis
254 1840 376 1908 ipsorum
396 1840 579 1911 dogmatibus.

159 1920 206 1975 95.
227 1919 319 1975 causa
336 1919 472 1987 dogmatis
489 1917 625 1987 imperitia
642 1917 774 1987 vulgaris;
797 1916 872 1987 quod
890 1934 951 1972 cum
969 1916 1110 1970 videamus
1127 1915 1218 1971 radios
1236 1930 1271 1971 cx
1290 1916 1353 1975 Sole
1370 1934 1420 1989 per

55 1998 145 2053 hiatus
165 1998 284 2053 nubium
301 1998 330 2054 in
349 1997 462 2053 Terram
481 1997 622 2065 demissos,
636 1996 743 2065 jactare
756 1997 852 2065 vulgus
866 1995 945 2063 solet,
964 1996 1056 2051 Solem
1068 1992 1208 2049 attrahere
1220 2010 1315 2064 squas,
1333 1999 1421 2054 nostri

54 2078 175 2147 quidem,
195 2076 234 2131 ad
252 2073 411 2147 pluenduni,
431 2078 510 2135 stoici
528 2093 601 2147 vero,
619 2076 654 2131 ad
673 2074 828 2132 bibendum.
859 2076 946 2143 Atqui
964 2090 1019 2130 non
1037 2073 1102 2143 quia
1119 2071 1166 2127 Sol
1183 2072 1246 2131 illos
1262 2074 1355 2131 radios
1373 2092 1421 2131 ex·

54 2156 143 2225 plicat,
165 2154 234 2211 ideo
253 2154 343 2224 pluet,
367 2154 416 2211 sed
436 2157 499 2226 quia
513 2155 571 2224 jum
589 2161 671 2211 autea
688 2159 737 2209 aer
754 2161 798 2209 est
816 2154 981 2223 rorulentos,
1000 2153 1063 2208 ideo
1081 2151 1151 2205 radii
1170 2150 1242 2208 Solis
1260 2169 1310 2223 per
1326 2154 1419 2212 hiatus

54 2234 165 2290 nubium
191 2240 371 2302 erumpentes
394 2242 509 2302 totoque
531 2243 622 2289 tractu
646 2232 787 2288 rectilineo
811 2234 839 2286 in
857 2235 979 2303 guttulas
1003 2232 1072 2287 roris
1095 2233 1220 2289 minimas
1238 2231 1420 2303 impingentes

54 2312 118 2369 hunt
137 2312 297 2383 conspicui,
315 2330 372 2369 non
391 2328 472 2369 secus
489 2330 522 2369 ac
539 2314 568 2368 in
587 2328 695 2368 camera
713 2312 866 2379 tenebrosa,
887 2330 947 2367 cnm
965 2310 1046 2367 iidem
1063 2315 1141 2385 radii,
1160 2332 1210 2385 per
1221 2311 1318 2366 nmsm
1334 2311 1419 2369 intro·

55 2396 134 2455 nissi.
153 2394 333 2465 pulvisculus
350 2395 379 2449 in
396 2401 461 2451 aere
478 2410 602 2451 mmerae
620 2394 766 2449 volitantes
784 2395 925 2450 irradiant.

157 2474 217 2529 Sed
237 2473 417 2543 suppeditant
439 2475 492 2529 bae
509 2475 601 2543 virgae
625 2474 797 2529 vexationem
812 2475 973 2543 jucundam.
1009 2471 1165 2527 Astronomi
1183 2471 1290 2539 dicunt,
1317 2471 1419 2527 distan-

57 2554 113 2609 tiam
139 2552 221 2609 Solis
246 2567 307 2607 esse
329 2551 452 2608 infinitae
476 2551 600 2609 similem.
637 2552 673 2608 Δι
697 2551 761 2606 illae
778 2552 883 2621 virgae,
907 2552 1023 2621 sparsim
1048 2557 1180 2605 exeuntes
1198 2564 1215 2604 s
1232 2550 1304 2606 nube
1328 2550 1419 2609 Solem

58 2644 173 2701 tegente,
193 2632 219 2687 si
240 2632 436 2687 continuentur
452 2629 488 2685 sd
505 2646 683 2695 concursum,
701 2632 727 2685 in
747 2645 779 2685 eo
797 2630 887 2685 locum
906 2631 977 2685 Solis
994 2634 1059 2698 post
1076 2627 1175 2683 nubem
1192 2627 1327 2685 latitantis
1344 2646 1420 2686 mon·

58 2718 138 2767 ιιιιιιιι
158 2709 325 2765 certissime.
362 2710 424 2765 Hoc
441 2724 506 2765 uero
524 2708 704 2779 nequitiem,
722 2708 774 2763 nisi
792 2708 820 2763 in
838 2725 880 2778 eo,
898 2707 972 2778 quod
989 2708 1172 2777 propinquum
1191 2712 1242 2763 est.
1271 2708 1314 2761 Ite
1331 2714 1419 2764 astro·

57 2792 129 2853 mni,
146 2790 232 2845 fores
251 2788 356 2856 opticen
373 2787 491 2856 pulsate,
509 2794 540 2844 ut
557 2788 760 2857 responsionem
779 2787 856 2842 vobis
875 2786 1032 2856 suppeditet
1049 2787 1184 2842 idoneam.

155 2868 205 2924 96.
225 2865 305 2937 Sylla
320 2865 457 2935 hospitem
484 2866 530 2923 hic
553 2882 633 2922 suurn
657 2867 806 2923 introducit
827 2884 889 2922 cum
911 2866 1068 2922 narratione
1089 2864 1272 2936 geographica
1294 2867 1328 2923 de
1351 2870 1418 2925 orbe

59 2948 203 3019 incognito.

157 3029 205 3085 97.
224 3020 363 3081 Notabilis
379 3021 458 3077 locus
475 3024 646 3093 geographis.
671 3023 699 3077 Si
714 3022 771 3091 jam
789 3025 840 3078 snb
853 3022 973 3079 Adriano
991 3024 1160 3092 Imperatore
1178 3025 1297 3093 quinque
1315 3026 1420 3083 dierum

60 3108 232 3176 nsigatione
252 3117 396 3158 excursum
415 3101 469 3156 fuit
486 3117 501 3156 e
519 3103 661 3159 Britannia
679 3104 706 3157 in
725 3118 852 3158 occasum
870 3103 1013 3169 aestivum,
1034 3104 1058 3157 si
1076 3101 1175 3156 inillis
1193 3103 1290 3159 insulis
1307 3106 1418 3163 inventa

60 3198 92 3243 est
109 3189 190 3243 fanin
209 3182 379 3239 continentis
397 3196 512 3249 magnae
530 3184 681 3237 contrariae
695 3184 916 3251 Graecorumque
929 3199 989 3237 earn
1002 3182 1223 3238 inhabitantium:
1241 3184 1307 3251 quid
1319 3201 1419 3242 cauma

60 3276 100 3335 ιιι,
118 3283 175 3323 cnr
192 3272 255 3320 tam
272 3260 389 3316 sollicite
406 3259 546 3327 inquirant
564 3261 614 3316 riri
631 3262 713 3332 docti,
732 3278 786 3331 qua
804 3263 848 3317 ria
865 3278 951 3332 genus
969 3262 1118 3317 humanum
1134 3263 1163 3316 in
1181 3262 1363 3319 occidentales
1375 3266 1419 3319 ln·

60 3348 109 3405 d'us
126 3342 287 3417 propagari
304 3341 432 3410 potuerit

157 3420 371 3481 Dimensionnm
389 3418 497 3488 quidem
515 3420 583 3475 ratio
601 3435 655 3474 non
674 3428 716 3476 est
734 3421 866 3489 exigenda
883 3419 999 3474 sollicite
1018 3420 1051 3474 ab
1070 3421 1123 3475 boc
1140 3418 1281 3474 Plutarchi
1299 3418 1376 3491 loco;
1394 3422 1419 3477 si

60 3520 145 3561 tamen
165 3500 376 3559 Mauritianiam
393 3499 565 3565 designasset
582 3498 753 3568 ulteriorem,
772 3507 821 3555 aut
839 3499 978 3554 columnas
996 3498 1137 3566 Herculis,
1156 3498 1229 3554 unde
1247 3498 1418 3569 solvendum,

60 3584 246 3649 dedidissem,
264 3577 301 3633 de
317 3577 514 3645 Hesperidibus
531 3584 580 3633 aut
597 3577 677 3632 etium
696 3579 730 3633 de
748 3580 880 3635 Azoribus
897 3578 974 3632 illum
991 3578 1074 3648 loqui.
1104 3578 1157 3635 Sed
1171 3579 1237 3646 quia
1248 3578 1418 3633 Britanniam

60 3664 158 3727 statuit,
178 3659 293 3715 omnino
313 3657 347 3712 de
364 3655 484 3713 lslaudiu
503 3654 590 3725 deque
609 3656 789 3724 circumjectis
807 3657 903 3712 insulis
920 3656 1007 3712 tribus
1021 3657 1182 3717 l'rislandia
1200 3657 1294 3727 icaria,
1313 3658 1416 3714 Groen·

60 3745 146 3801 hodia
168 3739 250 3809 loqui
268 3737 383 3807 ridetur,
402 3744 434 3791 ut
452 3736 488 3791 sit
504 3752 598 3791 earnm
615 3752 683 3802 nna,
702 3738 798 3807 ingens
817 3734 1014 3800 Groeulundia,
1032 3734 1202 3801 importuosa
1219 3735 1336 3791 fortasse
1354 3744 1420 3794 tnnc

61 3833 84 3879 et
98 3820 200 3894 paucis
219 3818 363 3886 litoribus,
388 3832 438 3888 pro
455 3830 540 3885 parva
557 3813 647 3869 insula
668 3816 789 3885 cognita,
813 3820 863 3867 aut
881 3812 952 3866 suma
970 3812 1030 3866 sola
1047 3811 1164 3867 Islendis
1182 3822 1257 3869 nota.
1292 3815 1351 3870 Nec
1370 3817 1418 3871 ob·

61 3912 117 3965 sut,
135 3897 252 3955 Thulen
269 3897 408 3953 veteribus
427 3896 494 3951 satis
512 3893 596 3948 fuisse
615 3894 750 3961 cognitam
769 3900 797 3946 et
815 3891 991 3945 Plutarchum
1008 3890 1043 3945 de
1061 3906 1167 3945 eonon
1186 3907 1247 3948 esse
1264 3892 1417 3963 intelligen-

61 3984 127 4039 dum.
164 3980 281 4047 Negant
299 3976 370 4031 enim
389 3976 438 4031 riri
457 3974 537 4042 docti,
556 3973 627 4026 hanc
647 3982 766 4027 nostrum
786 3971 931 4027 lslandinm
950 3984 1011 4024 esse
1028 3975 1149 4026 veterum
1167 3970 1284 4041 Thulen,
1302 3970 1351 4026 sod
1370 3979 1419 4027 aut

61 4059 246 4118 Scetlandiam
264 4056 395 4123 indicant,
414 4062 462 4109 aut
480 4051 686 4108 Tilemarebiam
705 4050 882 4118 Nordwegiae
900 4054 1024 4104 tractum.
1055 4050 1138 4103 Esset
1156 4049 1239 4116 igitur
1256 4065 1354 4118 magua
1371 4050 1418 4104 illa

61 4140 200 4197 continens
220 4136 252 4189 in
269 4150 396 4189 occasum
415 4140 531 4197 remota,
559 4129 731 4198 Estotiland,
757 4136 806 4185 aut
823 4138 897 4185 terra
915 4128 1091 4182 Laboratoris
1109 4135 1137 4184 ct
1155 4129 1319 4184 Corterealis
1337 4130 1418 4185 bodie

60 4222 135 4277 dicte.
153 4224 183 4273 et
201 4214 317 4270 Canuda
335 4220 363 4267 et
380 4214 457 4268 Nora
475 4209 599 4276 Francia,
618 4209 732 4278 pelagus
751 4208 818 4263 illud
837 4208 940 4261 lentum
959 4213 987 4260 et
1004 4206 1167 4275 paludosum
1185 4207 1291 4276 brevia,
1311 4206 1418 4277 objecta

59 4300 170 4361 insulae,
188 4297 237 4352 cui
253 4296 342 4350 Terra
358 4293 437 4347 Nova
455 4306 567 4356 nomen,
595 4288 680 4344 Gallis
699 4289 739 4343 Le
758 4288 843 4358 grand
861 4287 934 4354 bunq
953 4285 1042 4355 dicta3
1068 4287 1143 4342 sinus
1162 4302 1277 4355 magnus
1294 4286 1340 4342 ille
1357 4288 1417 4357 ipse

60 4375 193 4432 Caundam
212 4374 288 4428 inter
305 4380 333 4428 et
351 4370 564 4437 h'orumbegam,
588 4369 689 4436 quippe
712 4384 773 4421 cum
799 4366 866 4420 muri
885 4365 984 4433 Cuspio
1009 4368 1060 4421 snb
1083 4367 1178 4421 eodem
1197 4364 1338 4434 parallelo.
1374 4368 1417 4421 An

59 4458 198 4523 malumus,
218 4454 310 4509 sinum
327 4450 416 4520 ipsius
432 4449 624 4516 Nornmbcgae
642 4446 885 4501 meridionaliorem
905 4459 992 4514 usque
1010 4443 1045 4499 ad
1059 4444 1230 4514 virginiam?
1257 4445 1348 4498 Etiam
1361 4444 1417 4498 Νο-

60 4536 213 4603 rnmbegsm
233 4532 351 4588 abluens
373 4542 449 4583 mare
467 4528 595 4584 scribitur
620 4526 689 4580 adeo
707 4525 843 4594 repletum
861 4541 955 4581 arena.
983 4529 1014 4577 ut
1031 4522 1211 4591 periculosum
1228 4521 1327 4576 reddat
1345 4521 1417 4576 circa

60 4614 120 4671 baec
137 4616 202 4669 loca
220 4609 434 4678 navigationem,
458 4607 560 4675 quippe
577 4621 673 4675 parurn
690 4602 862 4672 profundum.
899 4603 928 4658 Si
947 4602 1065 4658 Graecos
1083 4601 1130 4656 illu
1148 4602 1209 4656 loca
1231 4610 1297 4656 tunc
1314 4601 1417 4654 habue-

61 4708 114 4750 runt
129 4692 253 4759 incolas,
279 4688 386 4757 cogita,
410 4701 477 4739 num
494 4699 554 4753 eos,
574 4685 621 4754 qui
645 4684 756 4754 egressi¹
770 4683 909 4737 columnus
928 4681 1054 4736 Herculis
1076 4682 1278 4748 Nornmbegum
1295 4678 1417 4735 invenire

61 4779 211 4842 potuerunt,
233 4770 321 4824 latere
339 4765 463 4837 potuerit
480 4765 555 4819 sinus
572 4766 741 4832 Mexicanus,
760 4770 894 4832 perpetua
912 4762 1067 4816 continente
1084 4760 1227 4828 interiectu
1240 4757 1375 4826 sepositus
1388 4765 1417 4813 et

61 4870 175 4913 connexa
199 4850 307 4909 isthmo
323 4844 430 4916 ingenti
446 4844 572 4901 America
592 4842 793 4901 meridionalis?
831 4841 893 4899 Etsi
910 4842 1032 4899 Tartaris
1054 4840 1136 4898 etiam
1152 4837 1295 4909 sermacia
1319 4842 1348 4892 et
1366 4837 1416 4895 Ca·
