3308 5534
130 363 175 431 24
717 365 748 420 In
767 366 907 420 Somnium

235 542 269 601 In
292 560 359 602 mea
380 545 625 603 commentatione
653 545 772 605 totidem
795 552 863 604 sunt
891 542 1073 621 problemata
1104 550 1176 620 quot
1197 544 1309 618 lineas,
1341 544 1486 607 solvenda

129 631 235 707 partim
259 634 461 703 astronomica,
485 633 590 707 partim
614 631 742 710 physice,
766 636 870 709 partim
894 632 1039 690 historice.
1079 630 1137 689 Sed
1160 631 1230 707 quid
1245 632 1338 708 agas?
1368 632 1486 707 Quotus

130 720 255 793 quisque
278 736 347 777 cura
370 719 489 793 dignum
514 720 654 797 censebit,
678 738 713 780 ea
736 720 873 779 solvere?
897 720 1026 795 Cupiunt
1041 718 1173 777 homines
1189 719 1356 796 hujusmodi
1373 719 1486 780 ludicra

129 806 186 863 sibi
209 805 289 863 molli
314 806 442 877 brachio,
466 806 544 881 quod
568 807 660 881 ajunt,
684 808 809 875 obtrudi,
834 824 887 866 nee
910 806 1011 865 faciles
1034 816 1101 864 sunt
1117 807 1154 864 ad
1170 807 1382 881 carrucandum
1404 808 1486 867 fron·

132 900 192 951 tem
215 895 243 949 in
268 891 347 952 ludo.
395 893 498 968 ltaque
521 896 621 967 statui,
646 897 722 954 notia
745 904 811 971 post
835 903 947 955 textum
971 893 1072 953 ordine
1095 896 1286 969 sequentibus
1303 897 1402 953 omnia
1423 894 1486 953 sol·

130 996 207 1037 vere.
254 981 381 1040 Accedet
404 998 440 1039 cx
465 980 615 1056 teleseopii
639 984 710 1054 mei,
734 983 813 1059 quod
836 1000 927 1058 nuper
949 999 1013 1039 sum
1037 990 1155 1054 nactus,
1179 985 1358 1057 experientia
1381 984 1484 1042 mirum

129 1077 158 1125 et
181 1067 310 1125 insolens
332 1077 520 1142 augmentum
544 1067 579 1127 dc
603 1070 717 1145 oppidis
742 1082 768 1128 et
793 1070 949 1145 aggeribus
977 1068 1165 1126 circularibus
1188 1070 1308 1128 umbrae
1331 1080 1486 1128 consecta-

129 1171 202 1213 neae
224 1172 322 1213 eausa.
369 1154 447 1229 Quid
472 1157 567 1213 verbis
591 1159 689 1232 opus?
724 1160 846 1233 Scripsit
868 1153 1060 1232 Cempnnella
1083 1158 1232 1215 civitatem
1255 1156 1342 1230 Solis,
1367 1156 1486 1232 quidsi

129 1258 183 1299 nos
207 1241 331 1301 Lunae?
370 1244 454 1300 rlnne
478 1246 626 1317 egregium
650 1245 778 1317 lacinus,
810 1244 976 1321 cyclopicos
1006 1242 1093 1317 lrujus
1121 1246 1259 1319 temporis
1289 1262 1384 1303 mores
1408 1246 1486 1303 viris

129 1328 276 1388 coloribus
299 1328 472 1406 depingere,
505 1330 556 1388 scd
586 1334 729 1389 cautionis
760 1349 849 1389 causa
878 1334 962 1389 terris
992 1348 1057 1389 cum
1086 1328 1137 1388 tali
1166 1333 1323 1407 scriptione
1347 1331 1487 1391 excedere

129 1418 218 1492 inque
243 1416 354 1475 hunam
379 1416 539 1476 secedere?
562 1416 746 1494 Quamquam
770 1418 840 1494 quid
864 1420 1049 1492 tergiversari
1067 1417 1201 1492 juvabit,
1232 1436 1299 1478 cum
1314 1436 1368 1477 nee
1386 1418 1487 1477 Morus

129 1506 158 1562 ia
187 1501 297 1579 Utopia
325 1522 379 1563 nec
410 1505 548 1563 Erasmus
580 1509 608 1562 ia
639 1508 770 1565 encomio
795 1506 906 1563 lloriac
937 1507 991 1563 tati
1022 1504 1142 1573 fuerint,
1173 1508 1242 1581 quin
1272 1508 1403 1580 atrisque
1431 1505 1487 1564 fuit

128 1589 269 1667 apologia
292 1592 389 1667 opus‘?
427 1591 549 1650 Missam
572 1595 661 1667 igitur
683 1596 799 1669 penitus
821 1595 963 1652 faciamus
985 1594 1079 1668 picem
1103 1592 1177 1650 hanc
1200 1594 1350 1668 politicam
1373 1610 1487 1668 nosque

130 1682 159 1736 ln
183 1682 312 1737 amoenis
337 1679 541 1755 philosophiae
567 1683 665 1739 viretis
688 1681 774 1756 plane
799 1682 1009 1739 contineamus

232 1765 437 1824 Calendarium
461 1766 652 1826 bliitsehelius
674 1768 774 1843 Jussus
798 1777 843 1826 cst
859 1767 1038 1843 Ratisponae
1054 1780 1153 1842 petere
1168 1766 1279 1841 tibique
1297 1766 1375 1825 darc.
1400 1766 1486 1840 Vale,

128 1852 193 1911 Deo
216 1853 444 1913 comittendatus.
484 1853 574 1913 ltine'ri
592 1853 654 1913 dt
683 1855 753 1915 llec.
775 1861 867 1914 tosa.

233 1953 469 2017 Berneqqerus
487 1955 642 2023 respondit:
657 1994 681 2008 ..
711 1998 717 2011 .
736 1956 768 2010 Ι).
789 1954 1005 2025 ltinqclsbcmius
1025 1954 1115 2008 omnia
1132 1962 1195 2019 tna,
1215 1968 1394 2022 quaecunque
1413 1953 1486 2022 apud

127 2047 170 2088 nac
189 2031 301 2100 reperit.
327 2048 382 2086 non
400 2048 484 2100 parvo
502 2032 577 2087 exilii
595 2035 637 2087 sui
662 2052 722 2088 cum
742 2036 839 2089 solatio
859 2033 981 2088 studiose
1001 2033 1112 2088 evolvit:
1140 2040 1182 2085 cst
1205 2034 1275 2085 enim
1294 2033 1487 2087 mathematica

127 2126 236 2180 quoqne
261 2111 443 2165 doctissimus.
480 2112 506 2165 ls
532 2128 592 2166 cum
616 2128 704 2179 nuper
726 2129 760 2167 ex
779 2128 822 2167 mc
846 2112 1032 2177 counorisset,
1055 2128 1125 2179 quac
1150 2111 1184 2165 de
1207 2112 1280 2165 notis
1303 2112 1329 2163 in
1349 2112 1486 2165 larnarcm

127 2190 326 2246 Astronomiam
351 2188 440 2256 deque
464 2188 601 2243 Plutarchi
626 2190 730 2245 edendo
759 2191 818 2258 ejus
840 2192 992 2259 argumenti
1016 2190 1108 2244 libello
1133 2192 1285 2260 mediteris,
1314 2208 1488 2261 summopere

125 2271 244 2325 laetatus
259 2269 355 2337 jussit,
380 2278 409 2321 ut
428 2268 602 2335 perofficiose
626 2269 675 2323 tibi
694 2269 766 2323 dieta
789 2270 876 2321 salute
900 2284 1036 2335 rogarem,
1059 2286 1094 2323 ne
1117 2271 1144 2324 id
1168 2288 1267 2340 operae
1288 2272 1358 2325 bouo
1376 2272 1488 2342 publico

128 2356 269 2418 praestare
295 2347 432 2400 omitteres
460 2356 507 2399 aut
527 2347 597 2400 ultra
624 2346 754 2400 differres.
796 2346 891 2399 llabeo
920 2346 1057 2400 l'lutarchi
1084 2349 1230 2403 editionem
1257 2366 1383 2417 graecam
1410 2352 1436 2403 iu
1456 2352 1488 2405 8⁰

130 2430 164 2483 ll.
178 2427 320 2497 Stephani.
339 2425 416 2479 tomis
437 2430 452 2479 t'·
465 2434 645 2481 constantem.
671 2426 698 2478 Si
717 2427 801 2495 voles,
820 2426 923 2480 mittam
942 2425 1022 2479 istum
1042 2436 1154 2495 tomum,
1172 2429 1200 2481 in
1220 2446 1274 2497 quo
1287 2428 1355 2483 liber
1369 2428 1403 2483 de
1416 2429 1487 2485 facie

128 2509 232 2563 Lunae.
269 2506 330 2560 Non
355 2508 393 2559 ita
417 2505 520 2573 pridem
546 2504 576 2559 l'.
602 2504 630 2557 C.
655 2504 768 2559 Nicolao
792 2503 923 2573 lligaltio,
949 2502 1111 2558 conciliante
1133 2506 1165 2560 ll.
1186 2506 1353 2561 Gothofrcdo
1374 2505 1486 2575 juniori,

129 2586 338 2642 familiaritatem
356 2585 495 2641 contrari:
522 2582 606 2637 habet
624 2598 712 2636 mcum
731 2583 937 2653 Pachymerium
955 2597 1093 2650 quaecum,
1118 2592 1149 2637 ut
1172 2584 1199 2639 in
1222 2585 1315 2640 codice
1338 2586 1412 2651 regio
1431 2592 1489 2652 (cst

130 2667 201 2721 enim
220 2663 443 2719 bibliothecarius
463 2660 696 2727 christianissimi)
721 2661 832 2715 lacunas
851 2662 968 2730 expiem.
1006 2660 1076 2727 Quid
1095 2661 1118 2714 si
1136 2661 1208 2716 idem
1233 2672 1373 2730 praestare
1391 2678 1487 2732 posset

129 2745 156 2799 in
176 2744 229 2797 isto
249 2741 389 2795 Plutarchi
408 2739 519 2793 libello?
551 2746 631 2795 t'erte
649 2742 735 2807 prima
755 2740 850 2808 quasis
869 2740 1012 2795 occasione
1031 2754 1080 2807 per
1097 2740 1189 2793 literas
1209 2742 1352 2808 inquiram.

235 2820 327 2875 llabes
345 2820 389 2873 hic
403 2820 435 2874 D.
452 2819 599 2874 llabrcchti
618 2820 652 2875 de
670 2819 750 2887 globo
768 2818 848 2885 igneo
861 2828 1017 2874 tractatum.
1035 2833 1098 2871 uam
1111 2819 1143 2871 l).
1157 2818 1317 2873 Schiclrardi
1330 2819 1389 2873 sinc
1403 2818 1487 2873 dubio

128 2901 227 2959 uidisti.
246 2914 410 2968 quamquam
430 2898 474 2951 bic
493 2898 573 2951 etiam
592 2896 701 2954 additus
720 2908 770 2961 est,
791 2899 839 2953 scd
851 2900 1004 2967 germanice
1023 2913 1128 2951 versus.
1154 2898 1229 2955 l'alc.
1247 2900 1367 2953 uirorum
1380 2906 1408 2953 et
1426 2897 1487 2953 fau·

127 2994 216 3035 torum
235 2992 358 3031 merirum
376 2976 483 3030 eximie.
519 2979 661 3041 Argentor.
685 2981 722 3049 ἡ.
743 2979 822 3032 Febr.
843 2980 919 3032 ltili.

230 3070 315 3145 Quae
329 3066 369 3129 ad
383 3071 544 3145 praemissa
559 3068 709 3144 respondit
723 3068 776 3127 Kc
786 3088 804 3145 p
814 3068 919 3128 lctus
942 3070 1045 3144 paucis
1062 3076 1175 3127 tantum
1190 3067 1228 3125 ad
1244 3067 1397 3126 Somnium
1412 3070 1485 3126 atti·

126 3170 206 3233 nent,
229 3157 425 3217 sedmaxima
440 3165 572 3232 exparte
588 3156 626 3215 ad
641 3156 718 3215 lilios
734 3158 857 3214 llaronis
872 3174 890 3213 u
905 3156 1107 3227 Staremberp,
1131 3156 1251 3214 fautoris
1273 3154 1394 3229 chleri
1417 3155 1487 3214 diu·

129 3250 205 3306 tami
230 3245 349 3321 („qu'us
372 3245 560 3319 quotidianus
583 3262 648 3301 sum
672 3244 796 3320 lrospes‘
822 3244 921 3301 scribit
944 3240 1112 3322 Keplerus),
1136 3259 1211 3318 quos
1235 3254 1266 3299 ut
1281 3243 1486 3317 llerncggerus

129 3338 158 3393 in
182 3333 270 3393 aedes
293 3348 363 3389 suas
378 3332 475 3407 adque
501 3335 629 3405 „victum
647 3332 799 3407 frugalem,
824 3330 970 3389 nobilibus
986 3329 1126 3389 studiosis
1142 3332 1384 3389 convenientem·
1411 3336 1486 3390 rcci-

128 3424 191 3499 piat
212 3422 292 3499 petit.

233 3504 419 3565 Concludens
442 3505 541 3564 literas
565 3502 604 3579 td.
629 3502 656 3560 tl.
683 3503 732 3586 ,lg
756 3503 854 3563 hlartii
882 3502 975 3581 reat)
998 3502 1093 3563 addit:

231 3594 278 3653 lle
302 3592 459 3650 l'lutareho
490 3594 519 3649 in
541 3608 680 3668 praeseus
709 3592 797 3650 velim
825 3591 929 3650 saitem
953 3592 1151 3667 paragraphus
1179 3590 1287 3649 habere
1311 3592 1484 3668 exscriptos,

129 3684 180 3757 qni
203 3681 324 3740 lacunas
346 3678 494 3756 Xylantlri
517 3677 743 3739 antecedenter
766 3690 943 3755 sequuntur;
974 3682 1087 3737 interitu
1118 3679 1284 3754 apparebit,
1313 3696 1382 3737 rrum
1405 3679 1486 3754 quod

127 3769 269 3830 auxilium
293 3786 328 3827 en
353 3767 530 3825 bibliotheca
554 3764 679 3825 Gallica.

233 3858 319 3914 Anno
339 3862 431 3913 itt-la.
462 3853 606 3929 chlcrus
630 3856 730 3928 paucis
754 3851 826 3911 redit
850 3851 886 3911 ad
910 3851 1071 3921 Somnium,
1094 3868 1160 3910 cum
1183 3851 1369 3927 liernegqcro
1392 3871 1485 3923 scens

128 3943 164 3999 de
187 3941 302 4002 edendo
328 3941 529 4019 „Corripentlio
552 3940 790 3999 llatlrcnratico*.
835 3938 912 4013 Quid
937 3956 1023 4008 vero,
1052 3938 1153 3997 scribit
1181 3956 1279 3997 meuse
1303 3938 1426 4001 Martio.
1458 3946 1484 4002 si

128 4029 191 4097 tibi,
216 4039 249 4089 ut
267 4030 368 4104 jocor,
401 4030 616 4087 astronomiam
648 4046 741 4085 meam
766 4026 895 4085 lunarem
923 4044 975 4085 seu
999 4029 1233 4102 apparentiarum
1257 4028 1429 4087 coelestium
1454 4034 1483 4087 in

129 4114 214 4174 Luna
237 4117 417 4191 subjiciam?
440 4118 518 4175 Sanc
541 4116 590 4189 qni
608 4114 742 4189 pellimur
764 4116 855 4181 terris,
880 4116 1018 4171 uiaticum
1035 4114 1091 4171 hoc
1105 4114 1247 4173 conducet
1270 4118 1485 4192 peregrinanti·

129 4203 185 4261 hut
207 4212 259 4262 aut
281 4206 474 4275 arietantibus
498 4205 526 4259 in
544 4202 668 4261 Lunam.
701 4202 732 4258 lii
757 4199 855 4259 libello
879 4200 1008 4274 adjungo
1025 4199 1211 4259 Plutarchum
1230 4200 1266 4261 de
1282 4204 1355 4261 facie
1371 4202 1483 4277 Lunae,

130 4308 244 4349 versum
267 4308 286 4349 a
308 4309 354 4349 me
377 4290 412 4349 de
442 4309 536 4362 novo,
567 4300 595 4347 ct
618 4287 764 4363 plerisque
787 4286 900 4347 lacunis
923 4304 958 4343 ex
982 4304 1068 4345 seusu
1092 4289 1280 4362 integratum,
1310 4288 1389 4364 qaod
1412 4290 1484 4368 Xy·

128 4376 241 4447 landro,
264 4380 315 4452 qui
338 4378 518 4453 professione
541 4386 725 4433 astronomus
748 4391 805 4432 rrou
829 4382 899 4441 crat,
923 4372 1102 4449 impossibile
1125 4374 1186 4434 fuit.

237 4464 292 4523 llis
315 4467 444 4540 exeeptis
467 4464 506 4521 nil
532 4460 774 4537 deprehendimus
796 4464 870 4519 inter
887 4459 1004 4536 chlcri
1020 4464 1137 4537 scripta,
1161 4478 1226 4521 cum
1241 4462 1321 4520 edita
1336 4470 1396 4521 tum
1411 4464 1482 4537 alla,

129 4550 166 4611 tle
188 4552 319 4611 Somnio.
366 4552 459 4610 Filius
481 4549 601 4626 chleri
626 4548 792 4607 hadericus
815 4558 880 4623 post
903 4551 994 4623 patris
1016 4558 1137 4607 mortem
1162 4547 1289 4617 Basilea,
1313 4550 1362 4607 ubi
1386 4551 1483 4609 medi·

129 4640 212 4699 cinae
235 4656 355 4717 operam
379 4638 477 4707 dabat,
501 4639 530 4694 iu
552 4638 676 4711 patriam
700 4634 789 4695 redtrt
806 4638 915 4693 invertit
932 4638 1065 4694 rnarituur
1080 4638 1187 4695 sororis
1203 4635 1386 4695 Bartscbium
1409 4650 1482 4714 typo

129 4724 241 4786 Samnii
264 4735 456 4802 occupatum,
485 4740 571 4800 quem
601 4734 684 4799 pater
706 4734 774 4781 ante
797 4721 956 4781 discessum
979 4723 1170 4783 ltntisbonam
1195 4740 1295 4781 versus
1324 4725 1482 4799 inceperat.

131 4812 257 4875 Omissis
271 4824 369 4874 antem
393 4816 456 4891 typi
471 4813 598 4889 negotiis
612 4810 783 4871 Bartschius
799 4810 932 4871 Loubanr
946 4810 1071 4871 dilanias
1098 4814 1127 4869 in
1149 4811 1249 4871 arbam
1274 4820 1483 4887 tramgressnt,
