<?xml version="1.0" encoding="UTF-8"?>
<!DOCTYPE html PUBLIC "-//W3C//DTD XHTML 1.0 Transitional//EN"
    "http://www.w3.org/TR/xhtml1/DTD/xhtml1-transitional.dtd">
<html xmlns="http://www.w3.org/1999/xhtml" xml:lang="en" lang="en">
 <head>
  <title>
</title>
<meta http-equiv="Content-Type" content="text/html;charset=utf-8" />
  <meta name='ocr-system' content='tesseract 3.04.00' />
  <meta name='ocr-capabilities' content='ocr_page ocr_carea ocr_par ocr_line ocrx_word'/>
</head>
<body>
  <div class='ocr_page' id='page_1' title='image "./joanniskepleria00frisgoog/joanniskepleria00frisgoog_0283.png"; bbox 0 0 3308 5534; ppageno 0'>
   <div class='ocr_carea' id='block_1_1' title="bbox 689 362 1504 433">
    <p class='ocr_par' dir='ltr' id='par_1_1' title="bbox 689 362 1504 433">
     <span class='ocr_line' id='line_1_1' title="bbox 689 362 1504 433; baseline 0.002 -2"><span class='ocrx_word' id='word_1_1' title='bbox 689 372 741 431; x_wconf 89' lang='lat'>111.</span> <span class='ocrx_word' id='word_1_2' title='bbox 758 370 960 433; x_wconf 79' lang='lat' dir='ltr'><strong>Astronorniaa.</strong></span> <span class='ocrx_word' id='word_1_3' title='bbox 1439 362 1504 433; x_wconf 76' lang='lat'><strong>281</strong></span> 
     </span>
    </p>
   </div>
   <div class='ocr_carea' id='block_1_2' title="bbox 150 545 1512 725">
    <p class='ocr_par' dir='ltr' id='par_1_2' title="bbox 150 545 1512 725">
     <span class='ocr_line' id='line_1_2' title="bbox 154 545 1509 641; baseline -0.015 -17"><span class='ocrx_word' id='word_1_4' title='bbox 154 564 315 641; x_wconf 76' lang='lat' dir='ltr'><strong>baccetur,</strong></span> <span class='ocrx_word' id='word_1_5' title='bbox 338 565 374 620; x_wconf 93' lang='lat' dir='ltr'><strong>nt</strong></span> <span class='ocrx_word' id='word_1_6' title='bbox 395 557 436 621; x_wconf 88' lang='lat' dir='ltr'><strong>ad</strong></span> <span class='ocrx_word' id='word_1_7' title='bbox 457 572 543 617; x_wconf 90' lang='lat' dir='ltr'><strong>nsum</strong></span> <span class='ocrx_word' id='word_1_8' title='bbox 565 552 790 617; x_wconf 84' lang='lat' dir='ltr'><strong>accommodant</strong></span> <span class='ocrx_word' id='word_1_9' title='bbox 804 552 968 613; x_wconf 88' lang='lat' dir='ltr'><strong>doctrinam</strong></span> <span class='ocrx_word' id='word_1_10' title='bbox 989 549 1076 613; x_wconf 85' lang='lat' dir='ltr'><strong>banc.</strong></span> <span class='ocrx_word' id='word_1_11' title='bbox 1108 548 1150 607; x_wconf 82' lang='lat' dir='ltr'><strong>At</strong></span> <span class='ocrx_word' id='word_1_12' title='bbox 1164 548 1184 606; x_wconf 94' lang='lat' dir='ltr'><strong>ii</strong></span> <span class='ocrx_word' id='word_1_13' title='bbox 1198 545 1310 607; x_wconf 89' lang='lat' dir='ltr'><strong>habent</strong></span> <span class='ocrx_word' id='word_1_14' title='bbox 1323 560 1396 606; x_wconf 88' lang='lat' dir='ltr'><strong>suos</strong></span> <span class='ocrx_word' id='word_1_15' title='bbox 1408 546 1509 623; x_wconf 88' lang='lat' dir='ltr'><strong>megi-</strong></span> 
     </span>
     <span class='ocr_line' id='line_1_3' title="bbox 150 632 1512 725; baseline -0.015 -13"><span class='ocrx_word' id='word_1_16' title='bbox 150 650 264 719; x_wconf 82' lang='lat' dir='ltr'><strong>stelios.</strong></span> <span class='ocrx_word' id='word_1_17' title='bbox 286 666 308 709; x_wconf 80' lang='lat' dir='ltr'><strong>a</strong></span> <span class='ocrx_word' id='word_1_18' title='bbox 330 647 440 725; x_wconf 88' lang='lat' dir='ltr'><strong>quibus</strong></span> <span class='ocrx_word' id='word_1_19' title='bbox 465 646 659 722; x_wconf 79' lang='lat' dir='ltr'>corrigantur,</span> <span class='ocrx_word' id='word_1_20' title='bbox 682 659 738 704; x_wconf 90' lang='lat' dir='ltr'><strong>nee</strong></span> <span class='ocrx_word' id='word_1_21' title='bbox 759 647 806 702; x_wconf 92' lang='lat' dir='ltr'><strong>cst</strong></span> <span class='ocrx_word' id='word_1_22' title='bbox 830 640 985 718; x_wconf 90' lang='lat' dir='ltr'><strong>occupatio</strong></span> <span class='ocrx_word' id='word_1_23' title='bbox 1007 639 1066 697; x_wconf 88' lang='lat' dir='ltr'><strong>ista</strong></span> <span class='ocrx_word' id='word_1_24' title='bbox 1086 636 1175 713; x_wconf 86' lang='lat' dir='ltr'><strong>digna</strong></span> <span class='ocrx_word' id='word_1_25' title='bbox 1190 632 1355 713; x_wconf 78' lang='lat' dir='ltr'><strong>scaligero,</strong></span> <span class='ocrx_word' id='word_1_26' title='bbox 1387 640 1422 693; x_wconf 92' lang='lat' dir='ltr'><strong>ut</strong></span> <span class='ocrx_word' id='word_1_27' title='bbox 1443 634 1512 710; x_wconf 89' lang='lat' dir='ltr'><strong>qui-</strong></span> 
     </span>
    </p>
   </div>
   <div class='ocr_carea' id='block_1_3' title="bbox 145 722 1512 3353">
    <p class='ocr_par' dir='ltr' id='par_1_3' title="bbox 148 722 1511 904">
     <span class='ocr_line' id='line_1_4' title="bbox 149 722 1511 808; baseline -0.013 -9"><span class='ocrx_word' id='word_1_28' title='bbox 149 738 209 799; x_wconf 89' lang='lat' dir='ltr'><strong>dem</strong></span> <span class='ocrx_word' id='word_1_29' title='bbox 239 744 306 797; x_wconf 89' lang='lat' dir='ltr'><strong>toto</strong></span> <span class='ocrx_word' id='word_1_30' title='bbox 329 734 381 796; x_wconf 87' lang='lat' dir='ltr'><strong>iol.</strong></span> <span class='ocrx_word' id='word_1_31' title='bbox 405 740 465 807; x_wconf 76' lang='lat'><strong>27,</strong></span> <span class='ocrx_word' id='word_1_32' title='bbox 494 735 546 792; x_wconf 90' lang='lat' dir='ltr'><strong>ubi</strong></span> <span class='ocrx_word' id='word_1_33' title='bbox 573 732 685 808; x_wconf 86' lang='lat' dir='ltr'><strong>allegat</strong></span> <span class='ocrx_word' id='word_1_34' title='bbox 715 731 914 808; x_wconf 88' lang='lat' dir='ltr'><strong>experimenta</strong></span> <span class='ocrx_word' id='word_1_35' title='bbox 945 727 1080 800; x_wconf 87' lang='lat' dir='ltr'><strong>nautica,</strong></span> <span class='ocrx_word' id='word_1_36' title='bbox 1109 724 1165 784; x_wconf 90' lang='lat' dir='ltr'><strong>hoa</strong></span> <span class='ocrx_word' id='word_1_37' title='bbox 1195 722 1362 799; x_wconf 87' lang='lat' dir='ltr'><strong>detegentis</strong></span> <span class='ocrx_word' id='word_1_38' title='bbox 1390 738 1511 785; x_wconf 87' lang='lat' dir='ltr'><strong>errores.</strong></span> 
     </span>
     <span class='ocr_line' id='line_1_5' title="bbox 148 812 1160 904; baseline -0.017 -16"><span class='ocrx_word' id='word_1_39' title='bbox 148 826 270 904; x_wconf 78' lang='lat' dir='ltr'><strong>Corrigit</strong></span> <span class='ocrx_word' id='word_1_40' title='bbox 292 840 327 885; x_wconf 88' lang='lat' dir='ltr'><strong>se</strong></span> <span class='ocrx_word' id='word_1_41' title='bbox 347 820 401 883; x_wconf 86' lang='lat' dir='ltr'><strong>iol.</strong></span> <span class='ocrx_word' id='word_1_42' title='bbox 425 826 485 881; x_wconf 78' lang='lat'><strong>28:</strong></span> <span class='ocrx_word' id='word_1_43' title='bbox 511 819 618 895; x_wconf 83' lang='lat' dir='ltr'><strong>„Hunc</strong></span> <span class='ocrx_word' id='word_1_44' title='bbox 639 825 752 879; x_wconf 91' lang='lat' dir='ltr'><strong>motum</strong></span> <span class='ocrx_word' id='word_1_45' title='bbox 775 817 831 877; x_wconf 90' lang='lat' dir='ltr'><strong>soli</strong></span> <span class='ocrx_word' id='word_1_46' title='bbox 854 816 941 893; x_wconf 88' lang='lat' dir='ltr'><strong>periti</strong></span> <span class='ocrx_word' id='word_1_47' title='bbox 963 812 1160 890; x_wconf 79' lang='lat' dir='ltr'><strong>intelligunt.“</strong></span> 
     </span>
    </p>

    <p class='ocr_par' dir='ltr' id='par_1_4' title="bbox 145 899 1512 1779">
     <span class='ocr_line' id='line_1_6' title="bbox 247 899 1511 980; baseline -0.012 -9"><span class='ocrx_word' id='word_1_48' title='bbox 247 910 336 972; x_wconf 82' lang='lat' dir='ltr'><strong>Folio</strong></span> <span class='ocrx_word' id='word_1_49' title='bbox 366 914 425 971; x_wconf 74' lang='lat'><strong>252</strong></span> <span class='ocrx_word' id='word_1_50' title='bbox 459 909 547 966; x_wconf 78' lang='lat' dir='ltr'><strong>Stella</strong></span> <span class='ocrx_word' id='word_1_51' title='bbox 569 910 599 964; x_wconf 92' lang='lat' dir='ltr'><strong>in</strong></span> <span class='ocrx_word' id='word_1_52' title='bbox 616 908 706 967; x_wconf 89' lang='lat' dir='ltr'><strong>canda</strong></span> <span class='ocrx_word' id='word_1_53' title='bbox 724 910 883 980; x_wconf 82' lang='lat' dir='ltr'><strong>Cynosurae</strong></span> <span class='ocrx_word' id='word_1_54' title='bbox 905 904 1001 961; x_wconf 85' lang='lat' dir='ltr'><strong>ultime</strong></span> <span class='ocrx_word' id='word_1_55' title='bbox 1025 902 1149 973; x_wconf 80' lang='lat' dir='ltr'><strong>proxime</strong></span> <span class='ocrx_word' id='word_1_56' title='bbox 1167 916 1184 957; x_wconf 85' lang='lat' dir='ltr'><strong>a</strong></span> <span class='ocrx_word' id='word_1_57' title='bbox 1201 899 1266 971; x_wconf 91' lang='lat' dir='ltr'><strong>polo</strong></span> <span class='ocrx_word' id='word_1_58' title='bbox 1285 900 1405 971; x_wconf 87' lang='lat' dir='ltr'><strong>(mundi)</strong></span> <span class='ocrx_word' id='word_1_59' title='bbox 1425 899 1511 957; x_wconf 86' lang='lat' dir='ltr'><strong>abest</strong></span> 
     </span>
     <span class='ocr_line' id='line_1_7' title="bbox 145 984 1511 1071; baseline -0.014 -9"><span class='ocrx_word' id='word_1_60' title='bbox 145 1000 226 1063; x_wconf 81' lang='lat' dir='ltr'><strong>ilaec</strong></span> <span class='ocrx_word' id='word_1_61' title='bbox 248 1006 285 1059; x_wconf 87' lang='lat' dir='ltr'><strong>ut</strong></span> <span class='ocrx_word' id='word_1_62' title='bbox 306 1000 401 1058; x_wconf 81' lang='lat' dir='ltr'><strong>noahi</strong></span> <span class='ocrx_word' id='word_1_63' title='bbox 424 1012 535 1067; x_wconf 84' lang='lat' dir='ltr'><strong>omnes,</strong></span> <span class='ocrx_word' id='word_1_64' title='bbox 557 1011 614 1071; x_wconf 84' lang='lat' dir='ltr'><strong>ego</strong></span> <span class='ocrx_word' id='word_1_65' title='bbox 638 1010 712 1053; x_wconf 88' lang='lat' dir='ltr'><strong>uua.</strong></span> <span class='ocrx_word' id='word_1_66' title='bbox 751 991 809 1052; x_wconf 88' lang='lat' dir='ltr'><strong>Sed</strong></span> <span class='ocrx_word' id='word_1_67' title='bbox 833 1008 885 1051; x_wconf 92' lang='lat' dir='ltr'><strong>cur</strong></span> <span class='ocrx_word' id='word_1_68' title='bbox 906 990 953 1048; x_wconf 90' lang='lat' dir='ltr'><strong>sui</strong></span> <span class='ocrx_word' id='word_1_69' title='bbox 975 989 1127 1047; x_wconf 91' lang='lat' dir='ltr'><strong>immemor</strong></span> <span class='ocrx_word' id='word_1_70' title='bbox 1140 988 1170 1045; x_wconf 93' lang='lat' dir='ltr'><strong>in</strong></span> <span class='ocrx_word' id='word_1_71' title='bbox 1186 984 1267 1047; x_wconf 87' lang='lat' dir='ltr'><strong>caica</strong></span> <span class='ocrx_word' id='word_1_72' title='bbox 1285 984 1422 1059; x_wconf 81' lang='lat' dir='ltr'><strong>affirmat,</strong></span> <span class='ocrx_word' id='word_1_73' title='bbox 1445 999 1511 1044; x_wconf 90' lang='lat' dir='ltr'><strong>mo·</strong></span> 
     </span>
     <span class='ocr_line' id='line_1_8' title="bbox 147 1070 1512 1165; baseline -0.013 -16"><span class='ocrx_word' id='word_1_74' title='bbox 147 1098 204 1149; x_wconf 91' lang='lat' dir='ltr'><strong>tum</strong></span> <span class='ocrx_word' id='word_1_75' title='bbox 227 1087 320 1165; x_wconf 91' lang='lat' dir='ltr'><strong>primi</strong></span> <span class='ocrx_word' id='word_1_76' title='bbox 341 1083 478 1157; x_wconf 87' lang='lat' dir='ltr'><strong>mobilis,</strong></span> <span class='ocrx_word' id='word_1_77' title='bbox 501 1104 619 1159; x_wconf 73' lang='grc' dir='ltr'><strong><em>πρωτην</em></strong></span> <span class='ocrx_word' id='word_1_78' title='bbox 643 1102 760 1161; x_wconf 76' lang='lat' dir='ltr'><strong>popae,</strong></span> <span class='ocrx_word' id='word_1_79' title='bbox 792 1078 1013 1140; x_wconf 88' lang='lat' dir='ltr'><strong>couversionem</strong></span> <span class='ocrx_word' id='word_1_80' title='bbox 1036 1073 1138 1135; x_wconf 90' lang='lat' dir='ltr'><strong>mundi</strong></span> <span class='ocrx_word' id='word_1_81' title='bbox 1159 1073 1222 1136; x_wconf 85' lang='lat' dir='ltr'><strong>riori</strong></span> <span class='ocrx_word' id='word_1_82' title='bbox 1244 1074 1282 1136; x_wconf 89' lang='lat' dir='ltr'><strong>ab</strong></span> <span class='ocrx_word' id='word_1_83' title='bbox 1305 1071 1338 1131; x_wconf 91' lang='lat' dir='ltr'>X</span> <span class='ocrx_word' id='word_1_84' title='bbox 1353 1071 1392 1135; x_wconf 88' lang='lat' dir='ltr'><strong>ad</strong></span> <span class='ocrx_word' id='word_1_85' title='bbox 1413 1070 1450 1149; x_wconf 87' lang='lat' dir='ltr'><strong>N,</strong></span> <span class='ocrx_word' id='word_1_86' title='bbox 1472 1070 1512 1134; x_wconf 87' lang='lat' dir='ltr'><strong>ad</strong></span> 
     </span>
     <span class='ocr_line' id='line_1_9' title="bbox 145 1168 643 1251; baseline -0.018 -13"><span class='ocrx_word' id='word_1_87' title='bbox 145 1194 203 1251; x_wconf 66' lang='lat' dir='ltr'><strong>aa</strong></span> <span class='ocrx_word' id='word_1_88' title='bbox 217 1196 242 1236; x_wconf 77' lang='lat' dir='ltr'><strong>a</strong></span> <span class='ocrx_word' id='word_1_89' title='bbox 256 1172 299 1236; x_wconf 89' lang='lat' dir='ltr'><strong>ad</strong></span> <span class='ocrx_word' id='word_1_90' title='bbox 314 1172 352 1247; x_wconf 88' lang='lat' dir='ltr'><strong>V,</strong></span> <span class='ocrx_word' id='word_1_91' title='bbox 368 1172 455 1249; x_wconf 85' lang='lat' dir='ltr'><strong>quasi</strong></span> <span class='ocrx_word' id='word_1_92' title='bbox 469 1186 558 1246; x_wconf 92' lang='lat' dir='ltr'><strong>super</strong></span> <span class='ocrx_word' id='word_1_93' title='bbox 572 1168 643 1246; x_wconf 92' lang='lat' dir='ltr'><strong>poio</strong></span> 
     </span>
     <span class='ocr_line' id='line_1_10' title="bbox 146 1254 643 1337; baseline -0.016 -16"><span class='ocrx_word' id='word_1_94' title='bbox 146 1264 260 1337; x_wconf 62' lang='lat' dir='ltr'><strong>bnon</strong></span> <span class='ocrx_word' id='word_1_95' title='bbox 283 1276 357 1321; x_wconf 83' lang='lat' dir='ltr'><strong>vero</strong></span> <span class='ocrx_word' id='word_1_96' title='bbox 376 1254 643 1336; x_wconf 79' lang='lat' dir='ltr'><strong>a&#39;lperOinR‚</strong></span> 
     </span>
     <span class='ocr_line' id='line_1_11' title="bbox 145 1343 645 1429; baseline -0.014 -19"><span class='ocrx_word' id='word_1_97' title='bbox 145 1352 226 1429; x_wconf 74' lang='lat' dir='ltr'><strong>quasi</strong></span> <span class='ocrx_word' id='word_1_98' title='bbox 241 1365 336 1426; x_wconf 93' lang='lat' dir='ltr'><strong>snper</strong></span> <span class='ocrx_word' id='word_1_99' title='bbox 350 1343 420 1424; x_wconf 89' lang='lat' dir='ltr'><strong>poio</strong></span> <span class='ocrx_word' id='word_1_100' title='bbox 435 1345 473 1407; x_wconf 79' lang='lat' dir='ltr'><strong>a?</strong></span> <span class='ocrx_word' id='word_1_101' title='bbox 497 1344 555 1404; x_wconf 82' lang='lat' dir='ltr'><strong>Gur</strong></span> <span class='ocrx_word' id='word_1_102' title='bbox 565 1343 645 1403; x_wconf 94' lang='lat' dir='ltr'><strong>hunc</strong></span> 
     </span>
     <span class='ocr_line' id='line_1_12' title="bbox 146 1432 644 1512; baseline -0.022 -12"><span class='ocrx_word' id='word_1_103' title='bbox 146 1438 269 1501; x_wconf 87' lang='lat' dir='ltr'><strong>eundem</strong></span> <span class='ocrx_word' id='word_1_104' title='bbox 291 1436 319 1495; x_wconf 76' lang='lat' dir='ltr'><strong>ii</strong></span> <span class='ocrx_word' id='word_1_105' title='bbox 340 1432 442 1512; x_wconf 90' lang='lat' dir='ltr'><strong>poium</strong></span> <span class='ocrx_word' id='word_1_106' title='bbox 463 1432 553 1511; x_wconf 84' lang='lat' dir='ltr'><strong>iacit,</strong></span> <span class='ocrx_word' id='word_1_107' title='bbox 579 1432 644 1507; x_wconf 87' lang='lat' dir='ltr'><strong>jam</strong></span> 
     </span>
     <span class='ocr_line' id='line_1_13' title="bbox 146 1519 644 1603; baseline -0.02 -16"><span class='ocrx_word' id='word_1_108' title='bbox 146 1526 288 1603; x_wconf 72' lang='lat' dir='ltr'><strong>aiginam</strong></span> <span class='ocrx_word' id='word_1_109' title='bbox 318 1519 431 1583; x_wconf 73' lang='lat' dir='ltr'><strong>medae</strong></span> <span class='ocrx_word' id='word_1_110' title='bbox 463 1520 534 1581; x_wconf 86' lang='lat' dir='ltr'><strong>iacit</strong></span> <span class='ocrx_word' id='word_1_111' title='bbox 561 1519 644 1579; x_wconf 89' lang='lat' dir='ltr'><strong>volvi</strong></span> 
     </span>
     <span class='ocr_line' id='line_1_14' title="bbox 146 1607 644 1685; baseline -0.02 -11"><span class='ocrx_word' id='word_1_112' title='bbox 146 1616 172 1673; x_wconf 90' lang='lat' dir='ltr'><strong>io</strong></span> <span class='ocrx_word' id='word_1_113' title='bbox 197 1611 313 1673; x_wconf 67' lang='lat' dir='ltr'><strong>choma</strong></span> <span class='ocrx_word' id='word_1_114' title='bbox 341 1607 410 1682; x_wconf 81' lang='lat' dir='ltr'><strong>Oli,</strong></span> <span class='ocrx_word' id='word_1_115' title='bbox 440 1608 526 1685; x_wconf 89' lang='lat' dir='ltr'><strong>quasi</strong></span> <span class='ocrx_word' id='word_1_116' title='bbox 555 1623 644 1683; x_wconf 88' lang='lat' dir='ltr'><strong>super</strong></span> 
     </span>
     <span class='ocr_line' id='line_1_15' title="bbox 146 1692 643 1779; baseline -0.018 -18"><span class='ocrx_word' id='word_1_117' title='bbox 146 1698 210 1779; x_wconf 88' lang='lat' dir='ltr'><strong>polo</strong></span> <span class='ocrx_word' id='word_1_118' title='bbox 226 1698 267 1761; x_wconf 74' lang='lat' dir='ltr'><strong>a?</strong></span> <span class='ocrx_word' id='word_1_119' title='bbox 302 1694 382 1773; x_wconf 85' lang='lat' dir='ltr'><strong>Quid</strong></span> <span class='ocrx_word' id='word_1_120' title='bbox 404 1712 507 1756; x_wconf 82' lang='lat' dir='ltr'><strong>verum</strong></span> <span class='ocrx_word' id='word_1_121' title='bbox 529 1692 643 1767; x_wconf 49' lang='lat' dir='ltr'><strong>cciv)</strong></span> 
     </span>
    </p>

    <p class='ocr_par' dir='ltr' id='par_1_5' title="bbox 145 1776 721 2373">
     <span class='ocr_line' id='line_1_16' title="bbox 247 1776 644 1860; baseline -0.01 -15"><span class='ocrx_word' id='word_1_122' title='bbox 247 1784 355 1847; x_wconf 79' lang='lat' dir='ltr'>Obiter</span> <span class='ocrx_word' id='word_1_123' title='bbox 375 1782 426 1843; x_wconf 86' lang='lat' dir='ltr'><strong>iol.</strong></span> <span class='ocrx_word' id='word_1_124' title='bbox 450 1789 502 1843; x_wconf 77' lang='grc'><strong>27.</strong></span> <span class='ocrx_word' id='word_1_125' title='bbox 523 1776 644 1860; x_wconf 83' lang='grc' dir='ltr'><strong><em>ἡμικυκ-</em></strong></span> 
     </span>
     <span class='ocr_line' id='line_1_17' title="bbox 148 1867 645 1949; baseline -0.022 -11"><span class='ocrx_word' id='word_1_126' title='bbox 148 1880 205 1937; x_wconf 77' lang='lat' dir='ltr'><strong>lior</strong></span> <span class='ocrx_word' id='word_1_127' title='bbox 250 1867 448 1949; x_wconf 70' lang='grc' dir='ltr'><strong><em>καταβιβαζον</em></strong></span> <span class='ocrx_word' id='word_1_128' title='bbox 491 1885 645 1947; x_wconf 80' lang='lat' dir='ltr'>perperam</span> 
     </span>
     <span class='ocr_line' id='line_1_18' title="bbox 147 1954 644 2041; baseline -0.01 -20"><span class='ocrx_word' id='word_1_129' title='bbox 147 1966 267 2041; x_wconf 75' lang='lat' dir='ltr'><strong>usurpat</strong></span> <span class='ocrx_word' id='word_1_130' title='bbox 280 1975 337 2037; x_wconf 90' lang='lat' dir='ltr'><strong>pro</strong></span> <span class='ocrx_word' id='word_1_131' title='bbox 352 1957 491 2031; x_wconf 77' lang='lat' dir='ltr'><strong>interiori,</strong></span> <span class='ocrx_word' id='word_1_132' title='bbox 507 1972 576 2017; x_wconf 88' lang='lat' dir='ltr'><strong>nem</strong></span> <span class='ocrx_word' id='word_1_133' title='bbox 591 1954 644 2016; x_wconf 89' lang='lat' dir='ltr'><strong>de-</strong></span> 
     </span>
     <span class='ocr_line' id='line_1_19' title="bbox 147 2043 645 2125; baseline -0.02 -14"><span class='ocrx_word' id='word_1_134' title='bbox 147 2050 208 2111; x_wconf 78' lang='lat' dir='ltr'><strong>buit</strong></span> <span class='ocrx_word' id='word_1_135' title='bbox 244 2064 300 2125; x_wconf 96' lang='lat' dir='ltr'><strong>pro</strong></span> <span class='ocrx_word' id='word_1_136' title='bbox 338 2043 528 2107; x_wconf 77' lang='lat' dir='ltr'><strong>descendenti</strong></span> <span class='ocrx_word' id='word_1_137' title='bbox 557 2060 645 2103; x_wconf 89' lang='lat' dir='ltr'><strong>usur-</strong></span> 
     </span>
     <span class='ocr_line' id='line_1_20' title="bbox 145 2129 719 2217; baseline -0.014 -22"><span class='ocrx_word' id='word_1_138' title='bbox 145 2152 223 2217; x_wconf 82' lang='lat' dir='ltr'><strong>pare,</strong></span> <span class='ocrx_word' id='word_1_139' title='bbox 247 2138 279 2193; x_wconf 92' lang='lat' dir='ltr'><strong>in</strong></span> <span class='ocrx_word' id='word_1_140' title='bbox 301 2150 361 2210; x_wconf 86' lang='lat' dir='ltr'><strong>qno</strong></span> <span class='ocrx_word' id='word_1_141' title='bbox 375 2141 422 2194; x_wconf 93' lang='lat' dir='ltr'><strong>est</strong></span> <span class='ocrx_word' id='word_1_142' title='bbox 435 2131 582 2209; x_wconf 72' lang='lat' dir='ltr'><strong>quadram</strong></span> <span class='ocrx_word' id='word_1_143' title='bbox 595 2129 646 2189; x_wconf 90' lang='lat' dir='ltr'><strong>ul-</strong></span> <span class='ocrx_word' id='word_1_144' title='bbox 715 2157 719 2169; x_wconf 95' lang='lat'><em>·</em></span> 
     </span>
     <span class='ocr_line' id='line_1_21' title="bbox 147 2212 721 2300; baseline -0.014 -16"><span class='ocrx_word' id='word_1_145' title='bbox 147 2226 236 2284; x_wconf 76' lang='lat' dir='ltr'><strong>umus</strong></span> <span class='ocrx_word' id='word_1_146' title='bbox 250 2222 411 2300; x_wconf 88' lang='lat' dir='ltr'><strong>superioris</strong></span> <span class='ocrx_word' id='word_1_147' title='bbox 426 2227 457 2280; x_wconf 90' lang='lat' dir='ltr'><strong>et</strong></span> <span class='ocrx_word' id='word_1_148' title='bbox 471 2221 582 2297; x_wconf 90' lang='lat' dir='ltr'><strong>primus</strong></span> <span class='ocrx_word' id='word_1_149' title='bbox 595 2218 645 2277; x_wconf 88' lang='lat' dir='ltr'><strong>iu·</strong></span> <span class='ocrx_word' id='word_1_150' title='bbox 669 2282 676 2299; x_wconf 41' lang='grc' dir='ltr'>Ι</span> <span class='ocrx_word' id='word_1_151' title='bbox 702 2212 721 2259; x_wconf 72' lang='lat' dir='ltr'><strong>l</strong></span> 
     </span>
     <span class='ocr_line' id='line_1_22' title="bbox 146 2312 271 2373; baseline 0.008 -2"><span class='ocrx_word' id='word_1_152' title='bbox 146 2312 271 2373; x_wconf 77' lang='lat' dir='ltr'><strong>ferioris.</strong></span> 
     </span>
    </p>

    <p class='ocr_par' dir='ltr' id='par_1_6' title="bbox 146 2392 647 3003">
     <span class='ocr_line' id='line_1_23' title="bbox 251 2392 645 2458; baseline -0.013 -1"><span class='ocrx_word' id='word_1_153' title='bbox 251 2394 366 2458; x_wconf 87' lang='lat' dir='ltr'><strong>ibidem</strong></span> <span class='ocrx_word' id='word_1_154' title='bbox 387 2393 409 2453; x_wconf 88' lang='lat'><strong>1.</strong></span> <span class='ocrx_word' id='word_1_155' title='bbox 434 2398 463 2455; x_wconf 86' lang='lat'><strong>5.</strong></span> <span class='ocrx_word' id='word_1_156' title='bbox 488 2392 586 2453; x_wconf 87' lang='lat' dir='ltr'><strong>eiine</strong></span> <span class='ocrx_word' id='word_1_157' title='bbox 608 2410 645 2453; x_wconf 86' lang='lat' dir='ltr'><strong>ex</strong></span> 
     </span>
     <span class='ocr_line' id='line_1_24' title="bbox 146 2480 647 2554; baseline -0.014 -7"><span class='ocrx_word' id='word_1_158' title='bbox 146 2484 197 2547; x_wconf 79' lang='grc' dir='ltr'><strong>ΒΤ</strong></span> <span class='ocrx_word' id='word_1_159' title='bbox 228 2484 303 2545; x_wconf 85' lang='lat' dir='ltr'><strong>iacit</strong></span> <span class='ocrx_word' id='word_1_160' title='bbox 333 2483 533 2554; x_wconf 81' lang='lat' dir='ltr'><strong>horizontem,</strong></span> <span class='ocrx_word' id='word_1_161' title='bbox 563 2480 647 2540; x_wconf 88' lang='lat' dir='ltr'><strong>nulle</strong></span> 
     </span>
     <span class='ocr_line' id='line_1_25' title="bbox 148 2568 646 2647; baseline -0.016 -12"><span class='ocrx_word' id='word_1_162' title='bbox 148 2572 251 2635; x_wconf 79' lang='lat' dir='ltr'><strong>addita</strong></span> <span class='ocrx_word' id='word_1_163' title='bbox 270 2573 422 2633; x_wconf 84' lang='lat' dir='ltr'><strong>mentione</strong></span> <span class='ocrx_word' id='word_1_164' title='bbox 435 2568 592 2647; x_wconf 90' lang='lat' dir='ltr'><strong>peculiaris</strong></span> <span class='ocrx_word' id='word_1_165' title='bbox 607 2585 646 2627; x_wconf 91' lang='lat' dir='ltr'><strong>u·</strong></span> 
     </span>
     <span class='ocr_line' id='line_1_26' title="bbox 148 2654 645 2731; baseline -0.016 -8"><span class='ocrx_word' id='word_1_166' title='bbox 148 2680 206 2723; x_wconf 85' lang='lat' dir='ltr'><strong>sur.</strong></span> <span class='ocrx_word' id='word_1_167' title='bbox 253 2660 320 2721; x_wconf 84' lang='lat' dir='ltr'><strong>Non</strong></span> <span class='ocrx_word' id='word_1_168' title='bbox 341 2660 448 2719; x_wconf 91' lang='lat' dir='ltr'><strong>mirem</strong></span> <span class='ocrx_word' id='word_1_169' title='bbox 475 2663 536 2731; x_wconf 85' lang='lat' dir='ltr'><strong>est,</strong></span> <span class='ocrx_word' id='word_1_170' title='bbox 558 2654 590 2717; x_wconf 92' lang='lat' dir='ltr'><strong>&#39;si</strong></span> <span class='ocrx_word' id='word_1_171' title='bbox 611 2672 645 2715; x_wconf 90' lang='lat' dir='ltr'><strong>se</strong></span> 
     </span>
     <span class='ocr_line' id='line_1_27' title="bbox 149 2741 646 2829; baseline -0.018 -18"><span class='ocrx_word' id='word_1_172' title='bbox 149 2752 244 2829; x_wconf 90' lang='lat' dir='ltr'><strong>ipsum</strong></span> <span class='ocrx_word' id='word_1_173' title='bbox 266 2746 436 2823; x_wconf 78' lang='lat' dir='ltr'><strong>confundit3</strong></span> <span class='ocrx_word' id='word_1_174' title='bbox 466 2745 497 2803; x_wconf 92' lang='lat' dir='ltr'><strong>in</strong></span> <span class='ocrx_word' id='word_1_175' title='bbox 529 2741 646 2804; x_wconf 87' lang='lat' dir='ltr'><strong>mathc-</strong></span> 
     </span>
     <span class='ocr_line' id='line_1_28' title="bbox 148 2832 647 2912; baseline -0.012 -15"><span class='ocrx_word' id='word_1_176' title='bbox 148 2837 262 2897; x_wconf 88' lang='lat' dir='ltr'><strong>maticis</strong></span> <span class='ocrx_word' id='word_1_177' title='bbox 290 2835 396 2912; x_wconf 85' lang='lat' dir='ltr'><strong>majori</strong></span> <span class='ocrx_word' id='word_1_178' title='bbox 425 2832 579 2909; x_wconf 85' lang='lat' dir='ltr'><strong>diligentie</strong></span> <span class='ocrx_word' id='word_1_179' title='bbox 601 2838 647 2892; x_wconf 91' lang='lat' dir='ltr'><strong>est</strong></span> 
     </span>
     <span class='ocr_line' id='line_1_29' title="bbox 150 2942 231 3003; baseline -0.025 -17"><span class='ocrx_word' id='word_1_180' title='bbox 150 2942 231 3003; x_wconf 87' lang='lat' dir='ltr'><strong>opus.</strong></span> 
     </span>
    </p>

    <p class='ocr_par' dir='ltr' id='par_1_7' title="bbox 151 3007 1508 3353">
     <span class='ocr_line' id='line_1_30' title="bbox 250 3007 648 3072; baseline -0.02 -1"><span class='ocrx_word' id='word_1_181' title='bbox 250 3010 347 3071; x_wconf 83' lang='lat' dir='ltr'><strong>Lince</strong></span> <span class='ocrx_word' id='word_1_182' title='bbox 369 3014 399 3072; x_wconf 76' lang='lat'><strong>2.</strong></span> <span class='ocrx_word' id='word_1_183' title='bbox 428 3007 526 3068; x_wconf 83' lang='lat' dir='ltr'><strong>ehoe</strong></span> <span class='ocrx_word' id='word_1_184' title='bbox 556 3008 648 3069; x_wconf 90' lang='lat' dir='ltr'><strong>semi-</strong></span> 
     </span>
     <span class='ocr_line' id='line_1_31' title="bbox 152 3094 648 3174; baseline -0.006 -16"><span class='ocrx_word' id='word_1_185' title='bbox 152 3098 323 3160; x_wconf 88' lang='lat' dir='ltr'><strong>diametrum</strong></span> <span class='ocrx_word' id='word_1_186' title='bbox 333 3094 468 3174; x_wconf 90' lang='lat' dir='ltr'><strong>paralleli</strong></span> <span class='ocrx_word' id='word_1_187' title='bbox 478 3094 648 3172; x_wconf 88' lang='lat' dir='ltr'><strong>steliaepo·</strong></span> 
     </span>
     <span class='ocr_line' id='line_1_32' title="bbox 151 3180 1508 3263; baseline -0.001 -15"><span class='ocrx_word' id='word_1_188' title='bbox 151 3186 217 3247; x_wconf 86' lang='lat' dir='ltr'><strong>laris</strong></span> <span class='ocrx_word' id='word_1_189' title='bbox 240 3187 312 3247; x_wconf 88' lang='lat' dir='ltr'><strong>iacit</strong></span> <span class='ocrx_word' id='word_1_190' title='bbox 335 3180 371 3245; x_wconf 83' lang='lat'><strong>3⁰</strong></span> <span class='ocrx_word' id='word_1_191' title='bbox 386 3188 456 3259; x_wconf 77' lang='lat'><strong>24¹3</strong></span> <span class='ocrx_word' id='word_1_192' title='bbox 479 3182 508 3242; x_wconf 91' lang='lat' dir='ltr'><strong>id</strong></span> <span class='ocrx_word' id='word_1_193' title='bbox 531 3201 566 3243; x_wconf 85' lang='lat' dir='ltr'><strong>er</strong></span> <span class='ocrx_word' id='word_1_194' title='bbox 581 3181 732 3260; x_wconf 71' lang='lat' dir='ltr'><strong>Tycham,</strong></span> <span class='ocrx_word' id='word_1_195' title='bbox 756 3189 786 3244; x_wconf 89' lang='lat' dir='ltr'><strong>et</strong></span> <span class='ocrx_word' id='word_1_196' title='bbox 808 3192 870 3246; x_wconf 90' lang='lat' dir='ltr'><strong>erat</strong></span> <span class='ocrx_word' id='word_1_197' title='bbox 892 3184 923 3244; x_wconf 90' lang='lat' dir='ltr'><strong>id</strong></span> <span class='ocrx_word' id='word_1_198' title='bbox 946 3187 987 3245; x_wconf 90' lang='lat' dir='ltr'><strong>ita</strong></span> <span class='ocrx_word' id='word_1_199' title='bbox 1010 3185 1118 3244; x_wconf 91' lang='lat' dir='ltr'><strong>multos</strong></span> <span class='ocrx_word' id='word_1_200' title='bbox 1141 3190 1210 3244; x_wconf 89' lang='lat' dir='ltr'><strong>ante</strong></span> <span class='ocrx_word' id='word_1_201' title='bbox 1232 3202 1342 3263; x_wconf 79' lang='lat' dir='ltr'><strong>ennos3</strong></span> <span class='ocrx_word' id='word_1_202' title='bbox 1366 3193 1397 3246; x_wconf 94' lang='lat' dir='ltr'><strong>at</strong></span> <span class='ocrx_word' id='word_1_203' title='bbox 1418 3184 1508 3247; x_wconf 90' lang='lat' dir='ltr'><strong>hodie</strong></span> 
     </span>
     <span class='ocr_line' id='line_1_33' title="bbox 154 3269 1126 3353; baseline -0.002 -21"><span class='ocrx_word' id='word_1_204' title='bbox 154 3276 305 3353; x_wconf 79' lang='lat' dir='ltr'><strong>angustior</strong></span> <span class='ocrx_word' id='word_1_205' title='bbox 326 3280 380 3346; x_wconf 89' lang='lat' dir='ltr'><strong>est,</strong></span> <span class='ocrx_word' id='word_1_206' title='bbox 404 3269 485 3349; x_wconf 88' lang='lat' dir='ltr'><strong>quod</strong></span> <span class='ocrx_word' id='word_1_207' title='bbox 508 3269 653 3331; x_wconf 82' lang='lat' dir='ltr'><strong>inaudivit</strong></span> <span class='ocrx_word' id='word_1_208' title='bbox 676 3270 796 3332; x_wconf 85' lang='lat' dir='ltr'><strong>aliunde</strong></span> <span class='ocrx_word' id='word_1_209' title='bbox 819 3281 849 3333; x_wconf 91' lang='lat' dir='ltr'><strong>et</strong></span> <span class='ocrx_word' id='word_1_210' title='bbox 870 3273 978 3334; x_wconf 82' lang='lat' dir='ltr'><strong>fatetur</strong></span> <span class='ocrx_word' id='word_1_211' title='bbox 1000 3273 1049 3332; x_wconf 86' lang='lat' dir='ltr'><strong>iol.</strong></span> <span class='ocrx_word' id='word_1_212' title='bbox 1076 3279 1126 3334; x_wconf 82' lang='lat'><strong>34.</strong></span> 
     </span>
    </p>
   </div>
   <div class='ocr_carea' id='block_1_4' title="bbox 152 3359 1512 3514">
    <p class='ocr_par' dir='ltr' id='par_1_8' title="bbox 152 3359 1512 3514">
     <span class='ocr_line' id='line_1_34' title="bbox 251 3359 1508 3436; baseline -0.002 -15"><span class='ocrx_word' id='word_1_213' title='bbox 251 3359 318 3421; x_wconf 74' lang='lat' dir='ltr'><strong>i&#39;oi.</strong></span> <span class='ocrx_word' id='word_1_214' title='bbox 335 3366 392 3420; x_wconf 81' lang='lat'><strong>28:</strong></span> <span class='ocrx_word' id='word_1_215' title='bbox 415 3363 497 3418; x_wconf 90' lang='lat' dir='ltr'><strong>Hunc</strong></span> <span class='ocrx_word' id='word_1_216' title='bbox 515 3368 618 3416; x_wconf 89' lang='lat' dir='ltr'><strong>motum</strong></span> <span class='ocrx_word' id='word_1_217' title='bbox 644 3361 740 3418; x_wconf 90' lang='lat' dir='ltr'><strong>stellae</strong></span> <span class='ocrx_word' id='word_1_218' title='bbox 759 3363 782 3417; x_wconf 84' lang='lat' dir='ltr'><strong>G</strong></span> <span class='ocrx_word' id='word_1_219' title='bbox 800 3362 829 3417; x_wconf 89' lang='lat' dir='ltr'><strong>in</strong></span> <span class='ocrx_word' id='word_1_220' title='bbox 847 3363 956 3419; x_wconf 88' lang='lat' dir='ltr'><strong>eircaiio</strong></span> <span class='ocrx_word' id='word_1_221' title='bbox 974 3386 993 3418; x_wconf 86' lang='grc' dir='ltr'><strong><em>α</em></strong></span> <span class='ocrx_word' id='word_1_222' title='bbox 1011 3368 1026 3417; x_wconf 75' lang='grc' dir='ltr'><strong>ὁ</strong></span> <span class='ocrx_word' id='word_1_223' title='bbox 1043 3373 1094 3433; x_wconf 75' lang='lat' dir='ltr'><strong>pp</strong></span> <span class='ocrx_word' id='word_1_224' title='bbox 1118 3363 1169 3417; x_wconf 90' lang='lat' dir='ltr'><strong>soii</strong></span> <span class='ocrx_word' id='word_1_225' title='bbox 1187 3362 1266 3431; x_wconf 88' lang='lat' dir='ltr'><strong>periti</strong></span> <span class='ocrx_word' id='word_1_226' title='bbox 1290 3364 1445 3436; x_wconf 84' lang='lat' dir='ltr'><strong>percipiunt</strong></span> <span class='ocrx_word' id='word_1_227' title='bbox 1469 3363 1508 3419; x_wconf 91' lang='lat' dir='ltr'><strong>id-</strong></span> 
     </span>
     <span class='ocr_line' id='line_1_35' title="bbox 152 3437 1512 3514; baseline -0.001 -14"><span class='ocrx_word' id='word_1_228' title='bbox 152 3458 202 3513; x_wconf 83' lang='lat' dir='ltr'><strong>que</strong></span> <span class='ocrx_word' id='word_1_229' title='bbox 218 3443 354 3500; x_wconf 84' lang='lat' dir='ltr'><strong>relatione</strong></span> <span class='ocrx_word' id='word_1_230' title='bbox 377 3440 451 3497; x_wconf 85' lang='lat' dir='ltr'><strong>taeta</strong></span> <span class='ocrx_word' id='word_1_231' title='bbox 468 3439 504 3494; x_wconf 85' lang='lat' dir='ltr'><strong>ad</strong></span> <span class='ocrx_word' id='word_1_232' title='bbox 521 3439 625 3508; x_wconf 82' lang='lat' dir='ltr'><strong>Vigiles</strong></span> <span class='ocrx_word' id='word_1_233' title='bbox 643 3440 675 3509; x_wconf 79' lang='lat' dir='ltr'><strong>i&#39;,</strong></span> <span class='ocrx_word' id='word_1_234' title='bbox 688 3440 722 3497; x_wconf 86' lang='grc' dir='ltr'><strong>Ε.</strong></span> <span class='ocrx_word' id='word_1_235' title='bbox 759 3437 859 3498; x_wconf 89' lang='lat' dir='ltr'><strong>Nimio</strong></span> <span class='ocrx_word' id='word_1_236' title='bbox 875 3438 969 3498; x_wconf 90' lang='lat' dir='ltr'><strong>multa</strong></span> <span class='ocrx_word' id='word_1_237' title='bbox 990 3440 1084 3498; x_wconf 88' lang='lat' dir='ltr'><strong>nescit</strong></span> <span class='ocrx_word' id='word_1_238' title='bbox 1100 3438 1241 3514; x_wconf 88' lang='lat' dir='ltr'><strong>Scaligeri</strong></span> <span class='ocrx_word' id='word_1_239' title='bbox 1261 3448 1380 3500; x_wconf 88' lang='lat' dir='ltr'><strong>senecta</strong></span> <span class='ocrx_word' id='word_1_240' title='bbox 1403 3441 1512 3499; x_wconf 89' lang='lat' dir='ltr'><strong>nimio-</strong></span> 
     </span>
    </p>
   </div>
   <div class='ocr_carea' id='block_1_5' title="bbox 148 3520 1511 3953">
    <p class='ocr_par' dir='ltr' id='par_1_9' title="bbox 148 3520 1511 3953">
     <span class='ocr_line' id='line_1_36' title="bbox 152 3520 1511 3607; baseline -0.003 -18"><span class='ocrx_word' id='word_1_241' title='bbox 152 3548 204 3607; x_wconf 83' lang='lat' dir='ltr'><strong>que</strong></span> <span class='ocrx_word' id='word_1_242' title='bbox 226 3546 281 3591; x_wconf 91' lang='lat' dir='ltr'><strong>seu</strong></span> <span class='ocrx_word' id='word_1_243' title='bbox 304 3526 417 3605; x_wconf 90' lang='lat' dir='ltr'><strong>pudore</strong></span> <span class='ocrx_word' id='word_1_244' title='bbox 441 3524 592 3585; x_wconf 84' lang='lat' dir='ltr'><strong>cohibetur</strong></span> <span class='ocrx_word' id='word_1_245' title='bbox 614 3520 652 3582; x_wconf 91' lang='lat' dir='ltr'><strong>ad</strong></span> <span class='ocrx_word' id='word_1_246' title='bbox 675 3525 856 3602; x_wconf 83' lang='lat' dir='ltr'><strong>respuendos</strong></span> <span class='ocrx_word' id='word_1_247' title='bbox 880 3528 1034 3603; x_wconf 88' lang='lat' dir='ltr'><strong>magistros</strong></span> <span class='ocrx_word' id='word_1_248' title='bbox 1059 3532 1157 3585; x_wconf 85' lang='lat' dir='ltr'><strong>aetate</strong></span> <span class='ocrx_word' id='word_1_249' title='bbox 1176 3526 1318 3602; x_wconf 91' lang='lat' dir='ltr'><strong>juniores,</strong></span> <span class='ocrx_word' id='word_1_250' title='bbox 1350 3545 1403 3587; x_wconf 90' lang='lat' dir='ltr'><strong>scu</strong></span> <span class='ocrx_word' id='word_1_251' title='bbox 1426 3529 1511 3604; x_wconf 91' lang='lat' dir='ltr'><strong>cupi-</strong></span> 
     </span>
     <span class='ocr_line' id='line_1_37' title="bbox 151 3609 1511 3694; baseline -0.001 -19"><span class='ocrx_word' id='word_1_252' title='bbox 151 3615 239 3677; x_wconf 87' lang='lat' dir='ltr'><strong>ditate</strong></span> <span class='ocrx_word' id='word_1_253' title='bbox 261 3613 449 3694; x_wconf 84' lang='lat' dir='ltr'><strong>profunditur</strong></span> <span class='ocrx_word' id='word_1_254' title='bbox 471 3610 509 3671; x_wconf 91' lang='lat' dir='ltr'><strong>ad</strong></span> <span class='ocrx_word' id='word_1_255' title='bbox 532 3609 695 3671; x_wconf 91' lang='lat' dir='ltr'><strong>docendum</strong></span> <span class='ocrx_word' id='word_1_256' title='bbox 719 3628 762 3685; x_wconf 88' lang='lat' dir='ltr'><strong>ea,</strong></span> <span class='ocrx_word' id='word_1_257' title='bbox 787 3631 863 3690; x_wconf 87' lang='lat' dir='ltr'><strong>quae</strong></span> <span class='ocrx_word' id='word_1_258' title='bbox 888 3631 948 3673; x_wconf 91' lang='lat' dir='ltr'><strong>non</strong></span> <span class='ocrx_word' id='word_1_259' title='bbox 972 3613 1083 3674; x_wconf 83' lang='lat' dir='ltr'><strong>didicit</strong></span> <span class='ocrx_word' id='word_1_260' title='bbox 1127 3612 1203 3673; x_wconf 86' lang='lat' dir='ltr'><strong>Ecce</strong></span> <span class='ocrx_word' id='word_1_261' title='bbox 1225 3624 1259 3672; x_wconf 90' lang='lat' dir='ltr'><strong>ut</strong></span> <span class='ocrx_word' id='word_1_262' title='bbox 1281 3614 1418 3692; x_wconf 86' lang='lat' dir='ltr'><strong>trepidat,</strong></span> <span class='ocrx_word' id='word_1_263' title='bbox 1442 3613 1511 3674; x_wconf 91' lang='lat' dir='ltr'><strong>dum</strong></span> 
     </span>
     <span class='ocr_line' id='line_1_38' title="bbox 150 3697 1509 3778; baseline -0.002 -15"><span class='ocrx_word' id='word_1_264' title='bbox 150 3706 249 3777; x_wconf 68' lang='lat' dir='ltr'><strong>aucit,</strong></span> <span class='ocrx_word' id='word_1_265' title='bbox 272 3702 353 3764; x_wconf 90' lang='lat' dir='ltr'><strong>unde</strong></span> <span class='ocrx_word' id='word_1_266' title='bbox 376 3701 562 3769; x_wconf 88' lang='lat' dir='ltr'><strong>astronomis,</strong></span> <span class='ocrx_word' id='word_1_267' title='bbox 584 3697 661 3758; x_wconf 90' lang='lat' dir='ltr'><strong>unde</strong></span> <span class='ocrx_word' id='word_1_268' title='bbox 684 3702 783 3760; x_wconf 90' lang='lat' dir='ltr'><strong>nautis</strong></span> <span class='ocrx_word' id='word_1_269' title='bbox 806 3703 938 3778; x_wconf 83' lang='lat' dir='ltr'><strong>cognitio</strong></span> <span class='ocrx_word' id='word_1_270' title='bbox 961 3700 1170 3763; x_wconf 80' lang='lat' dir='ltr'><strong>semidiametri</strong></span> <span class='ocrx_word' id='word_1_271' title='bbox 1186 3700 1368 3763; x_wconf 83' lang='lat' dir='ltr'><strong>circcilorunr</strong></span> <span class='ocrx_word' id='word_1_272' title='bbox 1384 3704 1509 3762; x_wconf 90' lang='lat' dir='ltr'><strong>eircum-</strong></span> 
     </span>
     <span class='ocr_line' id='line_1_39' title="bbox 149 3784 1509 3870; baseline -0.002 -19"><span class='ocrx_word' id='word_1_273' title='bbox 149 3792 303 3870; x_wconf 83' lang='lat' dir='ltr'><strong>poIarium.</strong></span> <span class='ocrx_word' id='word_1_274' title='bbox 340 3788 419 3867; x_wconf 86' lang='lat' dir='ltr'><strong>Quid</strong></span> <span class='ocrx_word' id='word_1_275' title='bbox 443 3786 564 3847; x_wconf 76' lang='lat' dir='ltr'><strong>multis?</strong></span> <span class='ocrx_word' id='word_1_276' title='bbox 599 3784 766 3847; x_wconf 87' lang='lat' dir='ltr'><strong>Observant</strong></span> <span class='ocrx_word' id='word_1_277' title='bbox 792 3792 955 3850; x_wconf 84' lang='lat' dir='ltr'><strong>astronomi</strong></span> <span class='ocrx_word' id='word_1_278' title='bbox 984 3807 1127 3849; x_wconf 88' lang='lat' dir='ltr'><strong>summam</strong></span> <span class='ocrx_word' id='word_1_279' title='bbox 1151 3797 1180 3847; x_wconf 92' lang='lat' dir='ltr'><strong>et</strong></span> <span class='ocrx_word' id='word_1_280' title='bbox 1210 3790 1298 3849; x_wconf 88' lang='lat' dir='ltr'><strong>imam</strong></span> <span class='ocrx_word' id='word_1_281' title='bbox 1322 3789 1509 3851; x_wconf 85' lang='lat' dir='ltr'><strong>altitudinem</strong></span> 
     </span>
     <span class='ocr_line' id='line_1_40' title="bbox 148 3874 1511 3953; baseline -0.003 -13"><span class='ocrx_word' id='word_1_282' title='bbox 148 3880 250 3942; x_wconf 79' lang='lat' dir='ltr'><strong>aeliae</strong></span> <span class='ocrx_word' id='word_1_283' title='bbox 272 3881 304 3939; x_wconf 91' lang='lat' dir='ltr'><strong>in</strong></span> <span class='ocrx_word' id='word_1_284' title='bbox 326 3877 427 3938; x_wconf 91' lang='lat' dir='ltr'><strong>circuli</strong></span> <span class='ocrx_word' id='word_1_285' title='bbox 449 3874 604 3937; x_wconf 85' lang='lat' dir='ltr'><strong>meridiani</strong></span> <span class='ocrx_word' id='word_1_286' title='bbox 626 3880 710 3951; x_wconf 88' lang='lat' dir='ltr'><strong>parta</strong></span> <span class='ocrx_word' id='word_1_287' title='bbox 732 3876 968 3953; x_wconf 86' lang='lat' dir='ltr'><strong>septentrionali,</strong></span> <span class='ocrx_word' id='word_1_288' title='bbox 998 3877 1120 3938; x_wconf 89' lang='lat' dir='ltr'><strong>aiteram</strong></span> <span class='ocrx_word' id='word_1_289' title='bbox 1144 3876 1280 3937; x_wconf 91' lang='lat' dir='ltr'><strong>noctibus</strong></span> <span class='ocrx_word' id='word_1_290' title='bbox 1303 3879 1440 3952; x_wconf 86' lang='lat' dir='ltr'><strong>aestivis,</strong></span> <span class='ocrx_word' id='word_1_291' title='bbox 1464 3876 1511 3937; x_wconf 89' lang='lat' dir='ltr'><strong>ai-</strong></span> 
     </span>
    </p>
   </div>
   <div class='ocr_carea' id='block_1_6' title="bbox 146 4036 1510 4881">
    <p class='ocr_par' dir='ltr' id='par_1_10' title="bbox 146 4036 1510 4881">
     <span class='ocr_line' id='line_1_41' title="bbox 256 4036 1510 4110; baseline -0.002 -17"><span class='ocrx_word' id='word_1_292' title='bbox 256 4040 286 4110; x_wconf 82' lang='lat'><strong>⁸)</strong></span> <span class='ocrx_word' id='word_1_293' title='bbox 304 4041 420 4103; x_wconf 75' lang='lat' dir='ltr'><strong>Scaliger</strong></span> <span class='ocrx_word' id='word_1_294' title='bbox 438 4042 475 4089; x_wconf 88' lang='lat' dir='ltr'><strong>sic</strong></span> <span class='ocrx_word' id='word_1_295' title='bbox 494 4036 614 4090; x_wconf 88' lang='lat' dir='ltr'><strong>describit</strong></span> <span class='ocrx_word' id='word_1_296' title='bbox 631 4040 698 4088; x_wconf 84' lang='lat' dir='ltr'><strong>benc</strong></span> <span class='ocrx_word' id='word_1_297' title='bbox 715 4042 832 4102; x_wconf 84' lang='lat' dir='ltr'><strong>liguramr</strong></span> <span class='ocrx_word' id='word_1_298' title='bbox 852 4044 881 4090; x_wconf 92' lang='lat' dir='ltr'><strong>in</strong></span> <span class='ocrx_word' id='word_1_299' title='bbox 901 4043 995 4091; x_wconf 89' lang='lat' dir='ltr'><strong>circuio</strong></span> <span class='ocrx_word' id='word_1_300' title='bbox 1013 4041 1107 4101; x_wconf 78' lang='lat' dir='ltr'>XTSR,</span> <span class='ocrx_word' id='word_1_301' title='bbox 1128 4042 1172 4103; x_wconf 88' lang='lat' dir='ltr'><strong>qui</strong></span> <span class='ocrx_word' id='word_1_302' title='bbox 1191 4044 1229 4087; x_wconf 86' lang='lat' dir='ltr'><strong>ost</strong></span> <span class='ocrx_word' id='word_1_303' title='bbox 1246 4040 1300 4088; x_wconf 89' lang='lat' dir='ltr'><strong>vice</strong></span> <span class='ocrx_word' id='word_1_304' title='bbox 1319 4042 1400 4090; x_wconf 91' lang='lat' dir='ltr'><strong>coinri</strong></span> <span class='ocrx_word' id='word_1_305' title='bbox 1419 4043 1510 4105; x_wconf 87' lang='lat' dir='ltr'><strong>tropici</strong></span> 
     </span>
     <span class='ocr_line' id='line_1_42' title="bbox 152 4109 1510 4177; baseline -0.004 -11"><span class='ocrx_word' id='word_1_306' title='bbox 152 4117 281 4177; x_wconf 82' lang='lat' dir='ltr'><strong>hodierni,</strong></span> <span class='ocrx_word' id='word_1_307' title='bbox 299 4120 354 4163; x_wconf 84' lang='lat' dir='ltr'><strong>esto</strong></span> <span class='ocrx_word' id='word_1_308' title='bbox 373 4111 419 4161; x_wconf 82' lang='lat' dir='ltr'><strong>BT</strong></span> <span class='ocrx_word' id='word_1_309' title='bbox 437 4116 561 4176; x_wconf 84' lang='lat' dir='ltr'><strong>aequatur</strong></span> <span class='ocrx_word' id='word_1_310' title='bbox 576 4109 651 4160; x_wconf 91' lang='lat' dir='ltr'><strong>simul</strong></span> <span class='ocrx_word' id='word_1_311' title='bbox 669 4116 695 4159; x_wconf 90' lang='lat' dir='ltr'><strong>et</strong></span> <span class='ocrx_word' id='word_1_312' title='bbox 712 4111 815 4161; x_wconf 85' lang='lat' dir='ltr'><strong>horizon</strong></span> <span class='ocrx_word' id='word_1_313' title='bbox 834 4115 881 4162; x_wconf 90' lang='lat' dir='ltr'><strong>snb</strong></span> <span class='ocrx_word' id='word_1_314' title='bbox 900 4113 961 4175; x_wconf 92' lang='lat' dir='ltr'><strong>polo</strong></span> <span class='ocrx_word' id='word_1_315' title='bbox 979 4112 1067 4159; x_wconf 90' lang='lat' dir='ltr'><strong>mnndi</strong></span> <span class='ocrx_word' id='word_1_316' title='bbox 1085 4114 1115 4164; x_wconf 84' lang='lat' dir='ltr'><strong>F..</strong></span> <span class='ocrx_word' id='word_1_317' title='bbox 1151 4112 1245 4160; x_wconf 87' lang='lat' dir='ltr'><strong>Rursus</strong></span> <span class='ocrx_word' id='word_1_318' title='bbox 1264 4110 1353 4161; x_wconf 78' lang='lat' dir='ltr'><strong>aeci)</strong></span> <span class='ocrx_word' id='word_1_319' title='bbox 1373 4116 1426 4161; x_wconf 90' lang='lat' dir='ltr'><strong>esto</strong></span> <span class='ocrx_word' id='word_1_320' title='bbox 1446 4128 1510 4175; x_wconf 82' lang='lat' dir='ltr'><strong>qna-</strong></span> 
     </span>
     <span class='ocr_line' id='line_1_43' title="bbox 153 4179 1510 4247; baseline -0.004 -9"><span class='ocrx_word' id='word_1_321' title='bbox 153 4188 305 4237; x_wconf 79' lang='lat' dir='ltr'><strong>driiaterum</strong></span> <span class='ocrx_word' id='word_1_322' title='bbox 323 4183 475 4245; x_wconf 72' lang='lat' dir='ltr'><strong>Cynosurae,</strong></span> <span class='ocrx_word' id='word_1_323' title='bbox 494 4183 524 4241; x_wconf 85' lang='lat' dir='ltr'><strong>E,</strong></span> <span class='ocrx_word' id='word_1_324' title='bbox 542 4179 572 4243; x_wconf 79' lang='lat' dir='ltr'><strong>F,</strong></span> <span class='ocrx_word' id='word_1_325' title='bbox 592 4181 613 4230; x_wconf 85' lang='lat' dir='ltr'>G</span> <span class='ocrx_word' id='word_1_326' title='bbox 632 4182 659 4229; x_wconf 91' lang='lat' dir='ltr'><strong>in</strong></span> <span class='ocrx_word' id='word_1_327' title='bbox 677 4195 762 4230; x_wconf 87' lang='lat' dir='ltr'><strong>areum</strong></span> <span class='ocrx_word' id='word_1_328' title='bbox 787 4183 928 4247; x_wconf 79' lang='lat' dir='ltr'><strong>dispositas</strong></span> <span class='ocrx_word' id='word_1_329' title='bbox 952 4189 1026 4231; x_wconf 90' lang='lat' dir='ltr'><strong>sunto</strong></span> <span class='ocrx_word' id='word_1_330' title='bbox 1053 4182 1134 4230; x_wconf 86' lang='lat' dir='ltr'><strong>cauda</strong></span> <span class='ocrx_word' id='word_1_331' title='bbox 1152 4179 1295 4239; x_wconf 72' lang='lat' dir='ltr'><strong>Cynosurae</strong></span> <span class='ocrx_word' id='word_1_332' title='bbox 1318 4187 1344 4231; x_wconf 88' lang='lat' dir='ltr'><strong>et</strong></span> <span class='ocrx_word' id='word_1_333' title='bbox 1366 4183 1469 4247; x_wconf 91' lang='lat' dir='ltr'><strong>quidem</strong></span> <span class='ocrx_word' id='word_1_334' title='bbox 1488 4184 1510 4233; x_wconf 88' lang='lat' dir='ltr'><strong>G</strong></span> 
     </span>
     <span class='ocr_line' id='line_1_44' title="bbox 153 4250 1510 4318; baseline -0.004 -10"><span class='ocrx_word' id='word_1_335' title='bbox 153 4260 241 4307; x_wconf 84' lang='lat' dir='ltr'><strong>ultima</strong></span> <span class='ocrx_word' id='word_1_336' title='bbox 258 4255 365 4318; x_wconf 68' lang='lat' dir='ltr'><strong>undae,</strong></span> <span class='ocrx_word' id='word_1_337' title='bbox 384 4267 461 4318; x_wconf 86' lang='lat' dir='ltr'><strong>qnam</strong></span> <span class='ocrx_word' id='word_1_338' title='bbox 479 4250 592 4317; x_wconf 88' lang='lat' dir='ltr'><strong>polarem</strong></span> <span class='ocrx_word' id='word_1_339' title='bbox 612 4256 709 4317; x_wconf 82' lang='lat' dir='ltr'><strong>vocant,</strong></span> <span class='ocrx_word' id='word_1_340' title='bbox 730 4253 827 4302; x_wconf 84' lang='lat' dir='ltr'><strong>distans</strong></span> <span class='ocrx_word' id='word_1_341' title='bbox 846 4269 861 4300; x_wconf 91' lang='lat' dir='ltr'><strong>s</strong></span> <span class='ocrx_word' id='word_1_342' title='bbox 878 4251 938 4317; x_wconf 92' lang='lat' dir='ltr'><strong>polo</strong></span> <span class='ocrx_word' id='word_1_343' title='bbox 957 4272 970 4304; x_wconf 85' lang='lat' dir='ltr'><strong>a</strong></span> <span class='ocrx_word' id='word_1_344' title='bbox 989 4251 1123 4301; x_wconf 81' lang='lat' dir='ltr'><strong>intervallo</strong></span> <span class='ocrx_word' id='word_1_345' title='bbox 1143 4270 1182 4313; x_wconf 80' lang='lat' dir='ltr'><strong>eor,</strong></span> <span class='ocrx_word' id='word_1_346' title='bbox 1202 4250 1232 4301; x_wconf 86' lang='lat'><strong>3⁰</strong></span> <span class='ocrx_word' id='word_1_347' title='bbox 1249 4251 1294 4300; x_wconf 77' lang='lat'><strong>24¹</strong></span> <span class='ocrx_word' id='word_1_348' title='bbox 1307 4267 1338 4314; x_wconf 80' lang='lat' dir='ltr'><strong>c,</strong></span> <span class='ocrx_word' id='word_1_349' title='bbox 1357 4258 1510 4318; x_wconf 84' lang='lat' dir='ltr'><strong>quantorum</strong></span> 
     </span>
     <span class='ocr_line' id='line_1_45' title="bbox 150 4322 1508 4387; baseline -0.004 -9"><span class='ocrx_word' id='word_1_350' title='bbox 150 4332 179 4379; x_wconf 79' lang='lat' dir='ltr'><strong>ih</strong></span> <span class='ocrx_word' id='word_1_351' title='bbox 199 4334 333 4377; x_wconf 75' lang='lat' dir='ltr'><strong>astarent</strong></span> <span class='ocrx_word' id='word_1_352' title='bbox 352 4324 396 4373; x_wconf 86' lang='lat' dir='ltr'><strong>So</strong></span> <span class='ocrx_word' id='word_1_353' title='bbox 415 4328 459 4371; x_wconf 83' lang='lat' dir='ltr'><strong>ent</strong></span> <span class='ocrx_word' id='word_1_354' title='bbox 476 4330 626 4386; x_wconf 88' lang='lat' dir='ltr'><strong>quantorum</strong></span> <span class='ocrx_word' id='word_1_355' title='bbox 645 4324 678 4371; x_wconf 81' lang='lat'><strong>90</strong></span> <span class='ocrx_word' id='word_1_356' title='bbox 697 4324 823 4387; x_wconf 88' lang='lat' dir='ltr'><strong>quadrans</strong></span> <span class='ocrx_word' id='word_1_357' title='bbox 841 4322 895 4373; x_wconf 82' lang='lat' dir='ltr'><strong>Ro</strong></span> <span class='ocrx_word' id='word_1_358' title='bbox 906 4322 933 4374; x_wconf 89' lang='lat' dir='ltr'><strong>S.</strong></span> <span class='ocrx_word' id='word_1_359' title='bbox 971 4324 1000 4371; x_wconf 91' lang='lat' dir='ltr'><strong>in</strong></span> <span class='ocrx_word' id='word_1_360' title='bbox 1019 4324 1180 4371; x_wconf 82' lang='lat' dir='ltr'><strong>conversione</strong></span> <span class='ocrx_word' id='word_1_361' title='bbox 1199 4322 1285 4370; x_wconf 91' lang='lat' dir='ltr'><strong>mundi</strong></span> <span class='ocrx_word' id='word_1_362' title='bbox 1311 4324 1400 4372; x_wconf 84' lang='lat' dir='ltr'><strong>stellae</strong></span> <span class='ocrx_word' id='word_1_363' title='bbox 1418 4323 1508 4372; x_wconf 86' lang='lat' dir='ltr'><strong>Fetii</strong></span> 
     </span>
     <span class='ocr_line' id='line_1_46' title="bbox 148 4391 1508 4457; baseline -0.004 -10"><span class='ocrx_word' id='word_1_364' title='bbox 148 4399 301 4449; x_wconf 85' lang='lat' dir='ltr'><strong>describunt</strong></span> <span class='ocrx_word' id='word_1_365' title='bbox 318 4394 428 4445; x_wconf 83' lang='lat' dir='ltr'><strong>circulos</strong></span> <span class='ocrx_word' id='word_1_366' title='bbox 446 4394 512 4441; x_wconf 86' lang='lat' dir='ltr'><strong>circe</strong></span> <span class='ocrx_word' id='word_1_367' title='bbox 529 4391 617 4456; x_wconf 90' lang='lat' dir='ltr'><strong>poium</strong></span> <span class='ocrx_word' id='word_1_368' title='bbox 635 4411 655 4444; x_wconf 88' lang='lat' dir='ltr'><strong>a.</strong></span> <span class='ocrx_word' id='word_1_369' title='bbox 692 4394 726 4440; x_wconf 77' lang='lat' dir='ltr'><strong>Ar</strong></span> <span class='ocrx_word' id='word_1_370' title='bbox 745 4394 849 4453; x_wconf 89' lang='lat' dir='ltr'><strong>vulgus,</strong></span> <span class='ocrx_word' id='word_1_371' title='bbox 869 4398 969 4442; x_wconf 86' lang='lat' dir='ltr'><strong>secutus</strong></span> <span class='ocrx_word' id='word_1_372' title='bbox 988 4391 1117 4441; x_wconf 88' lang='lat' dir='ltr'><strong>oculorum</strong></span> <span class='ocrx_word' id='word_1_373' title='bbox 1134 4392 1272 4455; x_wconf 77' lang='lat' dir='ltr'><strong>judicium,</strong></span> <span class='ocrx_word' id='word_1_374' title='bbox 1291 4399 1364 4457; x_wconf 88' lang='lat' dir='ltr'><strong>putat</strong></span> <span class='ocrx_word' id='word_1_375' title='bbox 1381 4394 1440 4442; x_wconf 91' lang='lat' dir='ltr'><strong>ilios</strong></span> <span class='ocrx_word' id='word_1_376' title='bbox 1459 4396 1508 4442; x_wconf 91' lang='lat' dir='ltr'><strong>cir·</strong></span> 
     </span>
     <span class='ocr_line' id='line_1_47' title="bbox 147 4461 1506 4529; baseline -0.005 -11"><span class='ocrx_word' id='word_1_377' title='bbox 147 4470 217 4518; x_wconf 86' lang='lat' dir='ltr'><strong>enies</strong></span> <span class='ocrx_word' id='word_1_378' title='bbox 240 4467 354 4517; x_wconf 81' lang='lat' dir='ltr'><strong>describi</strong></span> <span class='ocrx_word' id='word_1_379' title='bbox 371 4465 439 4513; x_wconf 89' lang='lat' dir='ltr'><strong>circa</strong></span> <span class='ocrx_word' id='word_1_380' title='bbox 456 4462 555 4512; x_wconf 84' lang='lat' dir='ltr'><strong>stellam</strong></span> <span class='ocrx_word' id='word_1_381' title='bbox 574 4464 604 4526; x_wconf 86' lang='lat' dir='ltr'><strong>G,</strong></span> <span class='ocrx_word' id='word_1_382' title='bbox 622 4469 742 4527; x_wconf 81' lang='lat' dir='ltr'><strong>tanquam</strong></span> <span class='ocrx_word' id='word_1_383' title='bbox 761 4466 826 4513; x_wconf 87' lang='lat' dir='ltr'><strong>cirea</strong></span> <span class='ocrx_word' id='word_1_384' title='bbox 844 4461 932 4527; x_wconf 92' lang='lat' dir='ltr'><strong>polum</strong></span> <span class='ocrx_word' id='word_1_385' title='bbox 951 4465 1048 4513; x_wconf 91' lang='lat' dir='ltr'><strong>mundi.</strong></span> <span class='ocrx_word' id='word_1_386' title='bbox 1073 4463 1122 4513; x_wconf 81' lang='lat' dir='ltr'><strong>Sed</strong></span> <span class='ocrx_word' id='word_1_387' title='bbox 1142 4466 1312 4527; x_wconf 83' lang='lat' dir='ltr'><strong>experimenta</strong></span> <span class='ocrx_word' id='word_1_388' title='bbox 1329 4465 1433 4513; x_wconf 86' lang='lat' dir='ltr'><strong>nautica</strong></span> <span class='ocrx_word' id='word_1_389' title='bbox 1444 4478 1506 4529; x_wconf 92' lang='lat' dir='ltr'><strong>quo-</strong></span> 
     </span>
     <span class='ocr_line' id='line_1_48' title="bbox 146 4531 1508 4600; baseline -0.005 -11"><span class='ocrx_word' id='word_1_390' title='bbox 146 4540 209 4589; x_wconf 82' lang='lat' dir='ltr'><strong>tidie</strong></span> <span class='ocrx_word' id='word_1_391' title='bbox 228 4539 347 4589; x_wconf 84' lang='lat' dir='ltr'><strong>sentiunt</strong></span> <span class='ocrx_word' id='word_1_392' title='bbox 364 4548 421 4583; x_wconf 86' lang='lat' dir='ltr'><strong>eam</strong></span> <span class='ocrx_word' id='word_1_393' title='bbox 438 4531 539 4582; x_wconf 89' lang='lat' dir='ltr'><strong>stellam</strong></span> <span class='ocrx_word' id='word_1_394' title='bbox 557 4533 685 4583; x_wconf 86' lang='lat' dir='ltr'><strong>circellum</strong></span> <span class='ocrx_word' id='word_1_395' title='bbox 704 4535 795 4600; x_wconf 68' lang='lat' dir='ltr'><strong>appo</strong></span> <span class='ocrx_word' id='word_1_396' title='bbox 814 4535 954 4583; x_wconf 84' lang='lat' dir='ltr'><strong>describere</strong></span> <span class='ocrx_word' id='word_1_397' title='bbox 972 4534 1117 4597; x_wconf 86' lang='lat' dir='ltr'><strong>adreptum</strong></span> <span class='ocrx_word' id='word_1_398' title='bbox 1130 4535 1206 4597; x_wconf 93' lang='lat' dir='ltr'><strong>primi</strong></span> <span class='ocrx_word' id='word_1_399' title='bbox 1219 4532 1329 4583; x_wconf 77' lang='lat' dir='ltr'><strong>mobilis,</strong></span> <span class='ocrx_word' id='word_1_400' title='bbox 1361 4535 1439 4593; x_wconf 87' lang='lat' dir='ltr'><strong>igitur</strong></span> <span class='ocrx_word' id='word_1_401' title='bbox 1451 4548 1508 4582; x_wconf 87' lang='lat' dir='ltr'><strong>cum</strong></span> 
     </span>
     <span class='ocr_line' id='line_1_49' title="bbox 148 4602 1507 4670; baseline -0.006 -11"><span class='ocrx_word' id='word_1_402' title='bbox 148 4608 261 4659; x_wconf 76' lang='lat' dir='ltr'><strong>stellati</strong></span> <span class='ocrx_word' id='word_1_403' title='bbox 280 4612 318 4657; x_wconf 84' lang='lat' dir='ltr'><strong>est</strong></span> <span class='ocrx_word' id='word_1_404' title='bbox 337 4606 366 4655; x_wconf 88' lang='lat' dir='ltr'><strong>iu</strong></span> <span class='ocrx_word' id='word_1_405' title='bbox 384 4619 443 4653; x_wconf 84' lang='lat' dir='ltr'><strong>arcu</strong></span> <span class='ocrx_word' id='word_1_406' title='bbox 462 4605 587 4668; x_wconf 88' lang='lat' dir='ltr'><strong>superiori</strong></span> <span class='ocrx_word' id='word_1_407' title='bbox 605 4610 677 4670; x_wconf 73' lang='grc' dir='ltr'><strong><em>γβα,</em></strong></span> <span class='ocrx_word' id='word_1_408' title='bbox 705 4604 841 4653; x_wconf 80' lang='lat' dir='ltr'><strong>detrahunt</strong></span> <span class='ocrx_word' id='word_1_409' title='bbox 859 4604 889 4652; x_wconf 92' lang='lat' dir='ltr'><strong>ds</strong></span> <span class='ocrx_word' id='word_1_410' title='bbox 908 4602 1055 4668; x_wconf 84' lang='lat' dir='ltr'><strong>altitudine,</strong></span> <span class='ocrx_word' id='word_1_411' title='bbox 1082 4608 1110 4652; x_wconf 88' lang='lat' dir='ltr'><strong>nt</strong></span> <span class='ocrx_word' id='word_1_412' title='bbox 1132 4604 1241 4652; x_wconf 87' lang='lat' dir='ltr'><strong>habeant</strong></span> <span class='ocrx_word' id='word_1_413' title='bbox 1263 4604 1425 4653; x_wconf 88' lang='lat' dir='ltr'><strong>altitudinem</strong></span> <span class='ocrx_word' id='word_1_414' title='bbox 1444 4602 1507 4667; x_wconf 79' lang='lat' dir='ltr'><strong>poli,</strong></span> 
     </span>
     <span class='ocr_line' id='line_1_50' title="bbox 148 4672 1507 4740; baseline -0.007 -10"><span class='ocrx_word' id='word_1_415' title='bbox 148 4678 204 4729; x_wconf 84' lang='lat' dir='ltr'><strong>ideo</strong></span> <span class='ocrx_word' id='word_1_416' title='bbox 223 4694 270 4729; x_wconf 87' lang='lat' dir='ltr'><strong>nos</strong></span> <span class='ocrx_word' id='word_1_417' title='bbox 289 4689 413 4725; x_wconf 84' lang='lat' dir='ltr'><strong>vocamus</strong></span> <span class='ocrx_word' id='word_1_418' title='bbox 432 4672 614 4723; x_wconf 87' lang='lat' dir='ltr'><strong>semicirculum</strong></span> <span class='ocrx_word' id='word_1_419' title='bbox 632 4680 695 4740; x_wconf 75' lang='grc' dir='ltr'><strong>γβα</strong></span> <span class='ocrx_word' id='word_1_420' title='bbox 714 4672 836 4723; x_wconf 85' lang='lat' dir='ltr'><strong>elrcnlnm</strong></span> <span class='ocrx_word' id='word_1_421' title='bbox 856 4675 1013 4736; x_wconf 77' lang='lat' dir='ltr'><strong>anebontem,</strong></span> <span class='ocrx_word' id='word_1_422' title='bbox 1037 4674 1136 4736; x_wconf 85' lang='lat' dir='ltr'><strong>quando</strong></span> <span class='ocrx_word' id='word_1_423' title='bbox 1155 4676 1237 4722; x_wconf 86' lang='lat' dir='ltr'><strong>antem</strong></span> <span class='ocrx_word' id='word_1_424' title='bbox 1256 4680 1294 4723; x_wconf 90' lang='lat' dir='ltr'><strong>est</strong></span> <span class='ocrx_word' id='word_1_425' title='bbox 1312 4674 1334 4722; x_wconf 84' lang='lat' dir='ltr'><strong>(l</strong></span> <span class='ocrx_word' id='word_1_426' title='bbox 1351 4676 1377 4721; x_wconf 92' lang='lat' dir='ltr'><strong>in</strong></span> <span class='ocrx_word' id='word_1_427' title='bbox 1396 4675 1507 4721; x_wconf 87' lang='lat' dir='ltr'><strong>semicir-</strong></span> 
     </span>
     <span class='ocr_line' id='line_1_51' title="bbox 148 4740 1508 4811; baseline -0.006 -12"><span class='ocrx_word' id='word_1_428' title='bbox 148 4748 206 4799; x_wconf 81' lang='lat' dir='ltr'><strong>culo</strong></span> <span class='ocrx_word' id='word_1_429' title='bbox 224 4750 346 4801; x_wconf 79' lang='lat' dir='ltr'><strong>interiore</strong></span> <span class='ocrx_word' id='word_1_430' title='bbox 362 4747 430 4811; x_wconf 72' lang='lat' dir='ltr'><strong>adp</strong></span> <span class='ocrx_word' id='word_1_431' title='bbox 448 4745 525 4809; x_wconf 86' lang='lat' dir='ltr'><strong>(quod</strong></span> <span class='ocrx_word' id='word_1_432' title='bbox 545 4758 592 4793; x_wconf 93' lang='lat' dir='ltr'><strong>nos</strong></span> <span class='ocrx_word' id='word_1_433' title='bbox 609 4758 726 4794; x_wconf 71' lang='lat' dir='ltr'><strong>remmus</strong></span> <span class='ocrx_word' id='word_1_434' title='bbox 737 4742 889 4811; x_wconf 72' lang='grc' dir='ltr'><strong><em>ἧμικυκλιον</em></strong></span> <span class='ocrx_word' id='word_1_435' title='bbox 901 4745 1079 4811; x_wconf 63' lang='lat' dir='ltr'><strong>turcupulos,</strong></span> <span class='ocrx_word' id='word_1_436' title='bbox 1099 4740 1283 4809; x_wconf 85' lang='lat' dir='ltr'><strong>devehentem),</strong></span> <span class='ocrx_word' id='word_1_437' title='bbox 1303 4748 1363 4793; x_wconf 89' lang='lat' dir='ltr'><strong>tunc</strong></span> <span class='ocrx_word' id='word_1_438' title='bbox 1377 4742 1508 4792; x_wconf 85' lang='lat' dir='ltr'><strong>altitudini</strong></span> 
     </span>
     <span class='ocr_line' id='line_1_52' title="bbox 148 4813 1508 4881; baseline -0.004 -11"><span class='ocrx_word' id='word_1_439' title='bbox 148 4818 235 4869; x_wconf 79' lang='lat' dir='ltr'><strong>stellae</strong></span> <span class='ocrx_word' id='word_1_440' title='bbox 252 4820 394 4881; x_wconf 72' lang='lat' dir='ltr'><strong>adiiciunt,</strong></span> <span class='ocrx_word' id='word_1_441' title='bbox 421 4819 451 4864; x_wconf 92' lang='lat' dir='ltr'><strong>ut</strong></span> <span class='ocrx_word' id='word_1_442' title='bbox 468 4816 576 4864; x_wconf 83' lang='lat' dir='ltr'><strong>habeant</strong></span> <span class='ocrx_word' id='word_1_443' title='bbox 599 4815 764 4864; x_wconf 85' lang='lat' dir='ltr'><strong>elevationem</strong></span> <span class='ocrx_word' id='word_1_444' title='bbox 786 4817 841 4879; x_wconf 93' lang='lat' dir='ltr'><strong>poli</strong></span> <span class='ocrx_word' id='word_1_445' title='bbox 864 4829 941 4879; x_wconf 85' lang='lat' dir='ltr'><strong>supra</strong></span> <span class='ocrx_word' id='word_1_446' title='bbox 966 4816 1130 4868; x_wconf 88' lang='lat' dir='ltr'><strong>horizontem.</strong></span> <span class='ocrx_word' id='word_1_447' title='bbox 1165 4815 1206 4866; x_wconf 86' lang='lat' dir='ltr'><strong>Sit</strong></span> <span class='ocrx_word' id='word_1_448' title='bbox 1228 4813 1301 4865; x_wconf 84' lang='lat' dir='ltr'><strong>stolis</strong></span> <span class='ocrx_word' id='word_1_449' title='bbox 1319 4814 1342 4866; x_wconf 82' lang='lat' dir='ltr'>G</span> <span class='ocrx_word' id='word_1_450' title='bbox 1359 4814 1387 4863; x_wconf 92' lang='lat' dir='ltr'><strong>in</strong></span> <span class='ocrx_word' id='word_1_451' title='bbox 1403 4819 1429 4881; x_wconf 75' lang='grc' dir='ltr'><strong>β,</strong></span> <span class='ocrx_word' id='word_1_452' title='bbox 1447 4818 1508 4865; x_wconf 89' lang='lat' dir='ltr'><strong>tnnc</strong></span> 
     </span>
    </p>
   </div>
   <div class='ocr_carea' id='block_1_7' title="bbox 149 4885 1008 4955">
    <p class='ocr_par' dir='ltr' id='par_1_11' title="bbox 149 4885 1008 4955">
     <span class='ocr_line' id='line_1_53' title="bbox 149 4885 1008 4955; baseline -0.009 -12"><span class='ocrx_word' id='word_1_453' title='bbox 149 4892 232 4955; x_wconf 76' lang='lat' dir='ltr'><strong>maius</strong></span> <span class='ocrx_word' id='word_1_454' title='bbox 248 4886 416 4945; x_wconf 80' lang='lat' dir='ltr'><strong>intervallum</strong></span> <span class='ocrx_word' id='word_1_455' title='bbox 433 4890 472 4938; x_wconf 86' lang='lat' dir='ltr'><strong>est</strong></span> <span class='ocrx_word' id='word_1_456' title='bbox 488 4900 504 4935; x_wconf 83' lang='lat' dir='ltr'><strong>a</strong></span> <span class='ocrx_word' id='word_1_457' title='bbox 520 4891 538 4953; x_wconf 76' lang='grc' dir='ltr'><strong><em>ρ</em></strong></span> <span class='ocrx_word' id='word_1_458' title='bbox 555 4885 588 4937; x_wconf 84' lang='lat' dir='ltr'><strong>sd</strong></span> <span class='ocrx_word' id='word_1_459' title='bbox 605 4885 761 4938; x_wconf 79' lang='lat' dir='ltr'><strong>hodzontam</strong></span> <span class='ocrx_word' id='word_1_460' title='bbox 778 4886 821 4938; x_wconf 77' lang='lat' dir='ltr'><strong>itu</strong></span> <span class='ocrx_word' id='word_1_461' title='bbox 838 4898 918 4954; x_wconf 87' lang='lat' dir='ltr'><strong>quam</strong></span> <span class='ocrx_word' id='word_1_462' title='bbox 935 4887 1008 4955; x_wconf 60' lang='lat' dir='ltr'><strong>aba</strong></span> 
     </span>
    </p>
   </div>
   <div class='ocr_carea' id='block_1_8' title="bbox 0 0 1659 5534">
    <p class='ocr_par' dir='ltr' id='par_1_12' title="bbox 0 0 1659 5534">
     <span class='ocr_line' id='line_1_54' title="bbox 0 0 1659 5534; baseline 0 0"><span class='ocrx_word' id='word_1_463' title='bbox 0 0 1659 5534; x_wconf 95' lang='lat' dir='ltr'><strong> </strong></span> 
     </span>
    </p>
   </div>
  </div>
 </body>
</html>
