3308 5534
699 364 749 422 111.
770 365 966 425 astronomica.
1442 370 1508 443 293

145 546 184 608 ad
209 546 354 608 Atticum.
398 544 484 606 'Pane
505 546 621 608 incusat
644 546 845 607 diversitatem
868 547 1017 608 climatum
1041 554 1070 608 et
1093 546 1175 609 addit
1203 556 1355 610 auctorum
1379 550 1511 612 diversas

144 646 253 696 aectns.
293 633 484 709 Chaldaeum,
507 637 537 692 ui
553 635 647 710 taller,
672 654 737 695 eam
760 634 840 708 dicit,
864 653 951 711 quarn
967 636 1099 713 Scaliger
1120 636 1344 699 dodecaetertda
1366 638 1511 718 appellat3

146 722 300 801 Aegyptia
322 739 395 781 vero
417 720 624 801 speculabatur
646 732 739 782 ortum
755 723 851 790 Canis,
876 723 998 800 etquid
1022 727 1046 782 si
1069 742 1121 802 per
1144 731 1184 784 30
1209 725 1272 784 dies
1295 728 1419 800 mensis,
1443 729 1511 801 qui·

145 814 201 871 brrs
219 812 312 870 Carris
332 820 414 870 ortus
436 809 585 884 incideret,
609 810 729 869 totidem
753 814 855 869 statuit
871 812 1097 890 recuperemus?
1121 809 1235 879 Graeca
1258 830 1328 873 vero
1352 831 1403 892 per
1418 831 1510 874 annos

144 900 222 978 cycli
245 896 338 958 solita
361 905 406 958 cst
428 900 487 971 ire,
516 901 652 974 quamuis
676 896 817 957 Eudoxus
839 914 922 957 suam
946 898 1127 958 octatiterida
1148 900 1300 977 scripsisse
1323 901 1511 979 perhibeatur

145 994 173 1045 iu
197 986 352 1065 Aegypto.
389 984 474 1046 Haec
496 984 572 1045 velle
587 985 725 1059 Plinium,
749 986 984 1046 manifestissime
1009 1004 1043 1045 ex
1068 986 1262 1064 descriptione
1276 997 1398 1063 quartae
1412 997 1511 1048 sectae

145 1082 288 1154 apparet,
320 1072 405 1149 cujus
436 1080 538 1134 auctor
568 1072 684 1147 Caesar,
718 1089 831 1146 „annos
863 1072 900 1131 ad
929 1072 1007 1132 Solis
1036 1090 1151 1133 cursum
1180 1074 1315 1150 redigens
1345 1074 1508 1152 sirrgulos.“

146 1162 265 1223 Graeca
288 1163 368 1219 cuim
390 1160 458 1219 aliis
480 1162 564 1219 aunis
587 1160 661 1237 cycli
685 1160 744 1219 alia
767 1159 925 1235 siguificat,
957 1160 1067 1219 Caesar
1090 1162 1218 1219 omnium
1241 1179 1384 1221 asinorum
1407 1162 1511 1223 iisdem

146 1250 252 1310 diebus
275 1247 391 1307 eadem.
431 1248 492 1307 Etsi
516 1264 586 1307 uero
609 1247 723 1305 Plinius
743 1248 805 1323 jam
823 1246 968 1305 delabitur
991 1246 1028 1305 ad
1045 1251 1187 1308 rationein
1208 1248 1409 1321 intercalandi,
1433 1267 1511 1325 quae

148 1340 269 1417 propius
295 1338 402 1395 attinet
425 1334 639 1411 longitudinem
661 1337 745 1408 anui,
776 1344 873 1393 tumen
898 1334 954 1394 boc
976 1336 1071 1412 ipsum
1095 1336 1182 1394 retest
1204 1335 1241 1393 ad
1266 1343 1360 1394 ortum
1384 1336 1512 1396 siderum

149 1435 176 1485 et
196 1423 464 1501 significationem:
495 1431 645 1500 coeperat,
671 1424 781 1499 inquit,
805 1421 900 1481 sidera
925 1438 1018 1480 annus
1041 1425 1157 1484 morari.
1203 1422 1383 1496 Ridiculum,
1412 1424 1509 1483 triduo

151 1512 240 1589 rulgo
263 1508 502 1570 animadversam
525 1509 725 1569 diversitatem
742 1517 823 1568 ortus
846 1517 876 1569 et
898 1525 1019 1568 occasus
1043 1509 1179 1589 siderum,
1203 1526 1327 1586 quorum
1349 1514 1425 1570 ratio
1449 1518 1509 1571 tarn

152 1614 193 1660 cst
215 1600 307 1671 laxa3
340 1597 377 1659 de
407 1600 624 1675 comparatione
648 1599 710 1671 agit
732 1605 813 1656 ortus
835 1595 962 1655 siderum
986 1614 1052 1655 cum
1083 1599 1196 1656 rationo
1220 1599 1298 1656 euni.
1346 1598 1512 1678 „Coeperat

152 1706 244 1748 annus
268 1687 377 1746 morari
399 1686 514 1745 sidera⁴‘
547 1702 598 1763 per
620 1684 840 1745 similitudinem
863 1684 953 1757 dixit,
985 1686 1036 1759 qui
1059 1686 1140 1762 prius
1162 1701 1220 1744 non
1244 1686 1428 1761 morabatur,
1459 1685 1511 1747 sed

154 1774 359 1836 antecedebat.
403 1773 502 1833 Nimia
524 1771 746 1833 intercalatione
768 1770 879 1832 tardior
901 1772 1021 1832 effectus
1044 1790 1148 1831 arruns.

253 1862 363 1938 ltaque
384 1861 488 1920 saltem
510 1863 659 1934 incertum,
683 1859 841 1937 Sosigenes
864 1860 952 1918 ternis
974 1861 1035 1917 suis
1052 1861 1267 1919 commentariis
1283 1877 1406 1920 suurnns
1422 1877 1511 1938 para-

154 1968 274 2027 pegma,
300 1951 328 2005 in
353 1965 412 2024 quo
436 1957 516 2007 oriris
538 1947 681 2020 siderum,
713 1948 884 2017 correxerit,
914 1963 952 2004 au
975 1948 1044 2004 anni
1068 1946 1304 2022 longitudinem?
1342 1945 1417 2005 Mihi
1438 1946 1513 2006 illud

155 2038 275 2109 ridetur,
300 2053 359 2095 non
381 2036 449 2095 hoc.
495 2036 570 2095 Nam
593 2037 622 2092 in
647 2038 756 2094 incerto
779 2037 955 2093 constitutus
977 2033 1067 2092 tuisse
1091 2034 1216 2107 videtur,
1240 2033 1408 2110 quomedo,
1433 2052 1510 2109 quas

154 2130 212 2203 ipse
234 2127 394 2199 scripserat
415 2132 446 2181 et
468 2123 685 2193 observaverat,
710 2122 747 2181 ad
764 2121 906 2181 Eudoxea
920 2120 1163 2193 accommodaret,
1189 2129 1242 2180 aut
1264 2120 1414 2196 quomodo
1431 2129 1513 2180 ortus

154 2213 279 2273 ridcrum
304 2204 463 2271 collocaret
485 2213 514 2268 in
538 2218 620 2269 tanta
642 2210 813 2269 diversitate
834 2216 996 2281 auctorum,
1021 2226 1107 2283 quam
1132 2210 1221 2269 etiam
1244 2208 1359 2267 Plinius
1381 2209 1512 2283 attingit.

255 2298 303 2358 tid
327 2308 439 2357 sectam
457 2298 591 2357 Caesaris
614 2300 752 2373 pertinet:
776 2303 966 2375 tempestates
990 2295 1108 2355 ardores
1132 2314 1201 2356 suos
1224 2295 1333 2355 habere
1357 2292 1510 2371 quadrinis

155 2391 235 2448 anuis
259 2395 289 2445 et
312 2384 430 2445 casdem
454 2403 511 2444 uon
536 2402 642 2461 magua
667 2384 829 2444 differentia
852 2386 961 2444 reverti
983 2386 1095 2442 ratione
1118 2384 1206 2443 Solis.
1252 2382 1330 2442 lllud
1353 2382 1391 2442 ad
1415 2381 1511 2443 Grae·

157 2494 233 2535 cam:
258 2476 376 2535 octenis
399 2488 470 2532 uero
493 2476 595 2549 augeri
618 2472 736 2532 easdem
760 2474 920 2532 centesima
943 2469 1113 2530 revolvente
1136 2489 1167 2530 se
1185 2470 1278 2530 Luna.
1317 2470 1362 2529 Ibi
1377 2470 1434 2530 hoc
1449 2480 1509 2529 cst:

157 2580 254 2623 omncs
277 2579 331 2621 cae
355 2559 534 2620 differentiae
565 2559 638 2618 fiunt
660 2562 689 2617 in
714 2563 828 2619 octaris
850 2558 983 2635 partibus
1005 2560 1163 2634 signorum.
1208 2560 1319 2618 Bruma
1342 2556 1512 2636 Capricorni

159 2652 193 2711 ab
215 2656 246 2711 8.
271 2648 336 2708 Cal.
360 2646 432 2707 Jan.
482 2647 591 2708 Postea
621 2650 785 2725 promiscue
819 2646 855 2707 dc
885 2654 951 2704 ortu
981 2663 1146 2723 occasuque
1174 2645 1302 2708 siderum
1330 2652 1360 2705 et
1390 2646 1510 2723 tropicis

160 2738 346 2815 temporibus,
371 2745 484 2795 tantum
508 2735 546 2794 ob
570 2743 759 2812 tempestates
782 2734 817 2793 de
841 2741 963 2809 utroque
966 2776 1074 2793 .....

258 2824 301 2883 Ex
326 2822 413 2881 Plinii
439 2825 564 2903 ,secris“
590 2823 650 2883 alia
672 2822 754 2895 alias,
778 2824 807 2880 in
831 2837 970 2898 praesens
993 2820 1074 2895 illud,
1098 2818 1177 2895 qarod
1200 2837 1236 2880 ex
1259 2821 1406 2880 sententia
1421 2817 1511 2877 Plinii

162 2912 342 2989 aequinoctia
371 2919 402 2969 et
423 2909 551 2971 solstitie
572 2912 601 2968 in
626 2912 738 2971 octaris
760 2911 893 2986 partibus
923 2911 1074 2985 signorum
1096 2915 1280 2982 statuuntur,
1312 2906 1375 2967 dies
1396 2905 1511 2983 longis·

163 3003 229 3059 sima
251 3008 306 3059 ete
352 2997 409 3057 His
433 3004 645 3074 cousequenter
668 2999 758 3057 statui
782 2999 943 3073 ingressum
966 2996 1044 3056 Solis
1067 2998 1097 3053 in
1120 2997 1206 3071 sigua
1228 3003 1283 3054 etc.
1329 2993 1417 3070 Ipsae
1439 3008 1512 3053 uero
1587 3006 1592 3017 ·

102 3130 104 3137 .
164 3085 301 3146 calendae
317 3084 420 3163 procul
435 3086 524 3145 dubio
540 3085 778 3145 accommodatae
794 3084 947 3143 novilunio
963 3081 1147 3161 Olympiadis
1162 3083 1264 3159 primo.
1303 3081 1408 3157 ltaque
1423 3079 1511 3140 valde

166 3176 266 3245 dubito,
291 3190 432 3232 verumne
455 3176 509 3245 sit,
538 3172 616 3248 quod
640 3176 682 3232 ait
704 3173 848 3248 Scaliger,
878 3173 948 3230 rivo
972 3171 1098 3231 Caesare
1120 3171 1247 3246 positam
1274 3185 1339 3229 csso
1363 3164 1454 3249 8⁰ss
1480 3170 1510 3226 in

165 3262 219 3321 Cal.
242 3279 281 3322 sc
306 3261 417 3337 Aprilis
440 3261 621 3335 aSosigene,
645 3268 759 3320 mortuo
783 3263 812 3317 in
839 3264 887 3320 15.
912 3258 974 3317 Cal.

258 3348 416 3408 Corrcludit
438 3347 488 3407 iel.
515 3353 581 3407 53.:
614 3348 719 3428 „Hace
741 3366 805 3407 esse
828 3348 1010 3421 nugatoria.“
1058 3344 1167 3403 Verum
1191 3343 1256 3404 boc.
1300 3343 1377 3403 Nam
1400 3342 1508 3403 Hercle

113 3434 118 3485 -'
167 3448 224 3497 rute
239 3435 440 3516 liipparebum
455 3452 541 3496 uerno
558 3444 610 3511 est,
635 3439 685 3512 qui
702 3435 940 3495 animadverterit
955 3455 1108 3512 rpopypnr
1122 3452 1273 3511 eposium.
1306 3437 1357 3499 (llil
1375 3440 1508 3503 seqnitur.)

102 3518 115 3643 i
