3308 5534
146 395 212 465 630
454 396 636 455 summarium
653 395 793 453 Historiae
810 395 1002 453 Asuommiee
1019 394 1117 453 aeonio
1135 396 1209 454 XVI.

887 576 913 637 0
927 579 966 636 sit
981 576 1072 636 Terra
1086 579 1116 636 in
1132 577 1275 637 distantia
1288 596 1308 638 a
1322 578 1431 657 onpnla
1447 574 1508 653 ιδ’,

886 665 899 723 l
917 667 955 723 sit
970 664 1060 724 'Petra
1075 667 1105 723 in
1122 664 1264 725 distantia
1277 666 1416 744 scopula
1428 664 1508 731 13³⁰.

884 752 930 813 Sit
947 753 1011 828 Jam
1026 753 1050 810 E
1066 752 1157 813 Terra
1172 762 1352 826 constanter,
1374 752 1508 816 turmae

884 847 902 901 0
927 847 972 900 εει
994 840 1021 898 Α
1044 842 1073 896 in
1097 841 1138 914 li,
1168 840 1310 901 distantia
1340 839 1399 902 ⁴5⁰
1419 840 1506 903 ott)

883 930 912 986 in
936 929 973 1000 li,
998 926 1137 988 distantia
1162 934 1202 989 90
1232 937 1278 989 est
1301 929 1326 988 E
1349 933 1379 987 ln
1403 929 1442 1003 lt,
1464 928 1504 989 di·

881 1018 991 1076 stantia
1021 1019 1080 1075 135
1112 1024 1157 1075 est
1188 1016 1256 1074 lin
1279 1017 1315 1078 Ε.
1368 1015 1438 1076 Hoc
1467 1027 1504 1077 cat

882 1103 936 1161 ΒΑ
953 1121 989 1162 ex
1004 1103 1027 1160 E
1044 1120 1095 1178 per
1110 1101 1182 1162 1Αο
1197 1105 1344 1167 circumit.
1375 1102 1454 1178 lingo
1470 1105 1502 1163 ab

886 1196 946 1251 tus
969 1206 1021 1265 per
1046 1195 1106 1249 180
1137 1192 1166 1249 in
1192 1197 1233 1251 45
1263 1200 1363 1251 motus
1386 1190 1440 1251 BA
1465 1200 1501 1251 ert

883 1276 952 1337 ost
975 1276 1085 1349 tardus,
1108 1277 1160 1336 sed
1184 1281 1432 1354 alopor90in
1449 1284 1498 1339 ttt

882 1374 980 1423 motus
1003 1364 1056 1421 ΒΑ
1080 1382 1131 1440 per
1153 1363 1225 1424 1s0
1249 1365 1348 1426 velox.
1381 1364 1496 1441 Utemre

882 1469 953 1512 vero
976 1458 1132 1526 utrumque
1149 1452 1228 1524 iacit,
1252 1452 1369 1513 Lunam
1397 1462 1428 1513 et
1447 1462 1495 1512 ta·

882 1540 949 1599 dam
964 1548 995 1599 et
1011 1539 1152 1598 velocem.
1183 1538 1259 1599 Nam
1274 1557 1328 1617 par
1343 1538 1413 1600 ost
1426 1540 1494 1600 tra

882 1629 910 1683 ln
935 1627 961 1685 D
986 1626 1018 1684 fit
1041 1625 1135 1697 tarda,
1157 1630 1188 1683 in
1210 1626 1234 1686 F
1260 1627 1360 1688 velox.
1387 1627 1495 1705 &ope

881 1713 953 1773 Iso
969 1713 1053 1773 Luna
1069 1716 1097 1772 in
1115 1715 1142 1772 D
1157 1713 1190 1773 flt
1205 1714 1303 1785 valor,
1327 1718 1358 1773 in
1373 1716 1399 1775 l?
1413 1714 1490 1774 tarda

880 1801 916 1859 In
938 1819 1030 1877 parva
1052 1802 1267 1861 eooentricitate
1282 1802 1416 1862 tardatur
1433 1817 1493 1879 ept-

880 1906 965 1964 gaea‚
982 1888 1160 1949 acceleratur
1174 1891 1325 1966 parlgaea.
1357 1889 1391 1949 ln
1402 1904 1491 1965 manu

882 1975 1061 2037 acceleratur
1084 1994 1235 2054 apogasa,
1266 1976 1400 2038 tardatur
1428 1976 1491 2054 perl-

459 645 509 694 sug.
527 644 561 684 lt.

883 2082 959 2139 gaes
974 2070 1020 2136 (u).

254 2160 297 2216 Ad
316 2163 430 2231 Kepleri
455 2165 663 2233 responsionem
681 2167 839 2231 Praetorius
867 2167 950 2223 dubia
974 2183 1025 2222 sua
1042 2173 1071 2221 et
1089 2164 1211 2236 objecta,
1237 2182 1320 2235 qnam
1346 2163 1489 2220 breriasinit

152 2248 244 2303 verbis
264 2251 427 2320 conscripta,
448 2251 567 2307 Odontio
585 2253 730 2311 tradidisse
749 2255 873 2321 videtur,
893 2256 939 2323 qui
958 2255 1005 2311 illa
1023 2254 1143 2324 lieplero
1161 2254 1320 2319 transmisit,
1340 2253 1410 2308 sorte
1425 2251 1488 2306 etin

150 2335 198 2390 illa
216 2336 358 2391 llcrwarto
372 2338 497 2407 tradidit,
517 2356 578 2394 cum
597 2341 743 2410 subjuncta
766 2342 821 2397 sint
840 2341 963 2411 epistolis
981 2341 1114 2396 lienwarti
1131 2348 1159 2395 ει
1177 2339 1290 2409 Kepleri
1308 2338 1421 2407 mutnis,
1436 2348 1488 2407 qu

150 2422 272 2476 continet
290 2423 342 2477 vol.
363 2424 411 2480 1x.
430 2441 495 2483 mss.
515 2426 745 2484 Pullroriensinm.
780 2428 939 2484 Notavimus
957 2427 985 2482 in
1004 2428 1153 2497 praemissa
1173 2424 1287 2496 Keplcri
1306 2425 1421 2496 epistola
1434 2424 1487 2487 toa.

149 2508 249 2577 quibus
267 2510 413 2581 adscripsit
426 2512 582 2569 Praetorius
596 2517 787 2571 annotationes
806 2531 880 2584 suas,
899 2516 985 2569 literis
998 2533 1024 2579 o,
1038 2517 1063 2582 b,
1076 2533 1108 2570 c.
1123 2556 1130 2568 .
1144 2555 1161 2582 .,
1180 2515 1252 2568 sicut
1269 2516 1352 2569 etiam
1364 2522 1488 2584 sequent·

149 2597 341 2666 responsiones
354 2599 465 2667 Kepleri
478 2601 511 2654 ad
525 2602 658 2657 Praetorii
671 2602 830 2671 marginalia
848 2601 944 2658 iisdem
958 2601 1051 2672 literis,
1069 2603 1134 2657 item
1153 2617 1169 2656 e
1187 2617 1251 2657 mss.
1265 2601 1346 2657 Pus.
1360 2601 1487 2658 timente.

256 2685 309 2739 Hic
327 2685 409 2753 igitur
427 2689 505 2754 quasi
523 2688 647 2758 dialogus
666 2691 735 2745 baec
752 2688 849 2744 lrnbet:

260 2764 353 2819 Ado:
380 2765 493 2821 Nullum
519 2776 593 2823 certe
613 2773 816 2825 Astronomum.
854 2763 1064 2841 Keplerus:
1087 2762 1152 2823 Nisi
1175 2763 1388 2837 Ptolemaeum,
1412 2762 1487 2823 Aba·

151 2849 282 2926 segnium
306 2855 336 2907 et
358 2849 584 2925 Epiremeridum
607 2857 764 2930 scriptores
787 2868 898 2911 omnes.

256 2950 300 3005 Ad
320 2950 352 3005 b:
373 2950 475 3005 Dubito
488 2967 522 3004 an
536 2952 629 3021 Tycho
642 2953 725 3009 talem
736 2952 896 3007 numerandi
908 2951 1040 3005 rationem
1058 2953 1085 3004 in
1104 2965 1154 3004 sno
1173 2948 1311 3004 solamine
1329 2950 1366 3005 sit
1383 2960 1487 3009 εειιιιιι

152 3029 247 3096 ntique
266 3046 320 3082 non
340 3030 501 3086 observasse
520 3041 622 3086 certum
642 3042 692 3087 cst.
729 3026 941 3104 Keplerus:
964 3026 1031 3085 Nou
1056 3043 1129 3101 opus
1153 3026 1299 3085 dubitare.

257 3109 299 3162 Au
319 3126 345 3163 c:
365 3110 485 3177 ipsemet
505 3111 612 3164 eonlert
631 3111 766 3165 caleulum
785 3125 863 3164 suurn
878 3124 938 3164 enm
954 3108 1094 3176 Copernici
1108 3117 1136 3161 et
1148 3108 1221 3173 dicit,
1240 3108 1391 3176 Copernico
1403 3108 1488 3162 Lm

154 3201 216 3242 esse
234 3186 328 3240 in270
347 3187 390 3242 δι’
403 3197 446 3251 [1.
486 3185 684 3262 Keplerus:
715 3186 781 3244 Non
805 3186 949 3262 exprobro
972 3183 1173 3255 collationem,
1196 3183 1250 3243 sed
1271 3182 1347 3256 lroc,
1369 3182 1488 3260 quoles

156 3271 310 3347 Copernici
334 3269 447 3329 calculo
471 3272 669 3350 'l'yclronicnm
695 3275 798 3333 erroris
821 3272 970 3346 arguebat.

259 3370 302 3425 Ad
322 3371 355 3426 d:
375 3371 435 3425 lloc
451 3381 520 3440 puto
540 3389 573 3426 cx
592 3373 692 3427 tabulis
711 3372 864 3427 Prutenicis
882 3386 936 3424 non
956 3369 1042 3437 sequi,
1061 3368 1110 3423 sed
1127 3368 1243 3424 multum
1261 3370 1370 3426 abesse.
1388 3376 1419 3425 nt
1434 3367 1493 3424 αι’.

160 3449 233 3505 Solis
251 3458 335 3505 motu.
371 3446 577 3522 Keplerus:
609 3448 652 3506 Ex
675 3448 812 3522 blagino,
836 3446 994 3506 Maestlino
1017 3445 1103 3505 facilc
1126 3452 1188 3504 erat
1209 3448 1385 3521 exscribere,
1407 3446 1446 3505 illi
1462 3460 1491 3505 tt

152 3533 319 3593 Prutenicis
343 3532 521 3595 derivarunt.
568 3537 760 3594 Astronomus
783 3552 841 3593 non
864 3542 958 3611 putat,
981 3532 1032 3591 sed
1056 3540 1216 3609 computat.
1530 3534 1534 3553 '·

256 3631 299 3687 Ad
318 3648 344 3687 e:
364 3634 579 3701 Aeqrrationibus
599 3633 701 3688 dicrum
715 3650 784 3702 opus
804 3649 873 3699 esse,
890 3648 969 3687 nemo
983 3634 1078 3697 nescit,
1097 3631 1257 3700 praesertim
1272 3632 1492 3702 propteanm

153 3721 232 3789 cujus
251 3730 340 3776 motus
360 3720 479 3775 velocior
497 3730 552 3783 cst;
573 3721 645 3790 quod
665 3731 756 3775 nutem
775 3721 829 3776 alia
847 3721 882 3776 sit
901 3719 1004 3774 dierum
1023 3720 1149 3788 aequatio
1168 3718 1196 3771 in
1210 3718 1274 3773 Sole
1293 3736 1376 3788 quam
1393 3720 1494 3776 inim

154 3799 233 3864 (dicit
252 3815 349 3868 nempe
368 3799 439 3853 Solis
459 3801 584 3867 aequatio
603 3808 645 3854 est
663 3802 715 3867 2⁰),
734 3801 785 3856 hoc
805 3806 849 3855 cst
866 3799 1100 3855 absurdissimum.
1157 3793 1373 3870 lioptacus:
1402 3794 1495 3869 Pultb

155 3879 337 3958 Tychonem,
361 3885 410 3958 qui
435 3881 543 3941 alicubi
567 3883 648 3956 dixit,
672 3892 820 3959 praestare
844 3891 877 3942 ut
898 3892 992 3941 totum
1016 3883 1167 3957 negotium
1190 3884 1353 3953 omittatur,
1375 3890 1495 3960 quan

153 3985 232 4027 error
256 3976 273 4029 5
300 3970 347 4030 vel
371 3977 388 4028 6
413 3972 588 4028 minutorum
612 3974 817 4031 committatur.
863 3970 986 4045 Scripsit
1016 3973 1073 4028 ista
1103 3969 1244 4042 lerooi013
1274 3980 1383 4047 postea
1410 3968 1496 4031 ffl-

152 4054 280 4132 plicibus
295 4057 396 4116 Lunae
412 4056 671 4131 inaequalitatibus
687 4062 840 4129 exercitus,
865 4058 959 4117 lactus
983 4067 1028 4116 est
1050 4058 1229 4115 mansuetior
1251 4068 1283 4117 et
1298 4060 1419 4117 omnino
1436 4072 1496 4117 ets·

155 4145 258 4215 cessit,
290 4161 378 4220 posse
408 4144 520 4219 aliquid
552 4154 581 4203 et
611 4145 757 4204 tantillum
787 4145 904 4222 quidem
935 4145 1037 4204 deesse
1069 4161 1123 4203 suo
1152 4144 1278 4203 calculo.
1322 4145 1392 4205 Non
1413 4144 1496 4205 affl

157 4232 363 4305 aequationem
387 4234 542 4307 temporis,
566 4230 618 4290 sed
642 4242 754 4308 partem
777 4235 851 4309 ejus.
897 4231 1056 4292 Corrlundit
1077 4250 1109 4290 sc
1132 4232 1230 4309 ipsum
1252 4230 1424 4293 Praetorias
1441 4246 1496 4293 ει·

158 4316 304 4391 blgultate
328 4320 409 4378 vocis
434 4320 628 4394 „aequatio“;
652 4328 681 4379 et
695 4319 746 4379 Sol
762 4320 851 4381 habet
865 4322 1072 4396 aequationem
1095 4328 1202 4391 motus,
1226 4317 1264 4378 de
1280 4320 1495 4396 qualinam

156 4413 260 4463 notata
289 4406 394 4476 verba,
426 4416 455 4465 et
477 4405 556 4465 Solis
586 4415 682 4466 motus
711 4407 750 4467 ad
772 4416 887 4484 tempus
918 4416 1076 4482 aequatum
1106 4418 1151 4465 est
1173 4406 1401 4483 computandos.
1438 4404 1493 4467 iifl

154 4493 258 4567 ignaro
281 4491 431 4569 Tyebone,
456 4493 507 4552 sed
531 4511 596 4552 cum
618 4493 747 4553 nondum
770 4494 909 4571 liqueret,
933 4494 1141 4553 transcundum
1163 4502 1226 4553 erat
1248 4493 1307 4554 boc
1329 4494 1491 4573 paradoxon

259 4590 302 4644 Ad
318 4592 344 4659 s:
372 4591 431 4644 Hoc
457 4608 510 4645 non
534 4591 663 4659 intelligo.
698 4595 836 4650 Fortassis
855 4602 883 4649 et
900 4592 997 4664 reliqui
1022 4593 1147 4663 planetae
1172 4593 1275 4662 singuli
1297 4595 1420 4665 propn'at
1437 4600 1489 4647 11

155 4669 295 4725 habebunt
320 4670 424 4724 dierum
443 4672 639 4740 neqrrationes?
675 4669 877 4747 Keplerus:
909 4669 976 4728 Hoc
1007 4678 1051 4728 est
1081 4668 1160 4746 quod
1190 4685 1307 4745 queror.
1361 4664 1487 4745 Aqui·

155 4754 293 4830 temporis
317 4751 391 4813 duas
406 4756 588 4831 potissimum
605 4754 695 4818 babet
711 4774 830 4817 causas:
854 4756 1004 4835 obliquam
1027 4757 1228 4817 ascensionem
1250 4755 1394 4833 marinum
1411 4751 1485 4827 telb-

155 4841 231 4903 tteae
253 4848 283 4903 ct
304 4840 544 4929 inaequalitatem
565 4853 663 4905 motus
685 4842 763 4907 Solis
785 4862 839 4908 sen
861 4846 926 4925 ejus
948 4847 1164 4925 aequationem.
1197 4842 1257 4909 111·
1277 4852 1362 4929 parte
1375 4842 1482 4905 aaut!
1530 4928 1533 4933 Ι
