3308 5534
584 1667 778 1761 uotiuis
809 1668 1037 1761 KEPPLERI

324 1843 561 1970 ttttlttztt,
597 1843 703 1954 tili
742 1842 1049 1955 rittttttttt
1086 1842 1298 1958 illitis,

234 2094 307 2155 Cum
323 2109 399 2152 anno
419 2093 512 2152 1608.
536 2092 681 2151 ferverent
704 2090 825 2149 dissidia
848 2094 921 2150 inter
944 2091 1046 2150 fratres
1063 2092 1136 2168 Imp.
1154 2091 1344 2168 Rudolpbunr
1360 2102 1390 2152 et
1407 2092 1493 2152 Mat·

130 2180 219 2239 thiam
244 2180 452 2253 archiducem,
477 2196 636 2253 eorumque
662 2181 794 2238 actiones
817 2175 907 2252 vulgo
929 2177 966 2235 ad
990 2182 1124 2255 exempla
1145 2180 1283 2238 referrent
1306 2197 1340 2238 er
1365 2180 1495 2239 historia

129 2267 291 2326 Bobernica
313 2270 420 2344 petita,
452 2284 507 2341 ego
536 2265 655 2342 publiea
684 2264 764 2338 vulgi
789 2267 955 2324 curiositate
985 2269 1096 2324 excitus
1117 2266 1155 2325 ad
1179 2267 1338 2325 Bobemioa
1363 2266 1494 2342 legenda

129 2358 258 2414 animum
287 2355 398 2431 appuli.
449 2353 582 2430 Cumque
613 2351 779 2410 incidissem
810 2354 839 2408 iu
868 2350 1018 2410 historiam
1051 2353 1193 2412 Lihussae
1232 2356 1391 2429 viraginis,
1427 2364 1493 2413 arta

131 2444 247 2514 magica
261 2441 518 2511 celebratissimae,
543 2441 650 2499 factum
669 2438 795 2513 quadam
813 2447 907 2510 noete,
931 2448 962 2496 ut
978 2449 1044 2515 post
1059 2439 1335 2515 contemplationem
1359 2441 1492 2499 siderum

129 2539 158 2587 et
178 2529 277 2587 Lunae
301 2528 378 2588 locto
402 2529 580 2602 compositus
595 2524 684 2584 altius
699 2525 957 2597 obdormiscerem,
981 2535 1070 2601 atque
1093 2528 1163 2585 mihi
1187 2544 1238 2602 per
1253 2545 1391 2586 somnum
1408 2530 1494 2587 visua

128 2634 193 2675 sum
217 2615 321 2674 librum
346 2634 381 2672 ex
405 2615 542 2671 nundinis
566 2612 687 2671 allatum
711 2613 867 2688 perlegere,
892 2614 975 2687 cujus
998 2613 1046 2672 hic
1068 2624 1129 2674 erat
1153 2624 1252 2672 tenor:

237 2701 329 2775 „Mihi
356 2697 544 2780 Duracoto¹)
567 2717 672 2758 nomen
696 2709 753 2769 est,
785 2703 879 2775 patria
903 2696 1085 2780 islandia2),
1117 2719 1204 2776 quam
1233 2710 1347 2761 veteres
1372 2699 1493 2761 Thulen

128 2788 236 2860 dixere,
260 2800 353 2848 mater
375 2797 437 2846 erat
460 2783 685 2857 Fiolxbildis³),
709 2804 785 2860 quse
808 2804 899 2861 nuper
921 2784 1086 2859 mortua⁸l,
1110 2787 1255 2847 scribendi
1278 2787 1349 2846 mibi
1375 2790 1495 2864 peperit

130 2875 289 2947 licentiam,
313 2876 397 2950 cujus
419 2877 460 2934 rei
485 2873 644 2950 cupiditate
668 2872 779 2948 pridem
802 2875 869 2931 arsi.
915 2873 992 2930 Dum
1017 2876 1137 2945 vireret,
1161 2875 1217 2933 boc
1240 2874 1397 2948 diligenter
1420 2877 1495 2947 epit,

129 2980 167 3021 no
189 2965 344 3022 scriberem
355 2958 394 3041 ⁵).
440 2962 566 3020 Dicebat
589 2963 680 3031 enim,
711 2960 818 3017 multos
840 2976 904 3018 esse
928 2961 1106 3035 perniciosos
1130 2979 1229 3021 osores
1252 2965 1358 3020 artium
1371 2960 1405 3039 ⁶),
1439 2966 1494 3037 qui

128 3048 207 3125 quod
237 3067 306 3124 prae
334 3048 511 3107 hebetudine
542 3051 647 3105 mentis
678 3064 735 3104 non
765 3049 899 3122 capiunt,
930 3045 959 3103 id
987 3047 1199 3107 calumnientur
1227 3049 1368 3124 legesque
1397 3050 1496 3122 figant

127 3137 283 3212 injuriosas
306 3134 434 3194 humano
457 3130 608 3210 generi753
632 3135 738 3209 quibus
761 3151 832 3191 saue
855 3132 967 3207 legibus
991 3151 1049 3191 non
1069 3138 1156 3210 pauci
1178 3132 1350 3205 damnati⁸l
1375 3136 1496 3197 Heclao

128 3224 318 3295 voraginibus
345 3223 451 3281 fuerint
483 3216 659 3296 absorpti9).
704 3219 791 3294 Quod
819 3235 924 3277 nornen
953 3227 1030 3278 esset
1056 3226 1130 3297 patri
1153 3239 1218 3282 meo
1232 3216 1283 3299 ¹⁰),
1317 3224 1382 3299 ipsa
1411 3241 1495 3283 nun·

128 3327 216 3386 quarn
240 3308 327 3379 dixit,
352 3312 525 3385 piscatorem
548 3309 640 3365 fuisse
663 3314 693 3365 et
715 3316 831 3364 eentum
854 3308 1066 3381 quinquaginta
1087 3326 1229 3367 annorum
1256 3327 1357 3369 senem
1382 3310 1493 3370 deces-

128 3399 202 3456 sisse
225 3395 411 3472 perhibebat,
442 3414 488 3454 me
511 3396 628 3453 tertium
651 3396 756 3452 aetatis
779 3409 887 3450 annum
910 3402 1029 3467 mente,
1062 3411 1128 3454 curu
1157 3395 1206 3455 ills
1235 3401 1494 3473 septuagesimum

130 3484 196 3561 plus
220 3486 315 3541 minus
337 3499 444 3542 annum
469 3485 497 3540 in
521 3499 576 3541 suo
601 3482 722 3538 vixisset
744 3481 929 3537 matrimonio
943 3474 995 3558 ¹¹).

232 3570 335 3628 Primis
366 3571 508 3645 pueritiae
546 3569 630 3626 annis
661 3574 753 3624 mater
785 3583 830 3623 me
860 3583 946 3623 manu
976 3566 1093 3626 trahens
1124 3568 1328 3646 interdumqus
1356 3570 1493 3632 humeris

128 3655 288 3716 sublevans
311 3657 411 3716 crebro
435 3656 579 3714 adducere
603 3662 647 3713 est
662 3654 751 3711 solitu
774 3655 802 3709 in
817 3651 971 3710 humiliora
991 3654 1065 3729 juga
1079 3657 1185 3713 montis
1201 3654 1312 3717 Heclss
1326 3653 1375 3731 ΙΙὶ),
1399 3676 1493 3734 prae·

128 3746 228 3802 sertim
252 3747 328 3802 circs
350 3744 455 3802 festum
479 3743 539 3798 diri
562 3739 703 3810 Joannis,
733 3738 850 3814 quando
873 3739 923 3797 Sol
949 3742 1016 3798 totis
1041 3744 1081 3799 24
1104 3741 1183 3799 boris
1205 3747 1383 3820 conspicuus
1406 3750 1492 3805 noeti

128 3830 240 3888 nullum
264 3830 403 3907 relinquit
425 3829 521 3887 locum
535 3824 583 3903 18).
629 3827 698 3902 Ipsa
727 3826 832 3885 herbas
855 3826 1009 3885 nonnullas
1039 3827 1139 3902 legens
1167 3829 1266 3889 multis
1293 3836 1493 3893 caeremoniis

129 3916 266 3992 domique
289 3934 419 3992 coquens
433 3912 474 3997 ¹⁴)
497 3913 631 3974 sacculos
653 3914 806 3972 lectitabat
829 3930 865 3971 ex
887 3912 1013 3988 pellibus
1035 3916 1176 3990 caprinis,
1208 3934 1283 3991 quos
1306 3919 1425 3978 inflatos
1450 3920 1493 3980 ad

128 4007 256 4063 ricinum
279 4015 394 4080 portum
418 4021 524 4063 renum
548 4004 708 4077 importans
735 4016 787 4076 pro
815 4003 933 4059 navium
963 4004 1093 4078 patronis
1106 3997 1149 4082 ¹⁵)
1181 4005 1291 4064 rictum
1314 4005 1372 4065 hoc
1395 4018 1490 4083 pacto

128 4093 322 4152 sustentabat

233 4178 307 4237 Cum
338 4176 497 4252 aliqnando
526 4193 578 4252 per
605 4175 801 4233 curiositatem
831 4176 955 4234 rescisso
978 4173 1111 4244 sacculo,
1143 4193 1229 4250 quern
1258 4188 1351 4239 mater
1383 4183 1492 4257 ignara

129 4264 286 4331 vendebat,
303 4265 459 4339 herbisque
475 4273 504 4322 et
519 4263 615 4321 linteis
631 4256 679 4333 ¹⁶),
702 4279 776 4337 quae
791 4280 846 4320 acu
862 4265 941 4338 picta
957 4265 1053 4322 varios
1072 4263 1273 4337 praeferebant
1290 4267 1490 4344 characteres,

128 4351 297 4427 explicatis,
320 4354 414 4427 ipsam
436 4350 492 4409 boc
515 4348 621 4407 lucello
644 4348 839 4408 fraudassem:
871 4358 963 4408 mator
986 4350 1028 4406 ira
1050 4366 1191 4409 succensa
1213 4370 1260 4412 rne
1282 4352 1350 4413 loeo
1373 4358 1490 4418 sacculi

127 4439 266 4498 nauclero
289 4440 438 4514 proprium
460 4436 582 4507 addixit,
606 4445 638 4492 ut
661 4437 723 4511 ipsa
747 4438 899 4512 pecuniam
923 4439 1067 4495 retineret.
1113 4438 1210 4512 Atque
1234 4441 1258 4498 is
1281 4443 1426 4515 postridie
1450 4463 1490 4506 ex

129 4528 279 4601 insperato
294 4526 413 4583 solvens
429 4542 445 4582 e
460 4534 555 4599 portu,
578 4521 707 4581 secundo
731 4534 818 4581 rento
841 4525 926 4596 quasi
943 4522 1052 4595 Bergae
1068 4522 1259 4597 h'ordrregise
1276 4528 1419 4591 tendebat
1434 4528 1489 4613 ¹⁷).

128 4612 200 4671 Post
227 4612 341 4688 aliquot
373 4611 436 4670 dies
467 4613 556 4670 borea
582 4621 718 4683 surgente
732 4604 774 4688 ¹⁸)
806 4612 879 4666 inter
909 4608 1113 4681 Nordrregiam
1141 4622 1171 4668 et
1199 4614 1336 4689 angliam
1367 4619 1490 4685 delatus

128 4699 254 4759 Dauiam
277 4701 361 4776 petiit
384 4699 547 4772 fretumque
576 4712 728 4766 emensus,
755 4712 821 4754 cnm
848 4695 968 4754 baberet
995 4696 1094 4755 literas
1120 4701 1250 4778 episcopi
1282 4705 1420 4769 islandicl
1436 4707 1488 4787 ¹⁸),

126 4786 285 4847 tradendas
299 4784 433 4863 Treboni
450 4782 545 4844 Brabe
562 4782 656 4855 Dauo,
679 4784 729 4859 qut
752 4783 781 4840 tn
805 4781 901 4842 insula
917 4782 1014 4843 Wens
1028 4781 1190 4857 habitabat,
1214 4805 1270 4865 ego
1293 4810 1365 4854 vero
1388 4799 1489 4863 νὼ..
