3308 5534
782 1632 858 1730 Ill.

256 1986 357 2065 Usque
380 1985 477 2046 adhue
498 1985 625 2046 loannis
648 1987 768 2066 Kepleri
791 1991 882 2048 vitam
905 1986 973 2047 inde
995 1988 1033 2046 sb
1056 1985 1247 2045 incunabulis
1275 2000 1375 2061 usque
1397 1983 1435 2044 ad
1454 2003 1498 2044 rr·

150 2084 272 2139 uemum
295 2077 372 2136 diem
395 2076 491 2134 animo
515 2078 660 2150 persecuti
683 2093 794 2149 sumus,
817 2084 847 2135 et
861 2092 938 2152 quae
961 2090 1079 2150 quoque
1102 2075 1212 2132 aetatis
1237 2090 1318 2131 aurio
1343 2074 1371 2132 ei
1394 2071 1498 2132 καὶάρ-

148 2168 224 2239 rint,
247 2173 276 2224 ct
298 2180 385 2239 quem
408 2159 588 2220 admodum
611 2163 675 2237 ejus
698 2165 846 2239 ingenium
870 2164 992 2222 creverit
1014 2170 1044 2220 et
1066 2159 1249 2232 adoleverit,
1273 2162 1498 2220 scientiarum

149 2261 180 2313 ct
200 2250 379 2329 amplificata
402 2251 455 2322 sit,
479 2249 646 2311 referentes.
690 2250 848 2311 Praeterea
869 2250 974 2322 libros,
999 2266 1073 2324 quoe
1095 2246 1188 2305 edidit
1212 2263 1329 2319 omnes,
1354 2248 1498 2306 obsmato

148 2347 227 2400 eerto
257 2346 291 2397 ut
319 2338 389 2398 editi
421 2343 489 2395 sunt
517 2335 617 2395 ordine
651 2339 885 2397 enumeravimus
916 2345 945 2396 et
968 2354 1003 2396 ox
1026 2342 1109 2411 parte
1137 2334 1167 2392 id
1190 2351 1315 2411 qnoque
1348 2334 1497 2397 retulinrs

149 2427 256 2503 quibus
279 2427 309 2483 in
332 2425 420 2484 rebus
442 2440 560 2498 quoque
583 2441 660 2483 anno
683 2424 827 2501 Keplcrus
850 2431 984 2484 versatus
1005 2427 1052 2484 sit.
1090 2421 1134 2479 Ex
1158 2424 1291 2481 maxima
1316 2420 1424 2482 deinde
1443 2423 1497 2497 epi-

147 2513 290 2575 stolarum
312 2521 342 2572 et
363 2513 516 2569 missarum
532 2519 563 2569 et
582 2519 765 2589 acceptarum
789 2513 874 2590 copis
896 2528 932 2570 ea
954 2519 983 2570 et
1008 2510 1128 2586 carptim
1156 2521 1185 2568 et
1212 2511 1369 2587 copiosius
1399 2508 1496 2569 reddin

149 2608 225 2673 sunt,
249 2617 325 2675 quae
349 2608 401 2658 aut
424 2598 488 2673 ejus
509 2615 556 2657 res
571 2597 728 2658 familiares
742 2599 936 2672 illustrarent,
961 2605 1013 2656 aut
1029 2596 1254 2671 cognoscendae
1270 2599 1386 2673 ingenii
1401 2597 1496 2656 edne·

150 2691 224 2749 tioni
246 2695 275 2748 et
297 2686 494 2764 progressioni
518 2685 631 2760 majora
654 2687 804 2746 minorave
827 2685 938 2744 lumina
959 2685 1102 2744 efferrent.

257 2773 362 2833 Restat
385 2772 511 2847 denique
534 2789 578 2844 ea,
603 2789 679 2847 quae
703 2774 860 2833 observato
884 2780 963 2832 certo
987 2788 1128 2831 annorum
1152 2769 1256 2828 ordino
1280 2788 1383 2829 rerum
1397 2771 1495 2829 ratione

151 2868 181 2921 ot
203 2863 424 2921 continuatione
448 2860 533 2934 quasi
558 2867 683 2933 careant,
707 2859 898 2951 colligerem
919 2860 975 2918 sub
999 2876 1056 2918 uno
1080 2865 1203 2935 aspectu
1228 2875 1361 2932 ponere3
1392 2869 1420 2916 et
1440 2858 1496 2931 qui-

151 2947 234 3027 dem,
266 2949 322 3007 nisi
346 2948 419 3006 forte
440 2946 661 3024 pertractandae
683 2950 725 3006 rei
748 2958 852 3006 natura
875 2947 1052 3025 postulavit,
1083 2956 1115 3005 ut
1141 2946 1179 3003 ab
1204 2962 1264 3003 uno
1288 2948 1390 3022 eapite
1413 2958 1495 3002 tmus-

149 3053 249 3096 eamus
265 3037 294 3093 in
310 3034 445 3104 alterum,
470 3034 545 3092 hanc
561 3041 668 3092 certam
684 3037 865 3094 tractationis
880 3037 985 3094 seriem
1001 3051 1089 3109 quam
1117 3033 1247 3090 maxime
1272 3032 1494 3090 observabimus.

147 3131 181 3180 ut
204 3127 326 3200 primum
349 3121 385 3180 de
408 3122 472 3196 cJus
495 3120 661 3195 familia,
696 3130 757 3180 tum
780 3122 816 3182 de
838 3125 975 3181 amicis
998 3131 1036 3181 st
1057 3120 1299 3191 fautoribus,
1325 3119 1448 3194 denique
1467 3115 1495 3174 dr

149 3208 358 3271 literarum
380 3207 526 3267 studiis
549 3214 583 3267 et
606 3207 785 3268 doctrina
807 3209 993 3269 disseramus.

719 3398 923 3413 ἡ

636 3527 684 3583 De
706 3527 847 3597 Kspleri
867 3528 1005 3585 famffia

257 3642 390 3703 Joannes
413 3643 560 3721 Keplcrus
582 3644 669 3705 domo
692 3654 778 3704 natus
801 3653 845 3704 est
868 3663 944 3721 quae
973 3649 1002 3703 in
1027 3645 1121 3705 ll'ilue
1145 3644 1242 3704 libero
1268 3650 1430 3725 municipio
1449 3646 1495 3703 ali·

148 3738 290 3808 quantum
313 3735 452 3809 temporis
474 3733 603 3791 maxima
625 3736 798 3792 auctoritate
820 3733 952 3792 florebat.
1000 3735 1082 3790 Avus
1104 3733 1181 3789 enim
1199 3732 1397 3793 Sobaldus
1419 3733 1495 3808 liep-

147 3817 247 3878 lerus
269 3828 298 3877 ct
320 3822 384 3895 ipse
408 3819 533 3896 praefuit
555 3820 628 3892 urbi,
652 3830 682 3879 et
705 3820 841 3880 abdicato
864 3837 983 3895 quoquc
1007 3838 1041 3878 eo
1065 3837 1183 3879 munero
1200 3819 1285 3879 haud
1303 3840 1372 3881 raro
1394 3820 1495 3900 publiea

148 3914 178 3965 ct
201 3922 266 3963 eum
299 3904 365 3964 aliie
397 3908 561 3982 municipiis
590 3917 619 3966 et
648 3925 713 3965 curu
744 3909 843 3966 vicina
871 3906 954 3965 ducis
979 3906 1240 3982 Wiirttembcrgici
1273 3912 1400 3968 civitate
1428 3926 1494 3966 ron·

147 3994 255 4051 mercia
279 3995 455 4069 procuravit.
501 3994 537 4051 Et
560 4012 594 4053 er
618 3995 742 4072 publicis
766 3994 897 4070 ejusdem
921 3995 1022 4072 oppidi
1047 3994 1209 4066 codicibus,
1235 4000 1288 4071 qui
1315 3996 1415 4056 Wilne
1436 4010 1494 4054 rou·

149 4080 259 4137 servati
282 4087 350 4136 sunt
373 4098 409 4137 ex
431 4081 600 4140 novissimis
623 4081 710 4140 XVI.
734 4082 824 4142 seculi
847 4084 950 4153 aunis,
975 4081 1051 4141 clare
1073 4091 1214 4158 apparet,
1240 4087 1421 4161 saepissime
1440 4099 1492 4141 ern

146 4164 237 4240 legati
268 4168 384 4225 nomine
407 4166 627 4242 Stuttgartiam,
658 4169 884 4240 Heilbronnam,
916 4167 1030 4246 Spiram
1054 4167 1187 4244 aliasque
1220 4170 1249 4227 in
1274 4173 1367 4231 urbes
1390 4174 1493 4230 mian

148 4253 257 4310 civium
280 4269 398 4311 suorum
421 4255 574 4313 commoda
595 4257 752 4333 low-sime
768 4255 941 4317 defendisse.
972 4258 1130 4315 Fortunam
1146 4264 1248 4315 autem
1265 4257 1410 4317 habuisse
1423 4254 1493 4315 tidr-

148 4347 194 4396 tur
216 4338 295 4396 haud
318 4358 449 4416 parvam,
474 4359 558 4415 quae,
583 4361 648 4402 cum
667 4330 840 4403 sumtuosus
856 4351 885 4403 et
900 4341 987 4401 luxus
1003 4344 1221 4402 amantissimus
1245 4355 1337 4418 esset,
1359 4348 1415 4404 sub
1430 4346 1493 4401 rime

149 4426 258 4484 exitum
282 4425 368 4485 valde
392 4429 544 4488 imminuta
566 4438 620 4502 est,
645 4433 687 4490 ita
709 4441 741 4490 ut
763 4431 862 4491 liberis
884 4448 960 4505 quos
983 4431 1085 4489 habuit
1108 4430 1272 4504 permultos
1288 4438 1366 4503 (1‘2)
1389 4432 1492 4511 μή

147 4514 221 4571 sima
236 4511 389 4588 reliquisse
406 4513 556 4591 videatur3
581 4536 615 4578 er
639 4520 675 4577 iis
691 4517 817 4594 quidem,
842 4534 918 4593 quae
942 4516 978 4576 do
993 4517 1118 4576 ,loannis
1142 4528 1301 4593 parentum
1326 4539 1358 4580 re
1373 4518 1491 4579 lemtim

147 4601 218 4656 satis
242 4609 390 4677 comperte
417 4601 575 4678 habemus,
607 4607 791 4681 angustiores
821 4607 919 4682 potius
950 4622 996 4664 ros
1025 4621 1111 4680 quam
1146 4604 1336 4680 opulentiam
1365 4608 1492 4682 consum

147 4681 224 4742 uret
247 4681 304 4766 (Er
320 4696 403 4764 putre
420 4688 485 4766 plus
502 4708 589 4764 quam
606 4693 685 4752 mille
701 4693 836 4766 florenos,
860 4710 896 4751 ex
916 4700 1008 4753 matre
1031 4694 1086 4749 tria
1101 4690 1195 4748 millia
1212 4691 1394 4753 florenorum
1407 4694 1490 4753 linai,

149 4768 286 4831 obvenire
302 4774 446 4848 debuisse,
472 4776 544 4837 dicit
559 4778 636 4839 filius
652 4780 879 4859 christophorus
894 4789 986 4841 matre
1002 4781 1142 4851 mortua.)
1186 4777 1217 4837 Il
1227 4785 1387 4841 euricus
1406 4792 1489 4839 ruta

148 4853 308 4934 Keplerus,
338 4861 464 4922 Joaunis
487 4874 585 4944 pater,
613 4885 734 4930 uxorem
764 4868 848 4929 duxit
876 4866 957 4930 baud
981 4868 1118 4948 pauperis
1140 4867 1198 4926 viri
1228 4866 1344 4944 filum,
1373 4865 1489 4930 (dulb-
