3308 5534
239 414 305 485 258
596 409 774 469 Collectuucu
793 426 828 469 cx
845 410 986 469 codicibus
1002 409 1241 470 Pullrosieusibus.

240 594 321 667 add,
345 591 508 653 ascendens
530 591 733 665 hebetauit,
756 588 887 665 intelligo
905 589 1020 650 mediae
1044 590 1090 650 vel
1112 590 1265 667 temporis;
1288 590 1314 649 si
1331 590 1395 667 jam
1417 586 1600 650 descendens

240 681 332 741 habet
347 684 515 760 perigacum
531 679 657 753 solutae,
673 680 778 739 minuit
793 694 893 738 exsors
909 679 1125 755 aequationem,
1146 680 1251 736 minuit
1265 678 1353 753 igitur
1369 678 1459 739 etiam
1472 676 1602 737 mediam

239 770 446 846 aequationem
461 768 532 827 add.
549 767 701 843 0110010ος
726 774 756 826 01
771 767 899 825 01010010
922 772 1013 841 auget
1035 764 1156 825 alterius
1171 765 1345 825 semicirculi
1360 764 1602 839 subtrahendam,

238 856 270 915 id
292 862 337 917 est
359 858 465 916 minuit
486 862 517 915 ct
544 858 609 933 ipsa
630 855 766 915 mediam.
811 852 886 913 Ecce
917 852 1078 929 quamdiu
1109 870 1274 931 apogaeum
1302 862 1346 913 est
1374 856 1403 913 iu
1427 853 1602 915 ascendenti

236 942 428 1016 semicirculo,
445 960 545 1004 exsors
561 960 744 1021 peromnem
760 940 928 999 distantiam
943 936 986 1021 Q
1003 958 1022 998 a
1037 936 1079 1021 O
1095 939 1184 1001 lrabct
1200 950 1333 1019 respectu
1348 940 1463 1001 mediae
1480 942 1601 1001 titulum

239 1031 373 1093 eundem.
409 1030 516 1091 Posset
532 1032 620 1105 igitur
635 1032 758 1089 exsertis
782 1027 884 1088 titulus
907 1029 1017 1107 imponi
1040 1028 1196 1088 distantiae
1212 1022 1255 1108 Q
1273 1046 1292 1089 a
1310 1028 1359 1104 Θ.
1397 1029 1439 1088 At
1461 1032 1536 1105 quis
1556 1030 1601 1091 sic

237 1120 282 1180 bis
306 1128 481 1195 aequaretur
503 1118 555 1177 illa
577 1116 726 1177 anomalia
748 1134 799 1193 per
821 1123 1003 1191 menstruas,
1035 1123 1065 1176 et
1087 1118 1158 1191 quia
1180 1115 1254 1175 alias
1278 1118 1418 1193 aequatio
1441 1124 1601 1195 antequam

239 1209 331 1267 utaris
354 1214 399 1265 est
422 1203 601 1282 corrigenda,
626 1204 693 1264 ideo
717 1204 896 1279 relinquatur
919 1204 1027 1262 cusorti
1049 1204 1150 1263 titulus
1173 1211 1308 1281 respectu
1331 1206 1529 1281 aequatioais.

347 1292 496 1369 Quamdiu
526 1295 615 1369 igitur
647 1290 827 1351 descendeus
854 1293 1016 1365 argumenti
1046 1290 1137 1350 lrabet
1159 1292 1328 1368 perigaeum
1358 1290 1475 1352 solutae
1499 1291 1603 1369 (habet

236 1380 388 1441 autemid
411 1388 524 1441 tautum
547 1397 598 1458 per
621 1378 813 1457 quadrantem
835 1378 1016 1450 inferiorem,
1039 1378 1113 1438 alias
1136 1380 1161 1436 si
1183 1378 1305 1438 liaberet
1326 1396 1377 1458 per
1406 1379 1600 1455 quadrantem

237 1472 427 1547 superiorem,
451 1468 533 1529 lieret
556 1466 745 1543 ascendens),
769 1468 872 1524 minuit
895 1482 994 1525 exsors
1016 1466 1221 1542 aequationem
1245 1464 1487 1541 descendentem,
1513 1478 1602 1543 auget

238 1555 444 1619 ascendentem
452 1599 459 1629 ,
492 1555 521 1613 id
550 1563 595 1615 est
617 1573 635 1614 a
659 1554 799 1613 distantia
818 1549 860 1633 Θ
882 1552 920 1611 00
942 1569 1076 1630 apogaeo
1091 1547 1134 1633 Q
1157 1562 1176 1611 0
1200 1552 1238 1611 00
1262 1560 1313 1626 90,
1336 1556 1378 1613 sic
1401 1556 1491 1615 etiarn
1514 1572 1534 1615 a
1556 1554 1602 1614 di-

237 1646 348 1704 stantia
365 1658 401 1708 00
423 1640 466 1723 Θ
481 1644 519 1702 ab
543 1659 676 1720 apogaeo
692 1637 734 1721 Q
752 1648 770 1697 0
786 1640 824 1700 00
842 1646 892 1713 90,
915 1640 944 1698 lr.
969 1658 995 1701 e.
1019 1659 1039 1699 ιι
1054 1639 1193 1701 distantia
1211 1640 1249 1717 Θ
1265 1642 1304 1701 ab
1326 1658 1462 1720 apogaeo
1476 1638 1519 1723 Q
1540 1648 1599 1703 100

237 1731 277 1792 1ιο
300 1738 376 1791 aro.
424 1732 461 1791 Et
484 1728 624 1808 quamdiu
655 1728 834 1789 descendeus
862 1730 1026 1803 argumenti
1054 1726 1143 1787 habet
1171 1746 1336 1805 apogaeum
1359 1729 1476 1789 solutae
1500 1732 1601 1811 (habet

237 1826 336 1879 autem
360 1818 390 1877 id
413 1826 527 1879 tantum
551 1835 602 1895 por
621 1816 813 1893 quadrantem
835 1817 1041 1893 superiorem),
1065 1822 1154 1891 auget
1176 1833 1276 1875 exsors
1300 1820 1510 1893 aequationem
1533 1818 1600 1881 des·

239 1906 426 1981 cendentem,
460 1908 566 1965 minuit
594 1904 818 1976 ascendentem,
842 1902 870 1960 id
894 1911 939 1961 est
960 1921 979 1961 a
1001 1900 1197 1984 01010011οΘ
1213 1904 1251 1961 ab
1274 1921 1409 1982 apogaeo
1424 1900 1468 1985 Q
1486 1912 1550 1965 010
1572 1908 1598 1965 10

238 2000 300 2055 360
325 1994 373 2054 vel
397 2000 425 2069 0,
450 2002 479 2053 01
502 2012 521 2052 ιι
544 1998 584 2051 90
608 1994 637 2050 10
662 1997 733 2052 180.
772 1992 849 2067 Ergo
864 2000 1097 2067 superponantur
1119 1990 1185 2050 dist.
1203 1989 1241 2067 Θ
1260 1991 1298 2049 ab
1313 2009 1446 2069 apogaeo
1463 1988 1506 2073 Q
1523 1992 1597 2053 tituli

236 2084 345 2159 gemini
367 2083 424 2142 sic:
488 2106 514 2155 S.
551 2105 584 2153 A.
622 2100 626 2189 p
665 2104 699 2155 A.
752 2104 778 2152 s,
815 2078 879 2137 Imo
902 2086 1134 2157 superponautur
1157 2080 1227 2155 ipsis
1250 2079 1424 2153 exsortibus,
1449 2068 1593 2157 quiu'ea·

492 2176 600 2225 0.180.
647 2174 787 2223 3o0.180.
815 2174 970 2242 cerpuutur
998 2183 1049 2243 per
1073 2165 1139 2225 dist.
1155 2162 1198 2246 Θ
1212 2166 1251 2225 ab
1274 2184 1408 2244 apogaeo
1424 2164 1478 2249 Q.
1514 2168 1596 2229 Tunc

476 2248 520 2296 ⁹0·
540 2246 601 2295 uid.
622 2204 626 2309 0
647 2246 706 2294 ‘270-
744 2244 786 2295 ⁹0·
814 2254 892 2329 prior
915 2252 1017 2311 titulus
1046 2253 1124 2312 salet
1154 2256 1182 2312 iu
1209 2253 1398 2315 descendenti
1427 2274 1482 2315 seu
1506 2258 1595 2335 primo

237 2340 436 2415 semicirculo,
460 2344 603 2420 posterior
631 2342 660 2399 iu
682 2339 776 2400 altero
800 2338 978 2413 ascendenti,
1002 2350 1031 2400 et
1052 2342 1170 2419 respicit
1192 2344 1398 2416 aequationem
1422 2344 1529 2421 ipsam.
1563 2342 1597 2403 Et

237 2434 309 2509 quia
331 2438 533 2506 argumentum
550 2430 686 2507 incipite
705 2428 755 2503 Θ,
778 2426 918 2504 quamdiu
932 2426 971 2505 (ο)
988 2437 1033 2487 est
1055 2430 1093 2487 alr
1113 2446 1245 2505 apogaeo
1260 2424 1303 2509 Q
1319 2432 1392 2489 inter
1409 2436 1484 2503 9ῖο,
1501 2438 1531 2505 0,
1547 2436 1594 2505 90,

237 2536 307 2595 ergo
330 2518 379 2578 hic
400 2535 511 2593 argum.
536 2517 613 2578 desc.
638 2524 683 2575 est
706 2515 790 2575 Luna
813 2531 953 2575 crescens.
999 2514 1046 2575 lta
1069 2514 1236 2589 coniicitur,
1265 2526 1298 2575 ut
1320 2518 1425 2577 0010
1451 2526 1492 2577 90
1521 2536 1595 2579 cres·

238 2614 322 2667 ceute
342 2599 385 2685 Q
408 2604 507 2665 valeat
529 2604 566 2680 S,
590 2604 774 2663 decrescente
798 2605 842 2675 A,
875 2608 904 2662 et
927 2620 945 2661 a
969 2608 1031 2662 010
1063 2605 1092 2661 10
1117 2608 1179 2663 300
1204 2612 1350 2665 crescente
1370 2600 1412 2685 Q
1437 2604 1539 2665 valeat
1562 2606 1596 2679 A,

237 2692 470 2753 decrescentes.
508 2692 558 2751 Sic
581 2694 651 2768 quia
673 2709 735 2767 arg.
759 2690 862 2767 incipit
884 2689 922 2747 ab
943 2702 977 2753 20
997 2690 1046 2767 Θ,
1071 2689 1209 2767 quamdiu
1226 2688 1268 2771 Θ
1284 2700 1329 2751 001
1351 2692 1389 2751 ab
1405 2686 1595 2773 apogaeoQ

238 2782 480 2853 1010090180,
502 2783 574 2851 210,
599 2796 668 2853 crgo
691 2777 739 2836 hic
762 2780 926 2853 argumenti
950 2776 1129 2838 descendeus
1152 2785 1197 2838 cst
1219 2779 1304 2838 Luna
1327 2779 1510 2843 decrescens.
1555 2780 1603 2841 tu

238 2868 407 2939 coniicitur,
430 2874 463 2925 ut
486 2866 524 2925 at)
551 2872 610 2925 100
634 2869 663 2923 10
689 2871 751 2925 9ῖο
769 2864 953 2925 decrescente
969 2860 1011 2945 Q
1028 2864 1127 2925 valeat
1143 2866 1174 2939 S,
1199 2874 1345 2927 crescente
1360 2870 1399 2939 A,
1423 2876 1455 2927 et
1473 2885 1492 2928 a
1508 2874 1549 2927 90
1568 2868 1599 2926 10

241 2960 301 3015 180
326 2954 510 3015 decrescente
534 2950 577 3035 Q
602 2952 700 3013 valeat
723 2956 760 3026 A,
784 2959 932 3013 crescente
956 2952 987 3015 S.
1031 2953 1079 3012 lta
1101 2953 1201 3013 ualent
1227 2953 1304 3013 tituli
1328 2972 1379 3033 per
1401 2954 1604 3017 semicirculos

237 3041 303 3103 dist.
320 3042 359 3121 Θ
375 3044 413 3103 00
428 3059 562 3122 apogaeo
578 3036 632 3123 Q,
656 3040 802 3101 urediante
826 3038 993 3101 conditione
1018 3038 1119 3103 Lunae
1136 3036 1179 3122 (Ο
1199 3042 1246 3103 rel
1261 3038 1314 3123 Q.

545 3360 767 3418 Emendatior
790 3358 970 3416 ordinatio.
1015 3362 1067 3416 24.
1091 3361 1177 3417 1100.
1202 3361 1287 3415 1621.

340 3480 405 3540 Etsi
429 3479 600 3557 pulchrum,
632 3491 665 3540 ut
687 3488 716 3541 01
739 3482 877 3541 lormetur
900 3488 1103 3557 argumentum
1135 3487 1164 3539 et
1194 3496 1229 3537 eo
1258 3485 1428 3555 excerpatur
1459 3482 1605 3557 aequatio

238 3574 387 3627 menstrua
417 3587 483 3627 eum
514 3570 606 3627 titulis
630 3569 703 3628 Sala
735 3569 814 3631 Arld.
851 3578 883 3628 ut
912 3571 940 3626 iu
970 3568 1082 3641 soluta,
1113 3575 1268 3645 propterea
1295 3565 1375 3642 quod
1406 3567 1604 3635 inculcamus,

237 3664 413 3715 menstruam
437 3657 485 3715 lric
500 3657 624 3715 similent
647 3674 711 3715 esse
735 3656 867 3717 solutae:
889 3665 920 3715 at
935 3658 1049 3716 interim
1064 3655 1190 3733 plurima
1212 3655 1273 3714 alia
1293 3654 1438 3727 differunt,
1462 3666 1504 3726 ut,
1520 3652 1609 3733 qaod

235 3762 294 3803 nou
317 3754 454 3803 constans
478 3746 637 3819 quantitas,
662 3744 741 3819 quod
765 3762 815 3821 per
838 3743 1030 3818 logoritlsmos
1046 3741 1251 3821 computanda,
1276 3741 1356 3817 quod
1380 3760 1432 3819 per
1453 3754 1609 3805 exsortem

237 3843 266 3892 et
290 3850 341 3909 per
364 3832 499 3891 diurnum
522 3831 709 3909 corrigenda,
733 3832 812 3907 quod
837 3832 937 3890 titulus
961 3850 1018 3891 non
1043 3834 1099 3909 ipsi
1122 3830 1175 3889 sed
1198 3832 1321 3905 margini
1344 3830 1608 3909 superponendus.

237 3920 315 3995 Quid
337 3938 475 3995 magnaura
499 3922 595 3994 igitur,
618 3922 643 3977 si
667 3922 756 3978 etiarn
773 3921 800 3976 iu
817 3918 873 3979 hoc
888 3918 1011 3993 differat,
1036 3918 1115 3995 quod
1137 3918 1241 3976 titulus
1257 3918 1344 3996 plaste
1367 3936 1403 3979 ue
1427 3928 1609 3995 argumento

235 4008 353 4083 quidem
377 4018 599 4084 superponatur,
624 4006 677 4065 scd
700 4006 858 4067 distantiae
877 4008 914 4081 (ι)
933 4008 970 4065 00
988 4023 1123 4086 apogaeo
1137 4001 1189 4086 Q,
1213 4024 1267 4065 uec
1287 4006 1426 4065 lorruetur
1441 4024 1609 4079 argumen-

237 4104 298 4153 turn
322 4112 372 4171 per
395 4107 497 4169 totruu,
521 4095 573 4154 sed
598 4103 710 4152 tanturn
734 4096 1015 4172 peraequationem
1040 4097 1166 4173 opticaru
1189 4095 1350 4169 corrigatur
1370 4094 1437 4153 dist.
1454 4090 1496 4177 Q
1512 4114 1531 4155 s
1545 4090 1610 4175 O·

237 4190 265 4240 et
289 4182 415 4240 addatur
438 4184 485 4241 vel
508 4184 664 4256 aulcratur,
688 4190 718 4241 01
740 4184 783 4243 010
806 4182 956 4261 perhanc
981 4192 1140 4245 correctam
1164 4191 1357 4261 excerpautur
1380 4192 1494 4243 tautum
1515 4198 1617 4243 seru·

237 4270 371 4347 puloruur
394 4269 574 4344 loguritlrnri.

342 4355 517 4434 Quarrtispcr
541 4360 628 4429 igitur
650 4356 719 4416 dist·
736 4356 774 4433 (ᾖ)
790 4358 828 4417 ab
848 4375 985 4436 apogaeo
1002 4354 1043 4439 Q
1069 4364 1114 4418 cst
1136 4358 1210 4417 inter
1235 4364 1285 4431 90,
1309 4364 1382 4431 900,
1407 4364 1488 4431 οῖ0,
1512 4356 1628 4415 uun·

237 4460 369 4503 crescens
381 4444 469 4503 lratret
479 4448 490 4509 1
492 4447 613 4521 antiqua
621 4445 727 4515 lonas)
745 4446 979 4521 subtractoriurn,
997 4447 1168 4507 decrescens
1183 4446 1383 4523 adjectoriarn.
1412 4446 1448 4505 Et
1462 4446 1636 4521 quanti*-

236 4550 287 4610 pcr
309 4532 375 4589 dist.
399 4528 441 4611 O
464 4533 501 4590 alr
524 4550 659 4609 rrpngaeo
683 4530 725 4613 Q
750 4543 794 4593 est
818 4537 893 4595 iuter
917 4542 968 4609 90,
995 4540 1064 4610 180,
1091 4542 1164 4612 tior,
1189 4534 1275 4597 larua
1298 4534 1485 4595 descreeeeus
1507 4524 1648 4591 lrrlv‘⁸

235 4622 468 4689 subtractoriurn,
491 4636 624 4681 crescens
647 4622 847 4697 adjectoriarn.
