3308 5534
699 428 748 491 iil.
768 430 964 492 astronomica
1435 408 1501 487 249

143 616 303 681 subdivide
326 618 358 677 la
382 610 449 685 80⁰,
473 613 632 677 dividendo
663 618 757 691 primo
779 616 809 674 in
834 620 863 687 5,
886 612 954 673 dein
976 613 1006 670 in
1032 615 1060 680 3,
1085 606 1210 682 denique
1232 604 1260 663 in
1285 608 1313 665 2.
1358 597 1396 659 lit
1418 598 1503 672 algas

142 710 251 787 gradem
274 704 412 783 singulos
435 706 551 782 punctis
574 704 742 776 subtilibus,
767 706 873 781 quinos
896 700 1014 770 lineola,
1036 696 1129 756 denos
1152 691 1260 754 lineola
1281 701 1311 750 et
1334 702 1465 747 numero.

244 793 318 856 Jam
342 793 556 864 animadverte,
580 791 729 868 quodnam
752 794 791 850 sit
813 792 941 850 futurum
964 787 1051 863 liujus
1074 782 1186 842 zodiaci
1210 781 1390 857 principium.
1436 773 1503 832 Me·

142 882 259 941 raineris
283 883 390 957 igitur,
414 896 479 939 cam
503 896 593 955 supra
614 879 740 938 rotulam
764 882 792 935 in
819 884 857 938 tu
882 876 954 935 locis
975 886 1186 951 perpurgeres,
1210 877 1238 928 te
1261 870 1384 945 primum
1407 878 1503 963 punc·
1538 944 1541 953 Ι

145 980 202 1030 tum
236 972 346 1029 iecisse
375 976 444 1045 post
473 984 574 1042 serug.
601 973 628 1029 1.
653 966 724 1048 til-l.
770 964 846 1024 illud
875 965 964 1035 igitur
994 968 1134 1039 punctum
1162 960 1190 1014 in
1221 955 1313 1014 altera
1341 953 1417 1011 tacte
1448 952 1504 1007 ent

146 1054 374 1135 principiumY
396 1054 444 1113 rel
465 1054 532 1115 tiuls
554 1056 599 1131 if.
645 1053 744 1130 Quare
767 1056 841 1112 inter
863 1050 935 1109 illud
958 1057 986 1109 et
1009 1049 1173 1125 proximum
1197 1042 1234 1101 ad
1257 1044 1403 1100 sinistram
1425 1052 1503 1113 ponc

146 1144 237 1205 medio
262 1144 334 1203 loco
357 1144 474 1219 siguum
492 1142 541 1215 Υ,
564 1142 608 1200 sic
631 1144 707 1199 iuter
729 1141 786 1200 lroc
807 1148 836 1199 ct
850 1141 1013 1215 proximum
1029 1150 1105 1211 pone
1119 1136 1233 1205 sicarum
1263 1128 1307 1205 ὅ,
1326 1130 1375 1205 Π,
1391 1117 1504 1211 &ss

150 1244 210 1305 ete,
234 1242 270 1291 et
292 1233 386 1291 series
409 1232 557 1307 signorum
580 1231 620 1287 sit
641 1246 660 1287 a
683 1227 785 1287 dextra
806 1243 920 1287 sursum
942 1240 1046 1285 versus
1066 1222 1222 1281 sinistram.

149 1424 327 1491 warado
343 1422 430 1481 hsce
445 1424 567 1492 omnia,
590 1424 620 1482 si
635 1424 693 1482 eut
706 1422 915 1569 piscantium
936 1418 1199 1479 commodiorem
1220 1416 1363 1475 termam
1379 1408 1505 1469 mutari

757 1523 839 1582 poss
877 1514 901 1566 t.

251 1630 289 1691 ln
312 1628 507 1708 praecedente
530 1630 724 1707 descriptione
748 1646 940 1708 quaeeunque
963 1628 1001 1689 sd
1022 1629 1063 1687 rei
1079 1628 1172 1703 ipsias
1195 1627 1346 1685 veritatem
1370 1638 1506 1699 expressa

152 1728 219 1793 saut,
244 1718 301 1779 illa
323 1720 431 1777 mutari
455 1735 514 1777 nou
538 1729 676 1797 possunt,
700 1738 776 1795 quae
800 1735 870 1778 rero
891 1717 930 1777 ad
952 1717 1103 1775 arbitrium
1125 1722 1222 1774 sumta
1244 1720 1328 1783 srrnt,
1359 1726 1424 1769 curu
1449 1713 1505 1767 im·

152 1806 289 1885 possibile
313 1814 393 1865 esset
415 1814 549 1865 naturam
573 1808 666 1883 ipsam
689 1809 815 1877 imitari,
839 1804 1034 1865 diversimode
1057 1805 1145 1861 etiam
1168 1818 1220 1879 pro
1244 1799 1360 1857 diverso
1384 1798 1506 1857 rrrtilicis

153 1896 282 1954 instituto
306 1904 360 1951 aut
381 1892 549 1953 conditione
573 1896 713 1953 materiae
736 1895 872 1954 constitui
889 1900 1019 1971 possunt.
1057 1887 1228 1965 Cuiusmodi
1251 1895 1319 1943 suut
1341 1884 1454 1944 zodiaci
1477 1890 1507 1943 et

153 2000 248 2043 cursus
271 1981 385 2041 lunaris
409 1980 528 2051 circuli,
556 1999 679 2056 quorum
703 1981 752 2041 ille
774 1990 892 2059 propter
916 1976 1160 2039 inaestimabilem
1190 1972 1426 2051 ampititndiuem,
1456 1970 1505 2031 hic

154 2078 264 2147 pmpter
289 2066 493 2127 insensibilem
515 2071 689 2145 parvitatem
712 2071 742 2127 iu
764 2087 818 2127 sua
841 2066 879 2127 ad
902 2078 1013 2127 ceteras
1028 2065 1169 2141 spiraeras
1184 2063 1369 2139 proportione
1384 2061 1506 2135 exprimi

154 2160 293 2234 inparra
325 2155 402 2213 iacis
432 2156 550 2213 minime
581 2163 713 2233 possunt.
759 2154 843 2215 Unde
866 2158 895 2212 in
923 2152 1115 2231 praecedente
1144 2150 1338 2228 descriptione
1367 2146 1506 2205 zodiacus

153 2246 247 2315 misor,
272 2240 402 2319 sphaera
423 2240 536 2301 lunaris
557 2243 651 2319 major
669 2242 752 2319 justo
775 2243 844 2303 lacti
867 2251 943 2303 sunt.

108 2396 110 2403 ,
249 2328 344 2405 Igitur
374 2330 402 2387 si
432 2330 487 2387 tibi
509 2332 546 2388 sit
570 2333 655 2407 copia
676 2329 785 2389 metalli
809 2330 933 2405 alicujus
962 2332 1009 2402 (ut
1038 2330 1157 2385 omnino
1184 2341 1312 2402 papyrus
1342 2321 1506 2381 certitudini

108 2420 111 2431 “
155 2416 249 2475 larum
273 2432 369 2475 rerum
393 2415 563 2477 satisfacere
586 2434 645 2477 noe
668 2426 765 2495 potest
788 2426 905 2495 propter
927 2417 1151 2475 inconstantiam
1174 2411 1341 2489 materiae),
1374 2412 1430 2469 ista
1456 2426 1506 2469 se-

155 2506 264 2579 queutia
288 2500 323 2561 de
346 2506 491 2579 superiori
515 2502 707 2581 descriptione
731 2507 837 2565 imitari
859 2506 979 2581 poteris.

247 2590 381 2649 Primum
398 2588 476 2661 diri,
493 2590 620 2651 rotulam
636 2610 700 2651 esse
716 2592 913 2653 fabricandam
931 2609 997 2652 cum
1012 2587 1206 2665 amplitudine
1222 2592 1262 2647 36
1278 2586 1403 2660 partium
1427 2587 1506 2646 iate·

156 2678 228 2748 riore,
245 2682 287 2737 tu
304 2678 432 2754 partium
449 2682 599 2737 exteriore.
634 2678 668 2739 id
684 2682 725 2737 ita
739 2681 928 2739 constitutum
951 2678 1014 2749 luit,
1033 2688 1064 2735 ut
1079 2675 1176 2735 rotula
1191 2683 1291 2752 posset
1306 2676 1380 2731 iuter
1394 2672 1505 2749 spirae·

158 2780 209 2823 tim
236 2762 327 2825 «lovis
360 2772 389 2822 et
412 2762 515 2823 Martis
545 2769 663 2837 motari,
695 2784 731 2829 66
760 2776 857 2827 maten
881 2765 942 2825 ulla
963 2764 1080 2823 illarum
1107 2763 1297 2841 sphaerarum
1320 2760 1506 2837 particulae

159 2848 242 2911 remla
265 2859 424 2927 tegeretur.
459 2850 568 2911 Verum
582 2857 607 2912 si
624 2853 721 2913 rotula
735 2852 787 2913 liat
801 2861 875 2923 rota,
900 2852 929 2915 lr.
946 2870 972 2913 c.
989 2855 1013 2911 si
1036 2862 1118 2910 rotae
1141 2848 1361 2927 amplitudinem
1385 2849 1508 2907 interio-

161 2954 209 2997 reur
228 2954 330 2997 sumas
351 2942 410 2997 10‘2
435 2940 569 3014 partium,
594 2944 766 2999 exteriorem
790 2959 841 3019 pro
864 2940 969 3013 lubitu,
992 2947 1022 2999 et
1044 2942 1118 2997 inter
1140 2938 1194 2996 has
1218 2936 1344 2996 mediam
1366 2937 1507 3011 amplitu-

162 3024 243 3083 dinem
262 3030 325 3083 104
344 3024 393 3084 661
411 3031 470 3084 166
489 3030 624 3103 partium,
648 3027 678 3087 id
701 3030 731 3086 in
753 3026 873 3087 metallo
898 3027 1006 3087 multas
1028 3024 1251 3085 commoditates
1275 3023 1396 3083 habebit
1417 3032 1507 3099 atqua

162 3114 236 3169 etiarn
257 3114 382 3189 propius
405 3112 525 3172 accedet
547 3114 585 3173 ad
608 3132 703 3174 rerum
726 3124 877 3187 naturam,
901 3132 968 3173 nam
991 3113 1088 3173 rotula
1109 3112 1160 3171 illa
1175 3111 1383 3189 complectetur
1407 3128 1508 3169 omncs

163 3198 304 3277 sphaeras,
329 3199 359 3255 in
383 3196 464 3257 melli
489 3217 556 3260 vero
580 3211 610 3261 et
633 3220 799 3279 papyracea
822 3205 943 3261 materia
966 3200 1069 3260 melius
1093 3211 1147 3271 est,
1172 3217 1292 3276 parvam
1316 3214 1381 3257 csso
1404 3208 1507 3261 rotam.

250 3282 400 3357 Secarrde,
425 3288 455 3344 in
477 3286 574 3346 rotula
598 3280 693 3348 {dixi
716 3290 806 3347 iacies
830 3287 1023 3347 instituendas
1048 3288 1190 3347 beneficio
1206 3288 1434 3363 perpuncticuis.
1467 3286 1508 3344 At

166 3371 185 3427 si
202 3374 323 3433 materia
346 3373 385 3431 sit
407 3390 528 3450 cuprea,
559 3378 730 3452 perpunctio
760 3375 886 3435 diflicilia
909 3386 938 3434 et
961 3376 1099 3435 indecora
1121 3386 1176 3433 cst.
1223 3374 1299 3449 Ergo
1329 3389 1464 3432 numeros
1490 3382 1508 3431 6

163 3460 295 3536 totiesque
320 3466 362 3518 66
386 3463 482 3520 coecis
505 3462 734 3533 characteribus,
759 3464 787 3523 b.
811 3480 836 3522 c.
858 3480 972 3521 rursum
995 3462 1185 3532 delebilibus,
1218 3460 1341 3537 perfice,
1366 3477 1509 3537 perpauc-

165 3547 257 3607 riooem
288 3556 319 3607 et
350 3545 472 3607 alterins
501 3550 585 3609 t'aciei
611 3549 844 3609 distributionem
873 3552 983 3608 omitte.
1035 3549 1101 3608 Hac
1129 3547 1243 3607 rotulae
1273 3548 1349 3607 lucie
1379 3550 1423 3606 sic
1449 3549 1510 3606 slis·

112 3663 116 3711 g
165 3634 256 3694 tributa
279 3636 331 3692 ubi
356 3634 444 3693 lucris
467 3652 536 3693 usus
560 3638 588 3695 in
619 3638 792 3715 quaerendis
817 3639 958 3713 apogaeis
983 3644 1013 3696 ct
1035 3634 1200 3696 dividendis
1224 3635 1339 3695 circulis
1364 3637 1382 3691 6
1407 3633 1510 3712 plane·

113 3714 117 3785 ἰ
167 3728 258 3793 tuam,
291 3730 396 3797 postea
427 3720 492 3781 dele
522 3726 611 3782 series
640 3741 823 3783 numerorum
849 3733 866 3781 6
891 3731 919 3783 et
944 3732 983 3783 ou
1008 3732 1038 3783 et
1061 3741 1114 3799 pro
1146 3725 1180 3779 iis
1211 3723 1336 3781 inscribe
1364 3726 1511 3797 expirassis

114 3858 117 3863 .
167 3806 239 3867 literis
265 3815 305 3867 12
330 3810 415 3885 sigua
442 3808 555 3868 zodiaci
583 3820 611 3869 et
636 3813 740 3870 seriem
765 3827 949 3870 nrrmerornrn
973 3816 1025 3870 30.
1070 3810 1103 3869 ld
1135 3808 1221 3869 lercile
1250 3809 1311 3867 fleri
1343 3818 1453 3885 potest,
1485 3812 1511 3865 si

113 3900 118 3911 ’
167 3910 193 3951 u
210 3914 266 3955 roa
287 3912 440 3971 sexagena
464 3904 482 3955 2
507 3896 616 3957 efficias
640 3900 734 3972 signa.
773 3900 888 3957 Divisio
911 3906 1011 3957 autem
1033 3906 1063 3957 et
1084 3899 1174 3957 series
1197 3899 1347 3971 signorum
1371 3896 1511 3971 procedat

168 3980 244 4044 adhuc
267 3994 410 4061 utsupra
433 3982 557 4060 desuper
579 4003 598 4042 a
613 3984 715 4045 dextra
739 4003 839 4045 vorsus
861 3988 1019 4044 sinistram.
1050 3985 1148 4059 Atque
1164 3985 1220 4042 lroc
1234 3992 1320 4059 pacto
1339 3983 1403 4058 jam
1418 3982 1510 4042 habes

169 4068 314 4141 zodiacum,
339 4086 393 4129 nec
415 4087 490 4146 opus
512 4074 557 4143 iis,
580 4090 655 4147 quae
671 4074 726 4131 sub
743 4073 827 4131 titulo
846 4072 1049 4147 „Constructio
1066 4068 1200 4132 zodiaci“
1225 4072 1369 4147 praecepi.

254 4156 357 4217 Tertio
381 4155 451 4228 diri,
475 4158 589 4219 rotulae
613 4170 744 4219 ceutrum
766 4178 830 4219 esse
855 4157 1087 4231 custodiendum,
1112 4157 1220 4218 relictis
1246 4164 1284 4216 12
1309 4156 1356 4217 vel
1382 4166 1399 4217 6
1424 4156 1510 4217 velt

172 4240 308 4303 brachiolis
331 4262 351 4303 a
374 4256 475 4304 centro
504 4245 540 4303 ad
569 4248 829 4308 circumferentiam
853 4246 1056 4317 tendentibus,
1085 4245 1226 4320 reliquam
1251 4247 1401 4304 materiam
1425 4263 1512 4305 esse·

174 4330 282 4391 undam.
322 4330 358 4390 ld
379 4342 496 4403 autem,
525 4333 608 4407 cujus
631 4352 723 4393 causa
746 4334 802 4393 lroc
825 4335 967 4411 praecepi,
991 4335 1020 4390 in
1044 4332 1162 4391 metallo
1187 4331 1278 4390 multo
1301 4336 1409 4391 rectius
1433 4334 1512 4390 obti-

117 4448 122 4481 ,
175 4421 218 4474 reri
238 4429 343 4497 potest,
367 4422 393 4478 si
410 4436 463 4496 pro
479 4418 600 4479 totidem
617 4420 774 4481 brachiolis
788 4438 872 4479 arcus
896 4420 967 4478 fiant
989 4436 1049 4478 uno
1072 4436 1218 4487 mucrone,
1243 4421 1293 4495 qui
1311 4422 1400 4477 centri
1419 4422 1511 4479 ricem

117 4516 123 4597 ἶ
178 4506 404 4577 catadromum
430 4515 569 4581 uergente
591 4510 749 4581 commissi,
778 4510 820 4565 sic
843 4517 875 4565 ut
896 4506 969 4566 hacc
993 4506 1176 4565 brachiorum
1200 4508 1263 4565 sire
1286 4524 1405 4565 arcuum
1430 4524 1512 4565 eom·

117 4608 123 4649 r
180 4592 278 4651 ausura
306 4594 648 4671 repraesentatiormam
672 4596 737 4653 lilii.
783 4594 850 4653 Hoc
872 4596 948 4653 eninr
973 4594 1049 4653 iacto
1073 4602 1102 4653 et
1125 4593 1221 4652 rotula
1248 4591 1284 4652 ad
1314 4596 1511 4652 extremitates

118 4670 125 4761 ξ
182 4674 336 4739 brachiorum
358 4682 503 4741 concinne
524 4681 621 4753 affixa,
646 4682 759 4759 reliqua
780 4682 894 4741 rotulae
917 4684 1039 4740 materia
1063 4684 1155 4739 omnis
1180 4679 1310 4740 exscindi
1333 4689 1439 4757 potest

121 4764 125 4775 “
261 4766 345 4827 Porro
369 4772 400 4827 in
423 4770 549 4827 materia
571 4770 722 4829 metallina
738 4768 889 4829 commode
912 4772 1001 4829 etiam
1019 4770 1060 4827 uti
1077 4770 1185 4845 poteris
1201 4768 1302 4845 regula
1318 4768 1420 4837 serrea,
1445 4784 1511 4826 cum

122 4860 128 4961 j
187 4846 333 4915 bustula
367 4872 538 4937 papyraceo
567 4859 621 4916 tibi
651 4856 731 4919 filum
763 4856 935 4919 suffecisset.
980 4854 1125 4937 Regulam
1155 4855 1230 4917 baec
1260 4863 1376 4935 oportet
1402 4855 1512 4925 habere

124 4982 132 5121 'l
