3322 5534
482 368 648 429 Plutarchus
665 370 699 427 de
716 368 799 428 Facie
815 366 844 425 iu
862 368 935 427 Orbe
951 366 1056 425 Lunae.
1404 364 1449 435 ’Π
1468 456 1474 465 .

192 552 305 612 Eorum
326 552 418 629 igitur
454 568 532 629 quae
560 560 719 631 supersunt
752 553 867 613 initium
876 550 884 621 ¹.
895 548 952 610 hoc
983 556 1042 624 est,
1067 547 1220 611 Plutarchi
1241 546 1279 609 de
1300 544 1449 623 colloquio

84 638 191 699 habito
215 643 364 700 narrantis
388 640 486 699 rerba

193 725 233 786 lit
255 726 369 804 Sylla
396 726 470 787 haec
496 729 578 802 ipsa,
611 726 700 800 dixit,
729 743 814 787 meae
843 726 921 785 onim
947 723 1067 784 fabulae
1089 730 1156 784 sunt
1179 730 1306 799 cognata
1329 728 1360 782 et
1381 728 1451 782 sont

84 812 155 873 inde
179 814 323 891 prolecta
368 812 479 875 Verum
501 830 578 873 anne
600 822 717 891 oportet
737 816 827 874 etiam
847 811 887 871 ad
908 813 1062 888 opiniones
1084 814 1157 871 istas
1180 811 1216 871 de
1239 810 1314 870 lucie
1336 808 1449 883 Lunae,

86 901 116 957 iu
138 912 262 977 promtu
284 905 357 961 sitas
379 908 411 962 et
432 903 562 962 omnium
584 917 635 964 ore
657 901 830 976 celebratas,
853 898 960 959 addere
977 899 1188 976 disquisitionis
1203 895 1316 974 aliquid
1331 905 1361 957 et
1376 913 1450 957 ven·

87 987 246 1063 tilationis,
268 991 394 1066 primum
416 987 499 1049 lubet
521 991 695 1065 percuntari.

192 1075 233 1135 Et
255 1092 307 1135 cur
328 1074 359 1135 id
380 1092 440 1134 non
461 1075 633 1149 laceremus,
657 1079 777 1152 iuquam
791 1073 855 1150 Ego
874 1075 1066 1147 (Plutarchus),
1088 1090 1155 1134 cum
1178 1090 1197 1132 a
1219 1070 1449 1145 difficultatibus,

87 1179 164 1239 qnae
179 1165 261 1223 circa
274 1163 349 1223 haee
365 1166 426 1229 (has
445 1166 596 1236 opiniones)
617 1172 778 1234 occurrunt,
794 1160 833 1221 ad
847 1162 916 1220 illas
936 1163 1062 1234 (fabulas)
1080 1160 1224 1239 compulsi
1239 1163 1340 1220 simus.
1369 1158 1452 1218 Sicut

89 1252 165 1308 enim
190 1252 291 1310 vexati
314 1252 424 1311 morbis
447 1251 607 1325 diuturnis,
637 1261 795 1327 postquam
828 1248 864 1309 de
887 1249 1022 1309 remediis
1044 1251 1160 1309 usitatis
1183 1256 1212 1308 et
1234 1255 1376 1307 consueta
1398 1264 1451 1305 cu-

89 1335 172 1395 randi
195 1340 312 1397 rationo
330 1340 656 1415 perpraeecriptionem
679 1337 794 1397 dinetus
818 1336 1016 1412 desperarunt,
1039 1336 1078 1397 ed
1099 1336 1289 1396 lustrationes
1311 1342 1342 1395 et
1364 1351 1450 1393 umn-

88 1422 148 1483 leta
169 1433 202 1484 et
224 1428 341 1485 somnia
363 1442 396 1485 se
417 1435 608 1500 convertunt,
640 1427 682 1483 ita
710 1441 830 1485 necesse
852 1433 913 1497 est,
944 1433 978 1482 nt
999 1426 1029 1482 iu
1052 1425 1289 1500 quaestionibus,
1319 1421 1451 1480 dilticiles

91 1510 258 1588 explicatus
281 1511 467 1586 habentibus,
492 1512 610 1590 quando
634 1529 819 1585 communes,
843 1509 1010 1588 probabiles
1033 1520 1064 1571 et
1085 1522 1220 1589 receptae
1243 1513 1371 1570 rationes
1392 1525 1453 1568 non

90 1599 287 1673 uentaetuut,
309 1599 495 1660 absurdiores
517 1599 737 1677 aggrediamur,
758 1617 855 1675 neque
876 1608 1096 1658 contemnamus
1118 1617 1156 1660 ne
1179 1608 1309 1659 veterum
1333 1596 1452 1673 quidem

90 1696 272 1759 commenta,
304 1688 374 1763 quin
404 1705 440 1747 ea
471 1688 616 1748 nobismet
638 1690 710 1764 ipsis
739 1688 832 1748 veluti
855 1688 1023 1747 occinamus
1046 1704 1206 1763 verumque
1229 1687 1452 1762 quibuscunque

90 1773 196 1833 mediis
218 1789 366 1833 eruemus.

195 1858 292 1920 Vides
314 1862 449 1920 nimirum
471 1861 501 1919 ιιι
523 1862 589 1937 ipso
613 1862 754 1937 vestigio,
785 1877 873 1936 quam
899 1859 1026 1921 absorde
1049 1863 1091 1935 ie,
1123 1862 1174 1936 qui
1203 1862 1331 1936 speciem
1360 1856 1452 1932 illam,

89 1963 167 2023 quae
190 1948 222 2005 in
239 1946 326 2007 Luna
348 1950 444 2009 iuceso
466 1947 591 2022 videtur,
614 1948 798 2009 allectionem
814 1964 879 2008 esse
893 1946 967 2006 dixit
982 1949 1071 2019 visus,
1095 1946 1256 2008 laborantis
1279 1956 1308 2008 et
1323 1945 1453 2006 cedentis

89 2033 250 2111 splendori,
274 2042 414 2111 tanquam
430 2036 542 2095 viribus
557 2037 686 2112 imparis,
712 2036 792 2111 quod
806 2031 987 2115 (connivere)
1002 2034 1142 2111 dicimne;
1164 2053 1219 2096 nec
1237 2033 1454 2108 animadvertit,

87 2120 125 2180 ad
147 2120 255 2181 Solem
277 2125 377 2198 potins
399 2125 428 2182 ei
449 2138 592 2183 converso
615 2123 671 2183 hoc
693 2123 825 2183 accidere
847 2124 978 2198 potuisse
991 2116 1023 2201 ¹),
1046 2132 1077 2181 ut
1101 2124 1259 2198 quianon,
1282 2132 1315 2182 ut
1332 2122 1451 2195 tulmen,

90 2226 216 2269 occursu
240 2205 355 2286 lew),
378 2212 422 2269 uti
443 2227 503 2269 nou
526 2210 684 2286 injucunde
707 2209 861 2271 discrimen
883 2210 940 2270 hoo
962 2209 1071 2270 alicubi
1093 2209 1182 2270 tradit
1201 2219 1231 2269 et
1246 2208 1453 2286 Empedocles:

88 2295 140 2356 sot
161 2295 269 2355 radiis
288 2302 454 2372 penetrans
476 2305 505 2357 et
525 2298 639 2358 blondo
660 2299 777 2358 lumine
793 2296 902 2373 Lano,·
925 2299 969 2357 sic
991 2300 1069 2357 euim
1083 2297 1246 2375 appellavit
1262 2297 1342 2357 illam
1358 2295 1455 2374 pella·

88 2388 163 2443 cmm
188 2391 221 2442 et
244 2382 436 2443 lenitudinem
459 2385 631 2446 inoffensam
655 2384 772 2445 luminis
795 2381 946 2462 Louac³).

195 2470 318 2531 Deinde
339 2473 533 2533 strationem
554 2471 650 2531 reddit
670 2475 771 2535 author
788 2474 871 2544 hqins
890 2475 1034 2546 opinionis,
1058 2473 1096 2532 ob
1119 2489 1207 2549 quam
1230 2475 1280 2549 qui
1303 2480 1372 2531 suut
1388 2474 1455 2532 risu

89 2556 187 2617 hebeti
213 2566 245 2617 et
266 2557 406 2618 imbecilli
428 2558 539 2618 nullam
554 2558 664 2634 figurae
680 2559 882 2620 diversitatem
904 2562 933 2618 in
956 2559 1042 2620 Luna
1064 2563 1262 2637 conspiciant,
1285 2559 1338 2619 sed
1359 2557 1481 2620 laevis·

89 2655 117 2703 et
143 2643 256 2721 plenus
286 2645 416 2722 undique
442 2642 600 2727 luminie⁸)
630 2646 688 2707 illis
718 2664 783 2707 sese
814 2648 916 2708 offerat
941 2647 1030 2724 hujus
1061 2648 1158 2722 orbis)
1190 2650 1240 2724 qui
1270 2664 1339 2707 vero
1368 2656 1456 2708 acute

89 2731 195 2791 rident
219 2740 250 2790 et
273 2733 377 2793 tortam
399 2750 465 2793 eum
487 2733 657 2793 facultatem
679 2736 774 2794 sortiti
804 2744 888 2809 sunt,
920 2735 1085 2794 distinctius
1118 2733 1199 2795 illam
1229 2737 1397 2794 intueantur
1427 2742 1456 2794 et
1480 2750 1482 2755 ·

91 2823 206 2895 speeies
230 2822 260 2877 in
284 2818 367 2879 disco
389 2820 453 2896 ejus
468 2820 612 2897 effigiatas
636 2821 802 2882 discernant
829 2832 859 2882 et
879 2823 922 2883 sic
945 2823 1112 2883 discrimina
1137 2825 1264 2898 partinrn
1288 2822 1455 2882 evidentius

91 2916 298 2983 assequantur.
337 2903 498 2983 Oportebat
515 2918 613 2967 antem
629 2919 739 2984 contra,
754 2911 810 2968 nisi
825 2909 919 2983 fallor,
942 2909 1087 2986 siqnidem
1102 2909 1287 2970 imbecillitas
1305 2906 1334 2990 (a
1349 2909 1453 2985 splen-

91 2992 169 3072 dore)
192 2996 267 3053 victi
284 2994 360 3053 oculi
377 2994 464 3053 talem
489 2999 726 3072 imaginationem
749 2997 904 3072 efficiebat,
928 2999 1094 3077 (oportebat
1116 2999 1247 3075 inquam)
1271 3001 1299 3057 in
1324 3000 1453 3074 patiente

93 3080 287 3142 imbecilliore
309 3084 407 3158 potius
429 3100 493 3143 esse
514 3083 591 3142 hanc
612 3081 858 3163 apparentiam5).

197 3168 293 3228 Plane
323 3186 391 3228 vero
415 3170 562 3246 redarguit
589 3171 665 3230 hanc
687 3175 829 3231 rationem
860 3172 1065 3248 inaequalitas.
1109 3172 1175 3231 Non
1199 3175 1275 3232 enim
1300 3173 1456 3232 inumbra

95 3258 268 3314 continuata
289 3274 341 3329 per
358 3268 445 3314 totum
464 3262 560 3316 Lunae
578 3260 682 3316 discum
704 3270 734 3318 et
757 3261 878 3319 contusa
901 3280 964 3317 onum
982 3262 1042 3331 ejus
1060 3261 1161 3318 lumine
1185 3262 1267 3320 visus
1289 3258 1348 3340 (bic
1364 3276 1455 3319 ocen-

93 3342 199 3425 patur),
223 3342 279 3403 sed
301 3353 334 3403 ιιι
355 3362 413 3404 uon
437 3348 535 3421 inepte
559 3346 688 3405 subdens
710 3346 877 3421 Ageeianas
902 3345 991 3403 dixit:

308 3431 417 3490 Omnis
438 3433 560 3509 quidem
583 3435 637 3492 iila
661 3438 776 3493 circum
799 3438 868 3510 iprae
888 3434 994 3511 salpet,
1018 3443 1051 3492 ot
1073 3437 1107 3492 in
1129 3434 1231 3493 media

311 3517 433 3578 Glauco
454 3523 553 3595 rnupis
574 3523 700 3580 caerulo
722 3530 862 3597 apparet,
886 3522 987 3598 qualit
1008 3523 1130 3597 paellae

310 3604 417 3666 Facies
438 3615 466 3666 et
487 3609 590 3667 vultus
611 3608 755 3667 humidat
780 3642 818 3653 -
845 3642 883 3654 -

377 3728 411 3737 ·-
430 3730 463 3739 -
482 3699 527 3753 hic
544 3716 608 3754 uero
626 3700 821 3755 verecundanti
839 3701 982 3755 adversum
1001 3706 1181 3769 comparatur.

200 3779 247 3840 Re
271 3797 341 3841 reru
362 3785 439 3841 enim
462 3786 611 3844 insinuant
640 3803 705 3845 sese
735 3787 866 3861 partibus
897 3784 1119 3860 splendentibus
1148 3785 1303 3843 umbrosae
1331 3785 1456 3841 circnm-

96 3878 210 3927 stantee
233 3875 262 3927 et
287 3880 436 3931 coarctant
458 3869 524 3929 illas
547 3874 734 3948 vicissimque
758 3874 796 3932 ab
818 3875 890 3949 ipsis
914 3875 1001 3931 etiam
1025 3874 1259 3947 intercipiuntur,
1283 3872 1363 3930 etin
1388 3872 1456 3927 nni·

96 3974 215 4015 versum
239 3958 368 4017 intextae
389 3966 458 4016 sunt
479 3960 536 4017 sibi
552 3970 662 4029 mutuo,
678 3954 726 4037 (ιιι
741 3957 794 4038 ita)
817 3959 975 4019 admodum
996 3977 1134 4036 expressa
1151 3959 1231 4018 velut
1252 3965 1313 4018 arte
1336 3959 1457 4034 pictoris

15 4082 19 4093 .
97 4042 353 4121 (repraesentatio)
375 4047 414 4103 eit
435 4045 545 4121 figurae
569 4048 668 4122 (faciei
691 4041 892 4126 humanae)⁶).
922 4044 1031 4126 (Atque
1055 4047 1129 4105 haec
1152 4046 1266 4115 eadem)
1289 4048 1377 4105 etiam
1401 4044 1456 4102 ad·

99 4148 201 4189 sersus
226 4129 400 4189 Clearcbum
425 4143 563 4206 restrum,
588 4150 605 4192 ο
630 4134 818 4207 Aristoteles,
842 4151 900 4193 non
924 4138 1020 4210 inepte
1045 4134 1218 4193 videbantur
1241 4133 1306 4192 dici.
1353 4132 1458 4192 Vester

99 4222 179 4277 enim
206 4215 256 4274 ille
279 4219 399 4292 vireat,
424 4219 601 4295 Aristotelis,
625 4223 738 4298 antiqui
762 4221 848 4297 illine,
873 4222 1023 4281 ianriliaris
1045 4223 1150 4295 iactus,
1177 4223 1230 4281 etei
1253 4220 1345 4280 multa
1369 4222 1457 4280 etiam

98 4306 356 4383 peripateticorum
380 4309 494 4367 evertit.

204 4391 436 4467 Apollonide
473 4411 541 4455 vcro
578 4395 656 4456 huuc
693 4413 856 4456 sermonem
891 4399 1054 4473 excipiente
1084 4405 1113 4456 et
1144 4415 1289 4473 quaenam
1323 4395 1458 4456 Clearchl

100 4480 205 4538 luisset
229 4482 330 4555 opinio
354 4492 484 4557 rogante,
509 4500 604 4553 nemo,
627 4486 746 4560 inquam
761 4479 835 4559 Ego,
859 4488 988 4543 omnium
1011 4495 1071 4557 est,
1096 4502 1182 4560 quem
1205 4487 1300 4543 missus
1324 4488 1457 4561 ignorare

98 4568 203 4627 deceat
226 4578 316 4642 etque
339 4577 368 4627 te
391 4572 531 4629 rationem
562 4570 644 4630 relnt
666 4589 682 4630 e
705 4573 859 4648 penatibus
881 4576 1058 4647 geometriae
1083 4572 1250 4648 proiectum.
1280 4573 1361 4631 Dicit
1380 4574 1457 4630 enim

100 4658 141 4711 sir
163 4653 225 4723 iile,
250 4655 279 4711 id
303 4655 382 4729 qnod
405 4657 508 4716 iaciem
531 4658 714 4734 appellamus
731 4660 840 4730 Lunae,
863 4659 1019 4719 simulacra
1040 4677 1105 4718 esee
1127 4660 1291 4736 specularia
1307 4670 1336 4720 et
1352 4661 1457 4733 imagi-

100 4758 149 4802 nee
171 4743 275 4817 magui
291 4745 388 4803 maris.
424 4743 499 4803 Num
523 4752 553 4805 et
575 4746 673 4806 radius
696 4742 873 4825 risorius7),
897 4751 1021 4808 renierus
1044 4766 1062 4806 a
1083 4747 1181 4807 multis
1204 4747 1291 4822 locis,
1315 4749 1457 4825 attingere
