3322 5534
151 374 217 445 590
462 376 641 435 Summum
659 376 797 435 llistmise
816 378 1008 439 senonensia
1023 380 1120 442 meato
1136 382 1212 445 xil.

151 550 254 609 tabulis
271 551 342 621 suis,
360 550 385 607 ai
401 550 490 607 solum
508 552 543 609 ad
561 552 704 623 copomici
721 556 853 613 ratium
871 557 974 615 relatae
991 565 1097 627 essent,
1119 558 1230 616 nonnisi
1246 572 1352 633 macas
1367 560 1404 619 uti
1418 574 1476 631 past

152 640 328 710 intelligebat

255 728 292 783 Ut
310 727 410 783 habeat
427 728 524 795 lector,
542 746 595 801 qao
614 732 744 789 rationem
762 733 929 803 procedendi
946 734 1094 791 Reinholdi
1112 736 1253 807 dijudicat¹
1271 736 1343 795 haee
1358 752 1391 793 ex
1407 750 1475 807 ,mae

152 816 265 886 captiae.
282 830 353 883 quae
371 822 436 871 sunt
453 832 564 873 numero
582 820 616 875 73
628 820 734 888 parma
747 822 799 879 tat
817 822 854 892 (in
872 820 991 879 editione
1004 823 1172 894 'l'nbingensi
1189 824 1255 881 anni
1274 824 1353 893 1562)
1368 828 1474 889 waiteis

151 902 340 959 deaumsimua.

255 992 301 1048 Dc
318 994 463 1063 aequanda
481 1000 601 1065 tempore
619 997 652 1053 ob
668 997 894 1068 inaequalitatem
905 999 1013 1055 (limam
1023 1002 1205 1058 naturalium.
1233 1001 1314 1057 Duae
1325 1008 1473 1069 amamus

150 1096 234 1153 quare
253 1082 421 1153 propositum
440 1082 550 1150 aliquod
568 1091 674 1154 tempus
693 1086 803 1154 aequari
825 1085 960 1143 interdum
985 1095 1124 1156 oporteat:
1151 1087 1238 1143 altera
1261 1096 1307 1143 est
1328 1088 1473 1159 inaequalitas

150 1170 255 1225 alierum
274 1170 445 1238 naturalium,
465 1171 552 1225 ultera
569 1172 776 1228 meridianorum
795 1175 920 1232 varietas.
956 1177 1093 1244 Perpetua
1110 1182 1139 1231 et
1156 1176 1321 1232 universalia
1338 1178 1473 1247 experientia

149 1266 280 1323 mansur,
298 1271 352 1313 non
370 1258 457 1313 solum
475 1260 546 1327 quod
565 1260 697 1316 coelestes
716 1267 805 1318 motus
823 1262 966 1319 rideantur
988 1264 1068 1319 nobis
1088 1264 1233 1321 dissimiles
1257 1272 1287 1320 et
1304 1263 1472 1335 inaeqmbrtr

150 1344 328 1417 unoquolibet
349 1344 475 1415 planeta,
502 1347 724 1415 quemadmodum
742 1348 789 1403 Sol
807 1350 936 1420 aequales
959 1349 1063 1406 zodiaci
1087 1351 1273 1408 semicirculos
1296 1352 1368 1408 haud
1385 1348 1471 1421 aeqmli·

152 1435 204 1490 baa
221 1445 373 1503 temporum
392 1434 489 1503 spatiis
507 1441 641 1503 permeat,
661 1452 751 1491 rerum
770 1436 852 1492 etiam
869 1437 942 1508 quod
960 1437 1041 1492 iidem
1058 1453 1089 1492 re
1107 1455 1172 1495 sera
1189 1439 1246 1495 sint
1265 1448 1427 1503 constantes,
1438 1436 1472 1491 ai

150 1530 179 1577 et
196 1521 369 1593 aequabiles,
394 1520 457 1591 quia
474 1522 645 1578 manifestam
664 1531 719 1595 est,
742 1526 870 1593 periodos
888 1541 937 1581 seu
956 1526 1077 1596 integras
1096 1528 1229 1598 cujusque
1247 1528 1376 1596 planetae
1392 1538 1473 1581 ooarar

152 1610 243 1665 aiones
262 1609 485 1677 aequabilitatem
504 1611 638 1679 quandam
655 1613 728 1667 inter
746 1628 776 1667 se
794 1628 964 1680 conservare,
984 1624 1015 1667 ut
1026 1614 1073 1669 Sol
1092 1629 1199 1683 semper
1217 1630 1318 1685 mano,
1337 1614 1411 1669 Laus
1422 1626 1472 1667 aaa·

150 1706 226 1754 struo
245 1699 333 1768 spatio
352 1699 485 1767 percurrit
503 1700 616 1755 eundem
633 1701 803 1771 signiferum,
828 1702 880 1758 etsi
897 1710 989 1758 tamen
1006 1702 1034 1755 in
1053 1717 1108 1756 una
1130 1708 1208 1769 parte
1225 1700 1301 1755 orbis
1325 1700 1422 1755 interea
1434 1696 1472 1751 tia

149 1788 204 1842 tina
222 1795 403 1843 commoratur
420 1802 501 1857 quam
519 1788 546 1841 in
564 1788 629 1856 alia,
654 1788 880 1857 quemadmodum
903 1788 931 1842 in
950 1787 1090 1843 elementis
1114 1795 1143 1843 et
1160 1788 1361 1859 hypothesibus
1382 1792 1471 1841 naam

149 1874 218 1931 haec
237 1876 421 1930 controversia
439 1874 473 1929 de
492 1874 602 1931 dissidio
620 1876 742 1945 aequalis
760 1884 789 1931 et
805 1877 963 1946 apparentia
980 1884 1072 1931 motas
1095 1875 1206 1946 copiose
1228 1875 1389 1945 explicatur.
1418 1871 1473 1925 flac

150 1962 187 2017 oh
206 1977 316 2017 causam
335 1963 483 2017 astronomi
501 1963 529 2016 in
547 1970 666 2018 motuum
685 1963 843 2019 coelestium
860 1964 1036 2033 inquisitione
1053 1965 1169 2033 primurn
1187 1963 1293 2019 medios
1311 1978 1360 2019 aen
1376 1956 1477 2031 aequale

149 2056 238 2103 motus
256 2058 423 2119 proponunt,
447 2057 512 2118 apte
530 2058 558 2105 et
581 2052 712 2106 concinne
731 2050 891 2107 distributos
908 2052 936 2106 in
955 2050 1044 2119 spatia
1067 2049 1192 2118 aequalia
1215 2059 1383 2121 temporam,
1402 2044 1478 2103 amb

148 2150 213 2192 aero
231 2136 342 2205 docent,
367 2146 499 2205 quantum
520 2138 573 2194 illis
597 2137 756 2209 aequalibus
774 2139 892 2193 motibus
916 2138 984 2192 alias
1003 2138 1156 2194 addendum
1175 2139 1224 2203 sit,
1247 2138 1317 2193 alias
1334 2132 1480 2197 densatae.

150 2231 181 2280 at
197 2226 302 2294 absque
320 2224 414 2279 labore
432 2226 637 2295 observationis,
655 2242 735 2297 quern
752 2226 843 2282 locum
860 2232 1059 2281 veronensem
1071 2226 1152 2281 stella
1170 2226 1223 2282 hoc
1242 2230 1291 2281 snt
1307 2224 1355 2280 illo
1372 2232 1483 2293 tamma.

149 2328 283 2369 maenum
301 2314 435 2368 duntaxat
454 2321 481 2367 et
499 2329 669 2369 numerorum
687 2312 818 2368 beneflcio
836 2321 1025 2381 cognoscatur.
1056 2315 1099 2369 hd
1118 2315 1190 2368 hunc
1207 2315 1281 2369 enim
1298 2312 1483 2385 protensius·

148 2402 348 2457 uhouomicaa
367 2401 488 2458 calculus
507 2402 637 2471 dirigitur.
658 2432 692 2441 -
709 2402 788 2457 Neruo
806 2409 836 2455 ut
854 2401 1007 2458 institutum
1027 2418 1154 2471 agamus,
1174 2402 1245 2458 sciat
1261 2402 1356 2473 lector,
1373 2398 1485 2471 aeqadss

148 2497 238 2546 motus
263 2498 320 2545 tum
345 2490 510 2559 respondere
534 2490 694 2559 aequalibus
713 2488 893 2557 temporibus,
917 2496 973 2543 tum
991 2505 1025 2543 ex
1043 2490 1193 2544 canonibus
1217 2492 1276 2546 suia
1299 2489 1376 2545 aliter
1391 2482 1484 2555 campi

147 2596 202 2634 non
221 2596 315 2649 posse,
340 2580 392 2634 nisi
411 2579 525 2649 aequale
542 2577 624 2631 inerit
642 2583 763 2645 tempus,
781 2576 826 2629 oui
843 2590 996 2645 congruens
1018 2577 1139 2647 aequalis
1159 2584 1249 2632 motus
1272 2576 1386 2647 alionjua
1400 2573 1485 2631 atelloe

148 2668 321 2739 quaerendus
339 2674 389 2721 eat.
426 2668 598 2735 Quapropter
621 2663 768 2719 astronomi
791 2670 850 2718 tum
867 2664 986 2734 reliquas
1005 2666 1134 2733 temporis
1152 2666 1260 2733 species
1278 2666 1401 2736 aequdea
1418 2676 1484 2718 asta·

148 2764 226 2811 munt
250 2756 277 2809 in
303 2754 506 2823 computatione
532 2760 667 2813 motuum,
694 2758 752 2805 tum
780 2766 843 2804 vero
868 2752 984 2807 maxime
1009 2752 1081 2821 dies,
1110 2752 1192 2821 vulgo
1214 2752 1367 2816 naturales.
1390 2746 1484 2807 aar&

147 2852 327 2915 ονχθημεροινς
349 2842 515 2913 appellatos,
541 2840 587 2910 qui
610 2847 701 2894 tamen
723 2854 753 2893 re
776 2854 840 2893 vera
864 2840 1075 2909 haudquaquam
1099 2840 1229 2909 aequales
1255 2838 1482 2911 deprehendamur,

147 2934 200 2988 atsi
217 2932 286 2987 haec
303 2929 485 2999 inaequalitas
503 2945 552 2984 seu
570 2926 721 2982 differemia
740 2942 790 2981 nec
808 2928 846 2981 ita
864 2943 961 2995 magna
980 2936 1034 2997 est,
1058 2943 1108 2983 nec
1126 2929 1218 2984 subito
1237 2930 1362 2999 sentitur,
1378 2926 1423 2983 nid
1435 2924 1482 2979 ral-

147 3020 211 3075 latis
229 3020 336 3075 duobus
355 3021 426 3074 inter
444 3034 475 3073 aa
493 3015 588 3073 diebus
605 3032 660 3071 non
677 3013 817 3083 proximis,
837 3012 885 3068 sed
903 3014 970 3069 satis
989 3014 1070 3081 longo
1089 3018 1203 3072 invicem
1222 3016 1363 3072 intervallo
1380 3010 1481 3071 mart-

147 3106 209 3165 bua.
245 3108 323 3161 Diem
342 3106 412 3161 enim
432 3104 582 3161 naturalem
601 3104 741 3173 aequalem
761 3114 789 3159 et
806 3114 899 3175 aptum
912 3107 1086 3161 numerandis
1099 3106 1219 3161 metibus
1237 3103 1370 3159 definiunt
1384 3100 1480 3173 spatia!

148 3196 291 3263 temporis,
316 3211 369 3264 quo
395 3194 425 3249 lit
442 3194 548 3261 integra
566 3192 633 3247 coeli
652 3189 695 3247 rel
713 3193 919 3263 aequinoctialis
937 3192 1031 3247 circuli
1049 3193 1191 3247 conversio
1210 3207 1244 3247 ac
1263 3202 1401 3261 praeterea
1414 3186 1481 3259 qaid·

148 3284 234 3343 cariae.
257 3283 380 3352 aequalia
398 3284 436 3350 ei,
463 3297 542 3353 quam
562 3278 607 3333 Sol
632 3280 660 3331 in
685 3278 795 3334 zodiaco
814 3280 937 3335 emedio
956 3280 1128 3351 aequinoctio
1146 3277 1300 3351 aequaliter
1321 3280 1417 3335 interea
1430 3288 1477 3329 aaa·

148 3370 222 3425 lecit.
259 3371 294 3423 lit
317 3386 397 3425 rarus
420 3370 476 3423 sire
502 3382 636 3437 apparens
654 3366 713 3421 dies
735 3366 866 3421 naturalis
885 3365 1008 3421 similiter
1031 3369 1150 3437 spatium
1172 3366 1305 3437 temporis
1322 3376 1375 3437 est,
1397 3358 1478 3434 quta

148 3458 255 3525 integra
272 3456 477 3527 aequinoctialia
500 3456 639 3510 cosrrerslo
657 3472 689 3510 uc
705 3464 848 3523 praeterea
870 3455 1020 3525 particulae
1038 3454 1162 3524 ejusdem
1187 3454 1401 3525 aequinoctialis.
1423 3460 1476 3519 qut·

149 3559 212 3599 veru
231 3544 315 3597 motui
334 3542 406 3597 Solia
424 3544 451 3596 in
469 3542 580 3597 zodiaco
598 3545 632 3599 ab
651 3543 792 3612 aqqrureuti
811 3542 982 3612 aequinoctio
1006 3544 1162 3612 respondet
1199 3544 1267 3597 Cum
1291 3550 1380 3598 autem
1395 3538 1419 3591 in
1433 3542 1476 3589 toll

149 3631 253 3685 ambitu
271 3629 478 3701 aequinoctialis
496 3637 620 3698 tempora
637 3639 812 3685 numerentur
830 3630 890 3699 360,
909 3638 999 3685 motus
1018 3639 1110 3686 autem
1128 3628 1202 3685 Solis
1221 3630 1335 3684 diurnus
1352 3622 1476 3695 aequalius

150 3718 238 3773 medio
257 3718 430 3787 aequinoctio
449 3719 485 3772 sit
503 3720 545 3773 ὅθ’
563 3720 599 3773 8¹¹
617 3720 687 3789 20⁰¹,
705 3718 879 3773 manifestum
897 3724 946 3781 est,
964 3717 1036 3772 diem
1054 3718 1208 3773 naturalem
1226 3734 1276 3773 seu
1295 3712 1476 3773 mammetem

149 3806 291 3875 aequalem
310 3814 442 3873 perpetuo
455 3814 581 3861 rrrrrstare
599 3806 767 3875 temporibus
779 3806 839 3860 360.
860 3805 902 3858 aab
913 3806 948 3859 8¹¹
961 3806 1030 3871 20¹⁴,
1048 3805 1097 3859 sed
1115 3820 1197 3859 verus
1216 3804 1276 3859 dies
1288 3802 1412 3861 naturalis
1425 3798 1476 3853 sliat

149 3901 261 3963 superat
279 3894 352 3948 heinr
370 3894 495 3963 medium,
514 3894 582 3949 alius
600 3895 687 3948 minor
704 3901 755 3959 eat,
775 3900 887 3961 propter
903 3891 972 3945 duas
990 3908 1101 3947 causus:
1121 3894 1221 3962 partim
1240 3892 1316 3963 qnod
1333 3884 1474 3947 motmselt

148 3998 229 4035 verres
248 3996 410 4051 quamquam
429 3998 539 4050 parum,
563 3991 654 4035 mmen
678 3981 704 4034 in
722 3978 846 4048 singrrlos
864 3977 922 4033 dies
940 3980 1075 4047 variatur,
1097 3980 1140 4034 bis
1164 3988 1274 4037 tantum
1298 3982 1326 4035 in
1348 3994 1410 4035 anuo
1428 3982 1472 4029 aa!

149 4069 257 4139 aequali
275 4076 349 4123 mutu
368 4084 527 4135 congruens,
547 4068 644 4136 partim
662 4068 736 4135 quod
755 4068 901 4135 segmentis
923 4068 1027 4122 zodiaci
1050 4068 1133 4123 etiam
1155 4070 1321 4140 aequalibus
1343 4084 1392 4123 aaa
1405 4072 1469 4119 tam

149 4156 273 4227 aequalia
289 4157 455 4224 respondent
474 4156 679 4226 aequinoctialis
698 4153 790 4208 cim-uli
809 4163 948 4222 segmenta
966 4155 992 4209 in
1011 4156 1105 4211 muudi
1124 4156 1313 4212 conversione.
1340 4156 1413 4209 Pam
1426 4158 1467 4203 tl!

149 4246 337 4299 ascensionum
357 4244 426 4297 ratio
444 4243 471 4297 in
490 4244 630 4297 lrorizaute
648 4240 833 4309 multiplieiter
854 4242 940 4297 sumet
963 4260 1013 4311 pro
1032 4245 1166 4313 sphaerae
1184 4244 1359 4315 obliquitate,
1377 4230 1466 4297 hard

150 4330 230 4385 diano
253 4340 343 4386 autem
368 4330 402 4385 alt
427 4328 520 4383 eadem
544 4328 644 4398 ubique
667 4328 787 4382 laromam
811 4331 931 4397 quaein
955 4330 1073 4398 sphaera
1097 4340 1188 4397 rectu,
1215 4331 1321 4401 placuit
1341 4318 1465 4387 aumlll'fl

151 4419 255 4474 initium
274 4420 328 4473 diei
346 4434 453 4473 atemere
472 4434 489 4473 a
506 4416 654 4471 meridiano
677 4416 769 4483 potius
792 4430 874 4483 quam
892 4416 926 4470 ab
945 4418 1098 4483 horizonte,
1124 4427 1156 4473 ut
1173 4420 1303 4476 omnihus
1320 4420 1346 4472 in
1362 4412 1416 4471 lctis
1428 4416 1464 4461 ΙΙ*

150 4506 298 4575 eodemque
317 4508 396 4561 ruodo
414 4521 549 4575 apqrareus
568 4515 675 4573 tempas
694 4504 925 4574 inaequalitatem
943 4513 1166 4563 commutaretur.
1199 4510 1326 4565 Ceterum
1342 4506 1386 4561 te
1399 4500 1464 4555 mm

150 4600 241 4647 aetate
260 4592 376 4647 masalma
394 4592 548 4647 ‹lillerentia
566 4592 636 4647 iuter
652 4591 782 4658 aequales
799 4596 828 4644 et
844 4599 1008 4659 apparentes
1031 4592 1091 4647 dies
1113 4600 1257 4651 manaem
1278 4604 1322 4651 ost
1337 4594 1362 4649 in
1375 4590 1463 4655 W

150 4682 166 4733 i
185 4696 245 4734 rum
265 4682 281 4735 3
299 4680 400 4746 quintis
419 4681 506 4741 emina.
524 4694 594 4748 quae
610 4694 677 4734 sane
694 4678 839 4749 aliquando
858 4695 941 4747 supra
962 4682 994 4735 10
1011 4688 1136 4749 tempora
1153 4697 1217 4737 aeae
1234 4690 1327 4753 potest
1346 4672 1463 4735 „maes

150 4766 212 4819 lam
229 4783 263 4821 ex
282 4768 325 4821 his
344 4768 468 4821 omnibus
486 4768 617 4834 seqnitur,
636 4783 696 4821 cuna
715 4766 750 4819 ad
768 4766 962 4835 praescriptam
980 4764 1098 4837 aliquam
1119 4769 1177 4823 reri
1195 4770 1249 4825 diei
1266 4764 1463 4825 mentulas·

151 4852 292 4909 stellarum
308 4853 337 4909 in
354 4853 431 4909 coelo
449 4852 511 4909 loca
527 4852 715 4923 investiganda
732 4862 804 4923 sunt,
822 4868 877 4907 non
894 4852 1053 4923 simpliciter
1070 4856 1204 4913 utendum
1217 4872 1280 4915 essa
1296 4854 1342 4913 illa
1356 4852 1420 4915 hilis
1431 4832 1464 4899 ἦ
