3308 5534
582 374 660 437 ttae.
1228 374 1294 448 713

124 557 189 613 drot
208 558 236 610 et
254 553 453 625 comprimeret,
472 569 526 622 quo
544 552 628 608 animi
646 557 675 610 et
686 550 759 622 genii
771 551 856 609 rostri
872 550 981 611 nentur
998 552 1103 611 coirent
1114 552 1296 624 praeclarum·

124 660 163 715 us,
180 660 235 714 quo
253 642 328 697 baud
346 641 430 697 dubie
441 641 556 710 Europa
567 645 662 697 nostra
679 640 867 712 praestantius
883 640 952 697 vidit
963 640 1079 709 nullum,
1097 649 1188 699 restro
1205 640 1297 698 studio

124 738 150 785 ta
167 729 204 785 ad
221 728 376 785 umbilicum
395 729 509 796 perduci
527 730 624 799 possit.
659 729 756 797 Video,
775 729 933 800 Tyehouem
950 735 978 785 te
991 728 1172 799 magnifacere
1190 736 1219 785 et
1236 729 1295 800 qui·

124 860 126 885 .
144 833 196 875 nee
215 818 287 873 enim
304 816 387 872 credo
406 833 468 873 eum
486 816 601 872 ulterius
619 830 672 887 ope
690 816 839 874 etauxilio
858 831 891 872 ea
907 821 1016 881 tentare
1033 832 1130 887 posse,
1157 831 1230 886 quae
1245 831 1298 887 per

144 904 345 962 Animadvertit
367 904 396 959 in
414 912 443 959 te
461 904 599 975 singulare
616 910 644 959 et
666 920 730 961 rere
747 903 867 960 divinum
883 904 987 973 ingenii
1003 919 1132 974 acumen,
1157 920 1212 973 quo
1229 918 1297 974 prae

124 1008 147 1049 rs
164 1007 195 1049 es
212 992 265 1048 Dei
282 991 411 1062 mysteria
429 989 464 1046 de
483 991 612 1062 operibus
637 992 695 1049 suis
713 999 742 1046 et
758 995 858 1049 natura
880 1007 971 1049 rorum
993 1008 1128 1063 promere.
1162 992 1204 1049 Do
1223 998 1252 1048 te
1268 996 1298 1047 et

124 1094 169 1133 um
181 1077 325 1159 sollicitus.
354 1076 507 1134 Discedens
519 1080 646 1135 revocavi
663 1078 698 1135 ad
711 1078 831 1135 animum
848 1079 1021 1149 propositum
1036 1087 1121 1151 tuum,
1140 1079 1169 1135 in
1180 1078 1297 1149 patriam

124 1180 143 1231 ,e
166 1165 314 1236 migrandi,
338 1173 367 1220 et
385 1165 577 1236 animadverti,
600 1172 628 1222 te
646 1182 701 1222 uon
719 1166 777 1223 siue
796 1165 1004 1225 difficultatibus
1023 1174 1050 1224 ot
1068 1167 1224 1238 periculosa
1240 1181 1298 1222 mu·

124 1252 279 1311 rfectmum.
313 1254 435 1310 Maxime
452 1253 556 1310 itineris
581 1271 647 1325 pars
670 1269 720 1324 per
742 1254 960 1311 adversariorum
984 1253 1103 1312 ditiorem
1119 1252 1291 1312 conficienda

124 1350 209 1399 testae
226 1357 321 1399 omues
340 1342 468 1399 dicuntur
484 1342 513 1397 in
531 1342 559 1397 id
577 1342 765 1412 conspirasse,
789 1348 819 1399 ut
840 1348 1016 1399 transeuntes
1039 1340 1136 1398 exules
1153 1357 1188 1398 ex
1207 1341 1299 1412 Styriu

124 1436 158 1486 ut
183 1435 211 1484 et
233 1428 389 1487 carceribus
410 1430 574 1500 mancipent
611 1430 718 1486 Deinde
734 1446 806 1486 uxor
823 1437 872 1487 tua
891 1430 1033 1487 itineribus
1055 1429 1188 1487 bmendis
1206 1431 1297 1488 minue

133 1524 162 1573 et
179 1517 215 1575 ad
232 1516 320 1573 loram
339 1533 475 1588 quemque
492 1517 606 1588 periculi
623 1534 760 1575 rumorem
776 1519 806 1574 in
823 1517 1055 1589 perturbationem
1079 1524 1109 1573 et
1124 1517 1298 1575 animi-moe-

124 1620 189 1661 num
208 1604 356 1673 incideret,
379 1607 541 1674 praesertim
563 1621 625 1661 cum
643 1605 702 1675 jam
724 1613 789 1664 ente
813 1605 848 1663 ob
871 1605 945 1664 ntiae
967 1605 1153 1663 detentionem
1173 1607 1241 1663 setis
1257 1605 1297 1662 af·

124 1764 224 1835 rest‘in
241 1777 380 1836 codicibus
392 1779 594 1837 Viennensibus
611 1780 807 1853 fragmentum,
826 1799 881 1853 quo
898 1783 1035 1854 lieplerus
1053 1782 1153 1854 partim
1170 1778 1301 1838 versibus

124 1868 185 1925 ione
201 1868 293 1924 solute
311 1870 475 1926 seutentiam
493 1886 579 1940 suam,
599 1885 680 1940 quam
691 1870 917 1940 Zebentmajerus
928 1886 1014 1942 supra
1025 1870 1128 1940 laudat,
1146 1869 1296 1927 desuerit

124 1956 202 2015 utere.
238 1956 289 2011 nis
306 1955 404 2026 incipit
420 1958 476 2014 hoc
492 1957 689 2028 fragmentum:

195 2048 268 2109 Esse
290 2057 380 2124 negat
403 2049 512 2111 christi
533 2069 651 2112 carnem
674 2049 818 2112 Daluiubs
840 2051 960 2129 ubique,

256 2135 296 2196 Et
317 2154 437 2197 causam
460 2141 547 2199 vetiti
568 2141 695 2199 nominis
717 2139 792 2200 edit:
815 2137 914 2199 Homo
938 2145 991 2200 est

195 2221 228 2285 Si
250 2223 324 2283 nihil
347 2232 392 2284 est
413 2228 471 2285 uisi
492 2227 591 2302 bomo,
614 2229 723 2306 spaciis
744 2226 862 2287 include
884 2226 1026 2302 locorum,

254 2310 313 2372 Sed
336 2313 423 2372 simul
445 2314 588 2375 infernum
611 2332 671 2376 uon
692 2322 846 2391 reparatus
868 2314 928 2377 adl.

198 2399 249 2459 Est
271 2415 375 2473 earo,
400 2401 533 2462 diviua
554 2402 608 2464 sed
630 2410 659 2464 te
682 2404 790 2463 virtute
812 2400 951 2480 redemlt3

257 2485 324 2548 Hoc
346 2487 390 2547 illi
412 2496 566 2567 praestans
587 2488 675 2565 Unio,
698 2489 799 2565 Dosse,
821 2489 912 2553 uadit

198 2574 253 2635 list
274 2573 357 2636 locus
380 2577 409 2634 in
434 2577 525 2637 coelis
549 2578 647 2653 Carni,
670 2576 723 2638 sed
744 2586 834 2638 nutus
856 2578 985 2655 ubique;
1031 2593 1034 2599 ·

256 2660 323 2722 Hoc
344 2662 388 2722 illi
410 2671 564 2740 praestans
587 2663 673 2738 Unio,
696 2664 796 2740 Sosus,
820 2664 910 2728 dedit.

196 2746 292 2809 Morte
315 2768 390 2829 opus
413 2752 551 2828 estillic,
573 2760 690 2814 constat
713 2755 880 2829 praesentia
901 2751 1016 2829 Regno.

258 2837 351 2914 Elige,
376 2845 472 2898 utrum
494 2839 599 2914 levius,
624 2858 662 2902 au
685 2858 786 2917 regere
808 2857 885 2902 anne
907 2837 1005 2900 mori‘l

195 2921 292 2985 Morte
315 2925 413 2986 Deum
435 2927 533 2988 media
554 2930 633 3006 cepit
655 2927 730 2989 caro
753 2938 883 2991 mortua:
906 2931 1012 2989 virens
1062 2939 1065 2943 ·

257 3013 343 3074 Anne
365 3013 424 3075 Dei
445 3015 484 3074 ad
505 3033 628 3094 regnum
649 3032 708 3076 nou
731 3023 822 3093 queat
844 3032 910 3078 esse
931 3013 1051 3094 capax?

198 3168 238 3229 At
261 3169 309 3229 vel
332 3169 509 3248 multiplicat
532 3172 632 3250 (dicis)
654 3175 823 3252 praeseutia
845 3172 994 3235 Christum

257 3256 436 3318 immensum
459 3260 506 3321 vel
530 3278 597 3321 euru
620 3279 726 3339 corpus
747 3261 857 3322 babere
880 3260 972 3322 faciti
1033 3278 1037 3284 ·

198 3342 331 3420 falleris,
355 3354 385 3405 et
406 3355 538 3426 sumptas
560 3349 689 3409 humano
712 3367 731 3409 a
753 3365 874 3428 corpore
894 3349 977 3427 leges

257 3432 367 3494 Niteris
390 3437 486 3494 autori
509 3436 665 3497 conciliare
688 3435 765 3498 Deo.

175 3517 241 3597 Quo
266 3529 345 3581 caret
367 3523 433 3600 ipsa
455 3523 547 3598 Deus,
571 3540 630 3582 uon
653 3523 711 3585 boc
732 3522 815 3585 dedit
835 3519 915 3585 Unio
937 3521 1045 3583 Carni:

257 3606 344 3684 Quod
367 3615 457 3685 tenet,
479 3609 536 3671 boc
558 3611 663 3671 fruitur
685 3612 856 3674 consociata
878 3609 964 3671 cmo.

197 3694 330 3756 Cernitur
352 3698 382 3756 in
406 3701 517 3758 cunctis
539 3696 677 3760 Jelrorae
699 3700 866 3778 praeeuntia
887 3697 991 3775 rebusr

256 3784 337 3844 Dum
360 3783 451 3858 videt,
475 3785 601 3863 adjutat,
624 3786 733 3863 dirigit,
756 3794 845 3861 arcet,
868 3792 959 3847 amet.
1027 3832 1030 3838 Δ

197 3870 315 3932 Effectis
338 3889 397 3933 nou
421 3872 501 3933 clara
522 3875 620 3933 minus
643 3878 810 3953 praesentia
831 3875 936 3948 carme,

257 3959 328 4037 Ipsa
350 3978 469 4037 quoque
492 3959 618 4037 adjurat,
642 3962 750 4039 dirigit,
774 3969 865 4036 arcet,
887 3966 976 4021 amat.

196 4044 303 4124 Indiga
324 4048 376 4108 sed
399 4047 535 4109 Jehovae
558 4066 617 4109 uon
639 4051 682 4111 sie
704 4050 817 4111 Natura
838 4048 970 4111 locorum
994 4054 1048 4124 est,

257 4135 427 4195 Exstructos
451 4143 483 4195 ut
506 4153 565 4196 non
588 4138 695 4197 vixerit
716 4145 785 4199 ante
806 4136 898 4210 locos,

198 4219 296 4299 thue
318 4223 392 4284 locis
415 4241 554 4302 praesens
576 4224 663 4284 factis
685 4242 763 4286 nunc
786 4225 922 4286 omuibus
945 4225 1040 4288 adsit:

258 4309 326 4371 Non
348 4318 454 4371 natura
476 4312 535 4370 Dei
556 4310 608 4371 sed
629 4312 714 4372 locus
735 4315 799 4391 ipse
822 4314 904 4392 petit.

197 4397 264 4458 Non
287 4397 380 4476 replet
403 4414 472 4474 ergo
494 4398 577 4460 locos
600 4398 709 4459 Christi
730 4416 799 4462 caro
822 4408 925 4462 uncta
946 4409 1077 4465 mestos:

257 4485 366 4545 Fusilis
389 4485 548 4547 exhaustos
571 4494 603 4547 ut
624 4487 719 4566 replet
739 4488 820 4549 unda
841 4487 942 4552 cados.

197 4572 325 4635 Naturae
349 4575 373 4632 si
398 4576 524 4651 quaeris,
547 4574 648 4635 abest:
672 4593 763 4654 opera
785 4577 894 4656 aspice,
917 4579 1028 4657 ubique
1051 4586 1112 4641 ost:

258 4660 307 4720 Sic
331 4661 403 4737 vigil
425 4663 455 4719 in
476 4662 567 4722 sacris
591 4660 722 4725 erudiere
744 4663 839 4726 libris.

198 4746 225 4809 0
248 4765 333 4808 curas
355 4748 515 4823 hominum,
539 4767 557 4808 ο
581 4757 722 4827 quantum
745 4757 792 4815 est
812 4752 843 4811 in
863 4752 953 4814 rebus
974 4753 1072 4832 mane,

259 4835 327 4897 Non
351 4835 437 4899 aliter
459 4852 599 4917 praeseus
621 4839 648 4901 si
669 4840 709 4901 sit
730 4838 877 4921 ubique
898 4838 1019 4906 Deus.
