3308 5534
772 398 848 459 1600
1335 412 1339 425 ·
1416 398 1481 471 itt

228 572 389 643 Quapropter
412 577 529 627 omuibus
550 576 693 627 illustribus
714 578 904 643 praestantibus
929 582 954 627 et
983 577 1093 631 cordatis
1119 579 1177 629 viris
1201 580 1420 641 praenominatum
1444 576 1481 632 11.

128 640 266 709 liapleruur
284 645 315 694 de
333 644 436 695 meliore
455 653 515 695 nuta
533 662 608 712 qnam
627 648 897 697 commendatissimum
916 662 970 698 ease
988 648 1077 713 cupio,
1101 654 1180 714 utque
1198 652 1252 709 eius
1275 647 1404 698 landabile
1420 663 1481 715 pro·

128 717 238 767 vositum
261 722 286 764 et
305 724 409 765 conatus
429 720 540 779 egregios
564 720 589 765 in
608 718 656 766 buc
678 720 781 766 sublimi
804 723 830 766 et
853 732 870 766 a
889 717 958 779 vulgi
981 726 1055 783 captu
1081 726 1176 767 semota
1198 721 1303 767 scientia
1326 720 1432 768 ulterius
1457 724 1483 768 et

128 772 227 839 Ι11011100
245 784 384 835 excolenda
401 788 523 848 adiuvent
540 795 565 837 et
583 794 758 852 promoveant,
777 789 869 855 quibua
889 803 992 850 possum
1009 791 1128 853 precibus
1146 790 1240 838 obnixo
1257 794 1283 837 et
1296 788 1407 839 oiiiciose
1421 804 1481 849 rugo

128 862 202 921 etqua
221 858 344 907 obtestor:
362 859 520 907 iecerintsic
538 856 970 921 00000010001111110101111111011.
988 856 1288 925 litterariae,praecipne
1306 874 1364 909 vero
1382 860 1483 909 divinae

128 922 197 975 dilus
214 924 393 976 Astrouomiae
412 930 540 993 totiusque
559 928 672 977 errrditae
691 929 831 977 matheseos
849 928 958 978 alumnis
976 943 1027 977 rem
1046 929 1179 977 admodum
1192 930 1280 977 utilem
1300 936 1376 994 atque
1394 940 1483 995 accep·

128 998 279 1062 tanr,qnin
304 1002 331 1046 et
349 1010 398 1046 uon
417 996 508 1047 saltem
532 1000 581 1062 ipsi
599 996 635 1046 it.
655 998 764 1064 lieplero
790 998 959 1061 commodam,
985 998 1029 1048 aed
1054 1004 1079 1047 et
1104 1000 1165 1048 mihi
1189 1000 1221 1046 ob
1242 1000 1379 1048 coniormia
1396 997 1483 1049 studia

128 1072 201 1127 laage
226 1068 396 1131 gratissimam
421 1084 450 1116 ac
467 1083 619 1133 quocunque
641 1083 687 1132 per
708 1082 749 1117 me
766 1068 866 1117 licuerit
888 1036 972 1117 ostiolo
997 1070 1109 1118 vicissim
1130 1071 1342 1133 compensandam
1365 1074 1392 1118 et
1408 1071 1483 1119 obse·

128 1138 221 1201 quiusa
237 1144 321 1186 ments
339 1144 461 1199 perpetuo
486 1138 652 1188 recolendam.
688 1140 842 1221 inquorum
865 1140 977 1187 omnium
995 1139 1177 1190 evidentiorem
1193 1144 1220 1187 et
1236 1137 1375 1203 pleniorem
1393 1137 1484 1189 testiti-

128 1208 253 1257 ratiouem
277 1206 390 1267 sigillum
414 1223 495 1257 meum
519 1211 626 1275 apposui
652 1214 677 1257 et
698 1211 802 1273 propria
827 1222 903 1257 manu
926 1210 1073 1301 subscripsi.
1113 1210 1204 1259 Actum
1230 1210 1256 1259 ln
1282 1224 1339 1260 arce
1363 1208 1485 1259 Caesarea

128 1276 285 1327 Bannaticba
303 1278 437 1327 inchoante
455 1294 539 1328 mense
557 1279 643 1342 inuio,
662 1280 737 1329 Anno
758 1280 835 1333 rouo.

336 1348 363 1400 S.
1001 1344 1089 1412 'tyrio
1108 1349 1189 1399 Brabe
1208 1364 1283 1399 mauu
1301 1350 1413 1415 propria.

231 1430 295 1487 Etsi
317 1430 451 1500 lieplerus
473 1431 661 1485 consentiente
677 1431 809 1502 Tycbune
828 1432 951 1487 Graiium
972 1432 1092 1489 redierat
1110 1440 1139 1488 et
1163 1432 1279 1491 reditum
1300 1450 1361 1489 cum
1383 1432 1486 1489 familia

128 1520 307 1591 promiserat,
333 1519 420 1575 nihilo
445 1520 535 1574 minus
559 1518 700 1575 deradito
725 1517 881 1587 dubitabat,
907 1518 980 1588 quod
999 1534 1032 1574 ex
1052 1519 1095 1576 hia
1114 1518 1149 1575 ad
1167 1518 1392 1576 Maestlinum
1413 1519 1484 1576 datis

128 1605 215 1663 lituris
234 1608 333 1677 (Gratti
350 1612 375 1662 d.
394 1612 436 1663 10.
454 1608 525 1673 Sept.
547 1607 637 1675 1000.)
656 1612 785 1675 apparet:

233 1698 372 1759 Calendis
395 1698 478 1759 iunii
503 1699 645 1759 Benuticu
668 1699 790 1759 discessi
815 1696 952 1758 Graiium
973 1712 1091 1775 versus,
1115 1698 1266 1773 negotium
1280 1697 1387 1775 reliqui
1410 1716 1484 1776 pen·

128 1786 242 1849 dulum.
285 1785 402 1847 'Purdae
426 1792 494 1847 sunt
517 1785 718 1863 expeditiones
741 1785 865 1847 0011000.
902 1784 1070 1846 Potuissem
1091 1784 1348 1845 intercessionibus
1367 1788 1485 1863 optimis

128 1876 249 1955 adjutus
280 1878 309 1933 iu
339 1874 474 1933 Caesaris
504 1876 624 1934 servitiu
653 1874 831 1951 stipendium
862 1874 971 1946 lacere,
1004 1870 1057 1932 sed
1086 1890 1133 1933 me
1164 1874 1290 1949 vestigia
1321 1880 1486 1935 terruerunt

128 1962 285 2043 splendida
307 1962 454 2039 stipendia
476 1964 664 2035 merentium,
695 1964 745 2020 vix
772 1960 923 2020 dimidium
951 1961 1151 2037 ingeminum
1181 1958 1355 2021 diiiicuitate
1385 1958 1485 2023 estor-

128 2052 288 2131 nuentium.
334 2050 438 2126 ltaque
461 2049 632 2127 Tyehonem
657 2052 731 2109 inter
753 2059 783 2109 ct
806 2066 852 2110 sne
873 2050 917 2107 sie
939 2048 1085 2119 convenit,
1110 2055 1143 2107 ut
1165 2045 1260 2107 Gratii
1283 2046 1383 2109 literas
1407 2048 1486 2109 Cae·

128 2142 202 2201 varis
224 2144 434 2215 exspectarem,
459 2138 566 2213 quibus
591 2136 764 2209 eiiiceretnr,
788 2146 820 2195 nt
842 2142 956 2196 retento
979 2136 1087 2195 salerio
1110 2134 1244 2213 styriaeo
1267 2152 1431 2212 perunum
1455 2143 1486 2197 et

128 2226 252 2288 alterum
283 2242 394 2284 aurnum
423 2227 452 2282 in
476 2224 648 2285 Bohcmium
671 2226 843 2302 migrarem,
875 2224 982 2300 quibus
1006 2241 1072 2284 cum
1094 2222 1186 2283 literis
1208 2223 1372 2283 mitteretur
1395 2224 1485 2285 etiam

128 2316 282 2375 viaticum.
305 2346 345 2357 -

130 2412 134 2423 ·
232 2399 290 2461 Sed
314 2400 444 2459 ordinem
467 2416 575 2476 sequor
589 2407 748 2460 eventuum
769 2398 896 2476 ideoque
916 2396 1047 2473 jucunda
1069 2396 1183 2457 acerbis
1205 2397 1324 2458 misceo.
1348 2396 1486 2457 Calendis

128 2490 258 2565 Augusti
290 2486 372 2547 01110
400 2486 528 2563 amplius
550 2488 666 2547 civibus
689 2494 718 2546 et
740 2484 964 2564 provincialium
985 2486 1126 2543 ministris
1155 2487 1184 2543 in
1214 2485 1287 2544 urbe
1310 2484 1380 2559 huc,
1411 2487 1486 2546 inter

128 2576 182 2635 hos
205 2582 234 2635 ei
257 2574 340 2649 milri,
371 2582 544 2652 perpetuum
567 2583 613 2634 est
635 2573 776 2634 indictum
800 2572 919 2634 exilium
949 2576 1025 2631 intra
1048 2570 1110 2631 dies
1135 2577 1186 2632 eb.
1232 2571 1384 2632 Vilissima
1406 2572 1487 2633 iacta

128 2672 175 2724 sat
195 2662 332 2741 supellex
364 2664 473 2736 00010,
503 2664 628 2740 pecunia
650 2661 733 2721 nulla
761 2664 818 2720 nisi
841 2663 955 2720 minute
976 2656 1125 2736 Ungarica
1146 2662 1221 2720 inter
1244 2659 1377 2721 homines
1400 2678 1485 2721 exer-

128 2759 226 2825 cetur,
259 2750 442 2811 dccirneniur
471 2750 551 2810 bona
574 2753 672 2810 omnia
695 2748 859 2826 diiigenter.
903 2746 951 2807 Tu
974 2757 1071 2808 cetere
1093 2745 1172 2807 mala
1195 2748 1317 2824 conjice.
1362 2746 1485 2807 Renun-

128 2839 206 2899 ciav'i
229 2836 286 2899 hoe
308 2838 445 2915 l'ragam.
490 2837 651 2914 Rescripsit
672 2836 793 2915 Tycho,
821 2837 884 2913 jem
914 2853 961 2896 me
984 2855 1004 2894 e
1025 2852 1058 2894 se
1089 2843 1224 2894 oretenus
1251 2843 1281 2894 et
1303 2838 1486 2896 nominatum

128 2926 249 2987 Caesari
272 2934 301 2985 et
324 2926 528 3003 approbatum,
551 2926 631 2985 scias
654 2925 816 3001 exspectari
839 2924 939 2983 literas
962 2921 998 2982 de
1020 2922 1077 2982 hec
1098 2938 1146 2997 re3
1169 2928 1200 2981 at
1223 2923 1294 2999 quia
1315 2923 1487 3000 perturbata

128 3014 188 3073 1101
210 3013 334 3073 consilia
358 3022 476 3090 propter
498 3014 648 3089 exspirans
671 3012 811 3071 salarium
833 3010 1000 3089 Styriacum
1023 3011 1206 3087 (renunciant
1230 3012 1317 3086 enim,
1338 3012 1433 3070 iturus
1454 3013 1485 3071 in

128 3102 256 3179 patriam
280 3108 309 3161 et
332 3098 423 3160 alium
447 3099 596 3159 dominum
619 3100 806 3177 quaesiturus
828 3097 949 3176 libere),
980 3096 1086 3156 suadet
1107 3096 1308 3173 vehementer,
1340 3106 1373 3156 nt
1395 3101 1486 3159 missa

128 3184 359 3263 Wirtenrhergia
375 3190 402 3244 in
419 3186 591 3247 Bohemitnn
607 3205 694 3264 quam
710 3188 835 3264 primurn
851 3187 990 3246 venirem.
1018 3184 1150 3243 Incertus
1166 3184 1282 3244 haereo.
1321 3185 1371 3245 Sic
1387 3194 1485 3248 tamen

128 3274 272 3349 meditor,
304 3276 437 3335 lineium
467 3278 506 3335 ire
531 3293 595 3334 cum
618 3274 730 3334 iumiiia
752 3290 847 3350 caque
870 3274 911 3333 ibi
934 3272 1035 3333 relicta
1057 3270 1183 3348 Pragum
1206 3282 1305 3348 petere
1334 3273 1432 3349 solus,
1457 3283 1486 3335 et

128 3382 190 3441 quc
213 3364 280 3423 loco
303 3366 358 3422 010
382 3362 504 3435 iuturus,
529 3362 607 3439 quod
630 3362 783 3422 habiturus
805 3360 953 3436 salarium,
976 3377 1066 3437 quam
1088 3375 1171 3435 spem
1194 3360 1259 3436 ejus
1282 3362 1484 3437 extorquendi,

128 3453 312 3530 provisurus,
334 3457 476 3527 quantum
499 3450 600 3509 divina
622 3451 716 3527 gratia
748 3447 818 3508 mihi
841 3447 1003 3508 indulserit.
1050 3446 1089 3505 iit
1111 3448 1137 3504 si
1160 3464 1268 3525 magna
1290 3450 1349 3508 sint
1371 3451 1485 3508 iucom-

128 3540 217 3600 moda
240 3539 347 3611 10100,
370 3554 505 3598 10101000
520 3538 653 3597 Lincinm
677 3555 743 3598 cum
765 3534 878 3596 iumilia
899 3553 952 3613 per
968 3534 1136 3595 Danubium
1160 3534 1197 3593 ed
1222 3552 1275 3595 vos
1297 3536 1484 3612 contendam,

128 3628 196 3691 Deo
221 3628 313 3685 vitam
344 3634 529 3703 prorogante
575 3625 741 3685 Medicinae
765 3640 880 3683 cursum
910 3621 1098 3699 auspicabor,
1130 3621 1238 3682 dabitis
1268 3623 1337 3683 mihi
1360 3624 1484 3685 tortasse

128 3713 410 3793 prolesainncuiam,
442 3714 512 3789 quia
534 3712 698 3775 mehercule
722 3729 757 3772 ex
781 3710 904 3772 divite·
896 3728 925 3768 m
947 3728 1001 3813 spe
1022 3711 1117 3769 iectus
1139 3727 1204 3768 sum
1228 3712 1430 3787 pauperrimus
1453 3730 1485 3773 re

128 3806 202 3881 ipsas
241 3800 371 3861 Uxorem
395 3803 471 3860 0010
495 3799 564 3859 duxi
588 3819 623 3861 ex
647 3798 794 3876 locuplete
810 3797 906 3873 domo,
930 3797 1485 3874 001001111000000110111011100001

128 3892 275 3967 11011101
298 3896 360 3948 1010
382 3890 511 3964 ipsorum
534 3889 700 3948 substantia
723 3893 767 3946 est
790 3889 819 3945 iu
842 3884 1050 3959 immobilibus,
1075 3901 1152 3961 quse
1166 3891 1235 3944 sunt
1249 3880 1434 3961 vilissima','
1427 3904 1485 3947 rmo

128 3994 163 4039 na
194 3976 315 4055 quidem
346 3974 517 4035 vendibilia.
563 3975 672 4036 Omnes
703 3974 761 4033 iilis
793 3972 907 4033 inhiant
936 3975 999 4032 sine
1026 3974 1132 4049 pretio.
1177 3971 1303 4033 000100
1334 3976 1411 4033 0010
1441 3986 1485 4035 001

130 4062 247 4127 decreto
269 4064 418 4141 principis,
442 4063 568 4139 nequis
592 4081 628 4123 ea
650 4065 736 4133 bona,
760 4078 837 4138 quae
858 4078 917 4120 nou
941 4060 1105 4120 vendiderit
1127 4060 1203 4119 10110
1227 4066 1267 4120 ab
1292 4061 1372 4135 dics,
1396 4062 1484 4123 011001

129 4154 278 4229 pontificio
303 4151 400 4210 locare
423 4153 526 4227 possit.
551 4184 592 4194 —
616 4150 688 4211 Sunt
713 4150 786 4210 haec
801 4149 920 4222 quidem
934 4150 1046 4226 gravia,
1070 4153 1182 4206 01000
1205 4147 1385 4223 crediderim,
1409 4150 1484 4212 adeo

131 4240 213 4303 dulce
237 4256 304 4300 csse
328 4255 382 4315 pro
411 4238 567 4315 religione,
600 4256 652 4314 pro
676 4238 781 4299 Christi
809 4236 920 4297 honore
951 4252 1016 4296 eum
1047 4232 1231 4311 aliquantulo
1255 4244 1342 4298 coetu
1363 4237 1484 4298 irsuurn

133 4328 248 4400 damna,
273 4325 467 4387 contumelias
491 4327 561 4403 pati,
586 4325 697 4399 domos,
722 4340 825 4400 agros,
849 4326 968 4398 amieos,
992 4325 1118 4400 patriam
1141 4323 1283 4387 descrere.
1327 4324 1360 4386 Si
1382 4342 1483 4387 verum

132 4418 300 4495 martyrium
323 4421 354 4473 ct
377 4415 456 4473 vitae
476 4414 593 4491 jactura
614 4414 802 4491 proportione
826 4411 953 4488 quadam
972 4410 1140 4489 respondet,
1165 4418 1198 4470 ut
1213 4428 1273 4488 quo
1288 4413 1384 4490 majus
1400 4412 1484 4474 dam·

132 4520 197 4564 num
229 4502 288 4563 hoc
315 4502 410 4578 major
440 4500 555 4561 laetitia
583 4502 638 4561 sit:
677 4498 763 4561 iaciie
794 4509 840 4559 eat
867 4506 897 4559 et
928 4499 1002 4559 mori
1030 4516 1083 4577 pro
1111 4498 1262 4575 reiigione.
1304 4500 1370 4561 Non
1401 4518 1484 4562 cesso

133 4596 225 4653 tamen
257 4589 362 4649 luctari
386 4596 415 4648 et
437 4605 504 4648 cum
533 4589 724 4649 incommodis
754 4585 981 4664 temporalibus,
1012 4596 1046 4646 01
1073 4586 1171 4647 banuo
1197 4585 1314 4662 solvar,
1341 4588 1485 4649 11011001-

133 4680 244 4741 matur
266 4677 466 4737 11000010110
489 4692 589 4749 meae,
619 4681 792 4752 argumento
819 4691 926 4736 11000
953 4675 1137 4735 restitutione
1165 4681 1253 4751 capto
1275 4684 1310 4748 (v.
1335 4698 1356 4735 a.
1373 4699 1401 4750 p.
1420 4682 1483 4750 100)

136 4780 168 4827 se
186 4766 225 4829 sit
247 4780 285 4827 es
306 4764 379 4825 mibi
401 4762 495 4823 iraudi
518 4765 617 4841 potius
641 4781 729 4840 quem
753 4763 842 4823 bono.
885 4760 962 4823 liam
984 4765 1009 4823 si
1032 4770 1101 4823 anie
1123 4762 1273 4823 biennium
1295 4780 1354 4825 non
1376 4762 1482 4826 rediis-

137 4866 199 4930 110,
220 4850 446 4916 decimationem
480 4850 645 4931 effugissem
673 4862 704 4917 01
733 4848 827 4913 muita
847 4848 917 4913 alla
962 4850 1013 4914 Sic
1034 4856 1103 4913 sunt
1125 4846 1243 4935 exesae
1263 4848 1370 4935 diepa
1391 4858 1481 4933 1000,
