3308 5534
146 408 214 483 198
507 406 684 465 collectanea
701 422 737 465 ex
753 406 895 467 codicillus
911 402 1149 465 Pulkorleusilsus.

146 592 172 651 si
194 606 318 653 necasse
341 595 396 663 est,
420 586 599 649 demittiturr
623 604 682 665 quo
697 594 786 664 pacto
801 584 1045 665 obliquangulum
1067 586 1290 650 trauslormatur
1311 586 1342 645 in
1358 590 1378 647 2
1392 590 1512 647 metan-

146 676 218 753 gula
240 678 326 751 talla,
354 685 387 736 ut
408 692 500 735 unum
522 692 624 736 eorum
647 674 756 735 habeat
776 682 892 753 praeter
912 684 1024 736 rectum
1046 675 1187 753 angulum
1210 674 1268 735 duo
1297 676 1433 751 engilin.
1462 688 1512 735 ro·

146 766 261 843 iiquum
276 764 419 826 beneficio
435 763 523 841 hujus
537 764 724 822 nanciscatur
745 764 775 821 iu
793 764 888 840 prima
911 764 1081 839 operatione
1104 765 1194 824 etiam
1208 761 1268 824 duo
1281 764 1403 839 cognita
1423 778 1512 839 praa·

146 861 192 913 tar
212 862 333 913 rectum.
379 850 426 911 lta
448 849 565 911 duabus
587 866 640 927 pro
663 866 723 909 una
745 851 966 927 operationibus
988 852 1183 928 investigatur
1205 851 1383 929 quaesitum.

257 936 343 1001 Unde
365 941 457 998 scitur
479 938 658 1013 triangulum
687 954 754 998 esse
776 936 1020 1016 obliqunugulum
1047 938 1096 997 val
1118 936 1345 1015 reetangulumi
1381 935 1513 999 Βιιιιιι·

147 1027 220 1104 gula
243 1025 457 1104 utplurimum
480 1042 517 1085 ax
539 1026 772 1099 constructione,
799 1025 858 1087 lroc
879 1035 925 1087 est
947 1042 984 1085 ex
1006 1026 1125 1101 cognito
1147 1026 1266 1103 angulo,
1280 1032 1361 1086 recto
1384 1042 1514 1103 coguos-

150 1123 265 1178 centur.
304 1112 337 1173 Si
359 1129 431 1173 vero
454 1130 490 1173 er
514 1114 608 1172 tribus
631 1115 789 1189 incognitis
812 1112 938 1189 angulus
954 1128 1030 1171 unns
1044 1114 1092 1187 sit,
1115 1112 1153 1173 da
1175 1130 1235 1190 qno
1251 1112 1411 1185 dubitetur,
1434 1110 1513 1190 quod

147 1218 215 1263 raro
237 1202 284 1275 lit,
314 1202 396 1261 varia
419 1199 643 1261 discernendum
666 1203 721 1261 erit
749 1218 786 1261 ex
809 1201 872 1277 eius
895 1200 1034 1276 trianguli
1057 1202 1191 1277 cognitis
1236 1200 1313 1261 llam
1334 1202 1362 1260 sl
1383 1200 1513 1263 lernaei

148 1292 318 1368 oppositum
340 1288 437 1364 majus
465 1294 512 1348 est
540 1285 719 1364 quadrante,
749 1288 877 1366 angulus
900 1288 1055 1366 oppositus
1077 1290 1132 1349 erit
1156 1288 1296 1363 obtusus,
1325 1305 1383 1349 nec
1406 1290 1514 1367 poterit

147 1380 318 1457 primarium
342 1374 520 1451 triangulum
543 1374 653 1435 habere
676 1383 787 1435 rectum
810 1374 960 1452 anguium.
1000 1374 1041 1434 Αι
1063 1376 1088 1434 si
1111 1376 1169 1437 tria
1189 1374 1283 1437 latera
1304 1376 1426 1454 cognita
1448 1392 1514 1437 om·

147 1468 199 1527 nia
219 1471 290 1525 sunt
312 1463 388 1522 inira
410 1461 613 1539 quadrantem,
637 1462 817 1539 triangulum
839 1470 885 1523 est
906 1461 1126 1539 acutangulum.

257 1549 414 1627 Quomodo
444 1548 607 1625 rectanguli
634 1550 781 1627 sphaerici
804 1549 898 1612 latera
924 1548 1137 1611 nominantur?
1174 1549 1366 1613 Recentioree
1387 1548 1513 1613 diedun-

147 1640 238 1702 tionis
268 1656 360 1699 muso
389 1637 467 1697 latus
490 1640 659 1714 oppositum
686 1645 767 1699 recto
798 1637 908 1714 angulo
931 1637 1084 1715 appeliant
1114 1637 1210 1714 basin,
1236 1655 1296 1700 non
1319 1656 1392 1701 vero
1416 1638 1512 1717 latus3

148 1744 226 1804 quac
248 1742 320 1786 vero
342 1735 452 1785 rectum
475 1725 610 1796 iorrnnnt,
634 1725 805 1801 simpliciter
826 1725 921 1785 latera
944 1724 1140 1802 appellantur.

257 1812 338 1889 Quot
360 1814 449 1889 igitur
471 1814 604 1873 oriuntur
626 1812 736 1873 turmae
759 1812 957 1887 investigandi
982 1814 1132 1889 incognita
1152 1810 1339 1889 rectangull'i
1366 1810 1512 1875 Sedecim.

147 1901 223 1963 llam
245 1902 272 1962 sl
294 1901 375 1961 basis
398 1898 606 1973 investiganda
628 1906 683 1974 est,
705 1900 817 1962 formae
839 1908 908 1961 aunt
929 1908 1075 1979 qustum
1096 1902 1124 1960 sl
1144 1899 1234 1977 latua,
1255 1901 1368 1965 romae
1388 1918 1460 1981 uox,
1486 1902 1515 1965 sl

148 1987 285 2066 angulus,
307 1988 419 2047 formas
441 1985 543 2047 itidem
565 2004 628 2049 ser.

256 2075 345 2135 liaris
375 2077 452 2135 enim
483 2076 615 2150 arguitur
639 2080 668 2136 1.
684 2072 733 2135 vel
757 2091 794 2136 er
817 2080 943 2153 utroque
965 2074 1073 2148 latere,
1103 2075 1135 2135 2.
1158 2073 1207 2137 rel
1230 2074 1383 2137 exlatere
1406 2083 1438 2137 et
1459 2092 1517 2137 au·

146 2163 219 2245 gulo
241 2163 403 2243 oppositis,
434 2167 464 2225 3.
487 2160 534 2222 rel
558 2180 594 2222 er
623 2161 714 2223 latere
736 2168 767 2224 et
788 2160 898 2240 angulo
921 2179 980 2224 nou
1003 2162 1166 2241 oppositis,
1199 2168 1229 2225 l.
1253 2162 1302 2225 rel
1329 2172 1515 2243 metroque

147 2270 186 2315 an
228 2252 268 2317 lo.

186 2270 226 2331 cu
257 2338 295 2399 Et
316 2336 396 2397 latus
423 2336 556 2411 arguitur
586 2338 616 2399 t.
640 2335 689 2396 val
712 2353 748 2398 er
770 2336 838 2397 baal
867 2342 898 2399 ιι
927 2336 1019 2398 latere
1041 2334 1170 2415 reliquo,
1202 2343 1231 2399 6.
1255 2336 1304 2399 vel
1326 2356 1364 2399 ux
1392 2337 1460 2399 baal
1482 2344 1514 2401 ιι

148 2425 259 2505 angulo
282 2426 340 2485 sibl
363 2426 515 2503 opposito,
549 2429 578 2485 7.
602 2423 652 2484 vel
675 2423 799 2485 erbaci
823 2432 853 2485 ιι
875 2424 984 2501 angulo
1005 2425 1064 2485 sibl
1086 2442 1145 2483 ucn
1167 2426 1320 2504 opposito,
1352 2430 1382 2487 8.
1406 2424 1456 2487 val
1478 2442 1514 2489 sa

146 2516 238 2577 latere
259 2512 375 2591 reliquo
398 2522 429 2571 at
450 2510 560 2588 angulo
584 2512 739 2588 oppositis,
764 2518 794 2573 9.
817 2512 866 2573 rel
889 2529 925 2574 er
948 2511 1040 2573 latere
1062 2510 1176 2589 reliquo
1199 2521 1230 2574 ιι
1250 2512 1361 2591 angulo
1383 2530 1444 2575 uon
1459 2530 1515 2595 op·

147 2604 272 2683 positis,
298 2606 348 2661 10.
370 2597 419 2659 vel
442 2616 477 2659 ex
500 2608 627 2674 utroque
650 2598 772 2676 angulo.

259 2686 394 2763 lingulas
417 2702 486 2745 vero
509 2688 640 2763 arguitur
666 2694 715 2747 11.
738 2685 787 2748 vel
810 2703 846 2747 ex
870 2686 935 2746 besl
958 2692 988 2746 et
1011 2685 1103 2747 latere
1125 2687 1183 2749 sibl
1206 2690 1365 2765 opposito,
1389 2692 1442 2749 12.
1466 2686 1515 2751 rel

148 2794 186 2839 ex
207 2775 272 2836 basi
296 2784 326 2835 ιι
348 2772 440 2835 latere
456 2774 513 2833 sibi
535 2790 593 2833 non
616 2776 764 2851 opposito,
789 2776 839 2837 1³.
855 2773 903 2834 vel
919 2790 954 2835 er
971 2774 1037 2833 basi
1059 2782 1090 2835 et
1112 2774 1222 2851 angulo
1245 2776 1370 2854 reliquo,
1398 2782 1448 2837 tr.
1466 2774 1515 2839 rel

151 2882 189 2927 ar
216 2862 309 2923 latere
338 2868 368 2921 ιι
395 2860 504 2935 angulo
532 2863 692 2937 oppositis,
727 2862 778 2924 15.
801 2860 850 2923 rel
878 2878 917 2922 ax
945 2860 1038 2923 latare
1065 2869 1096 2923 ιι
1125 2862 1236 2941 ungulo
1267 2880 1327 2925 non
1358 2866 1516 2943 oppositu,

154 2958 204 3015 16.
227 2949 278 3011 vel
300 2966 337 3011 ex
360 2958 487 3025 utroque
508 2948 609 3009 latere.

258 3036 296 3096 lit
319 3035 460 3112 intellige,
483 3036 593 3113 ubique
616 3046 727 3097 rectum
749 3035 891 3113 angulum
914 3054 979 3098 essa
1002 3036 1119 3095 tertium
1142 3053 1178 3098 ex
1201 3034 1289 3097 datia.

257 3122 332 3183 Cum
353 3141 425 3184 casu
447 3132 532 3183 sexto
555 3124 634 3183 latus
657 3142 694 3184 ex
716 3124 826 3200 angulo
849 3126 987 3201 opposito
1009 3134 1039 3183 et
1062 3124 1127 3183 basi
1150 3126 1318 3201 quaeritur,
1342 3142 1423 3203 quae
1446 3134 1517 3189 tunc

147 3220 193 3275 est
214 3210 340 3287 regula?
377 3208 434 3270 llic
458 3226 544 3271 casus
567 3211 645 3271 cadit
668 3214 697 3269 iu
719 3211 886 3287 generalem
910 3213 1108 3289 oppositionis
1132 3210 1256 3272 laurum
1279 3222 1309 3273 ιι
1325 3213 1515 3291 angulorum.

87 3332 92 3349 ·
147 3298 207 3363 Sed
230 3308 276 3359 est
298 3302 328 3357 iu
350 3298 522 3374 rectangulo
545 3298 663 3359 breuior
684 3301 744 3358 via.
789 3299 866 3359 Nam
889 3298 1017 3376 angulus
1040 3309 1070 3359 ιι
1093 3300 1175 3359 basia
1197 3298 1363 3373 adduntur,
1393 3300 1516 3363 subtra-

146 3390 256 3451 lruutur
278 3388 412 3447 invicem.
451 3382 565 3462 Quodsi
588 3394 780 3463 aggregatum
803 3396 849 3447 est
871 3388 967 3446 minus
989 3385 1170 3463 quadrante,
1200 3389 1283 3447 sinus
1305 3387 1517 3465 complemeutl

148 3476 301 3553 aggregati
322 3474 451 3533 aufertur
472 3492 491 3533 a
513 3475 580 3531 sinu
604 3474 809 3551 complemeuti
832 3472 1020 3534 dilierentiae.
1058 3474 1111 3535 Sin
1131 3474 1228 3550 majus
1250 3484 1297 3534 ast
1318 3486 1517 3552 aggregatum

148 3562 326 3641 quadrante,
357 3564 439 3619 sinus
462 3560 668 3637 cornpleruenti
698 3564 852 3639 aggregari
875 3560 994 3620 additur
1016 3560 1056 3620 ad
1078 3564 1175 3620 sinum
1198 3560 1407 3639 complemeuti
1430 3560 1517 3625 dille·

147 3653 270 3711 rentiae.
313 3648 397 3709 'lunc
420 3646 573 3709 dimidium
597 3649 657 3709 illic
680 3647 807 3720 residui,
836 3648 884 3707 lric
911 3666 1043 3708 summac
1072 3657 1118 3709 est
1145 3652 1229 3711 ainus
1256 3650 1359 3713 luteris
1388 3652 1518 3713 inresti-

148 3738 249 3816 gandi.
293 3736 426 3798 clariora
448 3736 523 3799 hacc
545 3745 613 3797 sunt
635 3739 664 3796 in
686 3738 819 3815 synopsi.
850 3740 906 3807 (su
923 3740 1061 3809 sequitur.)
