3308 5534
150 394 215 465 608
454 392 637 452 Summarlunt
653 390 794 450 Historiae
809 392 1003 450 hamonomiaa
1019 391 1113 452 uculo
1130 390 1205 451 XVI.

149 587 209 628 rum
227 568 344 628 eundem
361 567 444 625 situm
461 584 580 638 semare,
599 567 647 624 sed
664 569 747 624 variis
764 568 793 625 ln
811 568 879 626 locis
897 568 989 626 rarias
1005 569 1152 626 ostendere
1170 567 1379 627 declinatioaes.
1412 566 1494 625 dadi

151 674 228 715 error
244 658 318 713 hunc
331 655 453 712 ordinem
470 657 550 725 aequi
567 654 681 723 ridetur,
701 655 775 724 quod
795 663 898 731 quanto
910 658 1089 729 propinquior
1100 659 1198 715 orienti
1215 658 1310 726 fuerit,
1327 662 1406 714 tatto
1420 656 1492 727 nat

149 760 243 801 versus
256 745 386 800 orientem
400 745 435 800 ab
447 744 508 813 ipsa
520 743 669 799 meridiana
680 741 753 797 linea
765 743 898 816 deviabit,
921 753 949 801 et
961 753 1066 816 quanto
1079 746 1249 803 occidentem
1267 760 1366 803 rmus
1381 758 1489 817 petrus·

148 833 196 898 ris,
215 848 247 888 so
259 831 345 901 magis
358 831 394 886 atl
407 830 574 886 occidentem
586 829 675 885 ferrea
688 831 781 900 cuspis
794 839 896 902 terget
928 833 1059 889 Traditur
1075 842 1219 903 practerea
1236 850 1254 890 a
1271 834 1339 891 riris
1355 832 1488 905 peremi

149 921 271 976 tionibus
287 918 449 987 insignibus,
467 918 495 972 in
507 918 666 973 Fortunatis
684 917 782 974 insulis
799 935 881 975 unam
900 935 970 987 esse,
988 936 1062 991 quae
1077 922 1196 977 Assuras
1213 920 1324 992 dicitnr,
1341 923 1371 977 in
1385 934 1438 992 gn
1449 919 1487 975 b

150 1025 210 1064 rum
229 1006 324 1077 pyxidi
341 1007 498 1076 impositum
518 1021 583 1061 rere
600 1020 685 1074 snper
702 1005 879 1063 meridianam
902 1008 1004 1064 lineam
1021 1009 1155 1078 quiescat.
1174 1039 1208 1048 -
1230 1009 1279 1075 ,ln
1299 1008 1435 1075 „maticit‘
1447 1006 1485 1078 β

152 1111 225 1150 mum
243 1093 348 1150 obtinet
365 1092 457 1149 locum
468 1109 593 1162 ιαιιιιιιιι,
611 1092 685 1161 quod
704 1092 789 1158 ,adeo
802 1103 929 1151 enatura
947 1096 1086 1166 abhorret,
1104 1103 1137 1151 nt
1154 1098 1231 1167 prius
1243 1094 1340 1152 mnndi
1357 1094 1484 1153 ιώ·-

148 1182 262 1239 dissolri
283 1181 437 1251 contingat,
460 1197 541 1250 quam
565 1180 633 1235 illud
658 1178 844 1240 admittatur“.
878 1185 921 1239 De
945 1183 1046 1239 celebri
1071 1184 1243 1241 Archimedis
1269 1180 1484 1254 probitatis&

28 1284 37 1299 ⁸
147 1272 215 1327 serit
236 1286 292 1326 non
313 1284 412 1338 magna
434 1285 496 1324 cum
518 1267 695 1338 uerecundia,
721 1269 804 1340 idque
828 1269 936 1327 solvere
959 1272 1054 1328 studet
1077 1272 1184 1327 ratione
1207 1287 1306 1342 parum
1329 1266 1483 1327 cosmidi

147 1359 244 1416 Refert
262 1357 396 1428 quaedam
420 1356 594 1412 metallorum
618 1355 752 1426 pondera,
776 1372 847 1426 quac
865 1355 994 1413 dicuntur
1011 1358 1154 1428 specifica,
1180 1357 1310 1414 deaumta
1332 1374 1368 1413 ea
1383 1353 1485 1413 Tarm

148 1463 183 1503 aa
201 1453 280 1517 parte
297 1445 386 1501 miuus
404 1449 535 1503 correcta.
557 1475 590 1485 -
609 1444 687 1513 Quae
705 1443 739 1501 de
756 1444 854 1515 opticis
873 1444 953 1500 affert
963 1444 1143 1515 problemata,
1161 1461 1218 1501 non
1229 1445 1365 1502 theorlam
1376 1448 1485 1515 specu

147 1534 198 1591 aed
214 1535 314 1604 praxin
331 1533 526 1588 tantummodo.
557 1534 692 1588 camora
709 1532 856 1590 obscura
874 1532 937 1602 (cfr.
951 1532 1005 1589 rol.
1019 1534 1055 1588 11.
1073 1550 1102 1603 p.
1120 1535 1183 1602 lto)
1200 1533 1254 1589 hac
1271 1534 1380 1590 ratioaa
1394 1531 1428 1587 ab
1439 1542 1486 1586 nr

150 1628 210 1678 tore
228 1619 405 1676 describitur:
433 1619 556 1674 Cubiculi
574 1619 700 1675 fenestris
720 1621 845 1677 omnibus
864 1620 967 1678 clausis
993 1639 1077 1677 unum
1100 1630 1208 1679 tantum
1226 1621 1350 1678 foramen
1368 1618 1439 1689 aaut
1451 1614 1488 1673 d·

148 1709 215 1766 nimi
232 1706 418 1779 magnitudine
435 1707 576 1776 aperietur
593 1714 622 1762 et
639 1723 655 1763 e
672 1709 784 1778 regione
800 1710 914 1780 parietis
932 1712 988 1768 albi
1006 1713 1049 1767 tel
1067 1731 1189 1785 papyrus
1207 1711 1251 1768 rel
1272 1712 1339 1768 alba
1361 1711 1440 1768 lintea
1452 1724 1488 1781 φ

149 1805 278 1869 ponatur.
314 1796 360 1852 Sic
377 1810 394 1850 a
411 1795 476 1865 Sole
493 1795 562 1851 foris
579 1795 717 1853 illustrata
735 1798 827 1855 omnia
845 1806 872 1855 et
886 1799 1095 1857 deambulantes
1113 1818 1164 1872 per
1180 1800 1291 1871 plateas
1308 1798 1447 1870 spectabit
1459 1796 1491 1853 ι’

150 1886 311 1956 antipodes,
337 1900 463 1953 quaeque
482 1883 581 1939 dextra
598 1886 710 1942 sinistra
727 1894 949 1958 commutataque
967 1888 1058 1945 omnia
1082 1887 1255 1944 ridebuntur.
1293 1889 1323 1944 Si
1341 1894 1430 1942 autur
1443 1900 1491 1957 σι·

149 1972 287 2030 stalliuam
305 1972 407 2028 lentem
424 1971 551 2028 foramini
568 1988 702 2045 appones,
722 1974 855 2044 jamjam
873 1977 965 2031 omnia
982 1975 1100 2031 clariora
1117 1992 1224 2031 cernes.
1249 1975 1288 2031 At
1305 1975 1383 2030 airis
1399 1972 1489 2042 nain

149 2061 242 2116 omnia
260 2067 288 2116 st
306 2060 422 2116 dariora
439 2059 541 2126 sidera,
559 2075 575 2114 e
592 2061 705 2129 regione
722 2062 866 2132 speculum
885 2065 1024 2134 apponite,
1044 2062 1119 2131 quod
1138 2062 1295 2133 colligendo
1313 2063 1398 2119 uniat
1425 2058 1494 2117 fllrh

151 2154 184 2203 ut
200 2156 277 2203 recta
296 2149 387 2204 omnia
404 2147 563 2218 rideantur,
589 2148 642 2201 boc
660 2149 713 2203 erit
730 2165 857 2219 magnum
876 2151 1037 2218 artificium,
1063 2168 1080 2206 a
1098 2152 1190 2207 multis
1208 2158 1362 2218 tentatum,
1385 2148 1432 2205 aad
1449 2162 1494 2205 att

151 2244 316 2295 assecutum.
348 2239 487 2309 Opponito
505 2237 631 2293 foramini
649 2237 790 2307 specillum
803 2254 819 2294 e
831 2241 962 2296 contexis
977 2240 1151 2308 fabricatum,
1169 2238 1233 2294 inde
1251 2238 1280 2292 in
1293 2235 1495 2309 speculum

123 2334 128 2345 “
149 2340 247 2382 carum
264 2326 353 2394 imago
372 2326 488 2381 resiliat:
509 2325 548 2380 sic
566 2342 650 2396 supra
668 2326 790 2383 foramen
807 2328 836 2382 in
855 2344 990 2400 papyrum
1008 2327 1098 2382 albam
1117 2325 1250 2394 jaculabit
1267 2325 1402 2393 imagines
1417 2338 1495 2381 ru

151 2411 320 2480 objectarum
339 2418 395 2467 ιιιιι
415 2413 488 2468 clare
506 2420 536 2468 et
552 2415 705 2484 perspicue,
725 2421 757 2469 nt
775 2432 831 2471 non
849 2418 918 2472 satis
936 2417 1041 2479 laetari,
1059 2431 1113 2470 non
1133 2413 1201 2468 satis
1213 2413 1305 2467 mirari
1317 2413 1434 2482 possis·
1459 2412 1496 2469 ht

150 2498 342 2570 ,cntulliuae
360 2500 444 2555 lentis
462 2500 666 2556 ιιῐειιίοιιίιιιιιι
688 2501 823 2570 quaedam
842 2502 923 2558 affert
940 2504 1020 2559 nimis
1039 2501 1163 2566 concise,
1188 2500 1310 2570 indeque
1327 2499 1382 2555 hoc
1397 2514 1497 2571 ttrottg¹

149 2587 234 2642 aimus
253 2586 366 2657 dictum,
386 2604 440 2657 quo
459 2588 525 2643 moti
543 2586 653 2657 quidam
666 2588 766 2643 Portae
784 2590 954 2646 intentorum
973 2593 1101 2647 tuborum
1121 2588 1275 2657 optinorum
1293 2588 1408 2658 gloriata
1424 2586 1498 2643 t’nl·

148 2681 261 2729 emant:
287 2676 414 2730 concavo
438 2676 518 2744 longe
536 2691 622 2747 parra
640 2676 733 2746 rides,
757 2674 806 2731 sed
825 2678 984 2749 perspicua,
1008 2692 1129 2733 convexo
1148 2677 1306 2744 propinqua
1321 2677 1441 2745 majora,
1456 2670 1498 2731 d

151 2761 274 2833 turbida,
294 2764 319 2818 si
337 2768 482 2834 utrumque
506 2772 580 2820 recte
603 2779 768 2834 componere
786 2767 908 2835 noveris,
933 2773 962 2821 et
984 2766 1134 2835 longinqua
1159 2772 1188 2819 et
1211 2765 1337 2833 proxima
1361 2766 1498 2833 maiora·

146 2849 221 2905 clara
243 2849 355 2906 ridebis.
383 2881 418 2892 -
447 2851 593 2908 Theoriam
617 2854 724 2922 opticus
750 2852 834 2908 Porta
864 2861 991 2910 accurate
1020 2854 1077 2908 adit
1106 2855 1135 2909 in
1167 2851 1245 2907 libris
1268 2852 1304 2907 da
1334 2852 1499 2922 Bm

149 2939 247 3007 (1583),
265 2937 375 2993 disserit
395 2938 429 2993 de
447 2946 587 2995 structura
605 2939 685 3009 oculi,
704 2939 739 2995 de
756 2941 856 3010 causis,
875 2956 946 3010 quae
960 2940 1081 3010 pupillae
1094 2941 1291 3009 expansionem
1310 2948 1339 2995 et
1357 2936 1499 2996 dimicab-

149 3040 211 3079 nem
229 3024 368 3085 efticiunt.
388 3026 422 3081 de
440 3036 502 3083 ortu
521 3027 642 3084 colorum
660 3029 687 3082 in
706 3028 775 3084 iride
792 3036 859 3098 etc,
885 3028 1027 3098 permixtis
1052 3028 1214 3098 plerumque
1232 3027 1305 3083 reris
1322 3035 1353 3081 et
1370 3026 1455 3081 falsis.
1468 3052 1498 3069 -

149 3116 229 3167 Auno
252 3115 320 3169 tace
339 3113 426 3170 edidit
443 3116 528 3170 Porta
545 3116 799 3186 interpretationem
824 3115 886 3171 libri
905 3116 925 3171 1.
945 3117 1064 3185 blagnae
1083 3115 1302 3170 constructionis
1319 3114 1500 3183 Ptolemaios,

151 3202 232 3256 tetii:
246 3201 379 3257 Coelcstis
393 3203 638 3273 physignomoniae
649 3204 734 3258 libros
746 3205 793 3275 vl,
811 3204 920 3260 nonnisi
932 3204 1096 3272 astrologica
1108 3204 1297 3272 continentes,
1315 3205 1403 3260 teet:
1420 3204 1501 3259 Pan

150 3291 253 3345 arctico
272 3290 337 3355 (rec.
360 3297 388 3345 et
413 3293 609 3359 occultet),
632 3291 660 3345 in
679 3290 800 3347 secunda
824 3293 944 3347 editione
967 3292 1102 3361 quaedam
1121 3291 1202 3344 affert
1227 3291 1261 3346 ad
1281 3290 1501 3363 manuam

153 3376 303 3446 referenda,
323 3378 458 3433 nescimus
477 3395 493 3432 n
511 3394 566 3447 quo
585 3378 718 3433 desumta.
749 3381 888 3448 (Mortuus
907 3386 950 3433 est
967 3379 1052 3433 Porta
1069 3394 1141 3433 anno
1163 3380 1239 3432 stite.
1259 3376 1400 3449 Neapoli.)

136 3492 140 3499 ·
255 3465 435 3520 Emendando
454 3465 616 3520 Calendario
635 3482 745 3536 operam
764 3454 897 3537 impendit
914 3466 931 3520 J
937 3465 1093 3520 ohannes
1112 3465 1316 3533 Paduanua,
1336 3462 1501 3535 VM

151 3555 237 3612 Pitati
262 3555 426 3625 discipulus,
451 3554 479 3607 in
503 3570 587 3622 opere
610 3555 756 3624 inscripto:
791 3555 964 3610 Viridort'ttat
985 3550 1251 3608 Mattmmteoran
1270 3554 1380 3619 (taos),
1405 3552 1433 3607 ia
1452 3562 1501 3623 ρ

150 3644 301 3700 calendarii
320 3659 400 3697 usum
418 3648 565 3709 monstrat,
584 3643 684 3698 additis
703 3642 806 3699 tabulis
824 3643 918 3713 ratiis,
937 3643 1179 3695 instmmentorum
1198 3642 1445 3695 astronomicarum
1460 3638 1501 3695 b

149 3732 308 3803 scriptione,
327 3746 377 3784 uec
395 3744 450 3783 non
469 3730 685 3799 problematibus
703 3730 892 3786 astronomicis
911 3728 946 3784 ad
964 3727 1112 3782 calendarii
1130 3729 1364 3783 constructionem
1376 3729 1503 3799 perun·

147 3820 230 3875 tibus.
267 3818 342 3873 idem
367 3817 554 3887 occupabatur
576 3818 768 3873 construendis
786 3817 934 3887 horologiis
963 3816 1099 3870 solaribus
1123 3817 1230 3884 (teet).
1258 3815 1356 3872 Refert
1379 3818 1423 3872 hir
1440 3815 1503 3873 lh

148 3908 304 3963 tabularum
324 3906 419 3962 formis
438 3906 597 3962 altitudines
615 3909 728 3969 solares,
746 3906 900 3962 umbrarum
920 3904 1104 3973 longitudines
1122 3912 1151 3959 et
1168 3904 1293 3973 angulos,
1311 3920 1384 3974 qnos
1401 3904 1503 3961 Μ

148 3995 271 4050 efficiunt
296 4012 357 4050 cum
381 3994 530 4050 meridiano
549 4003 597 4049 aut
615 3995 688 4049 linea
706 3994 878 4051 horisontali.
915 3996 995 4047 Anno
1016 3995 1083 4047 lbet}
1110 3991 1236 4059 ejusdem
1259 3993 1366 4061 prodiit
1385 3988 1503 4063 0μᾶ

148 4090 301 4151 ungenta
318 4085 524 4152 amputatione
542 4090 568 4140 ct
584 4084 728 4152 diciaioae,
748 4098 803 4150 quo
822 4082 884 4137 nori
901 4081 1049 4137 calendarii
1069 4081 1242 4135 defensorem
1260 4096 1293 4135 ae
1309 4081 1338 4135 in
1356 4080 1503 4151 titulant·

147 4168 238 4225 fessus
257 4184 313 4222 neu
331 4169 404 4223 ultra
422 4187 463 4240 ea,
481 4187 553 4240 quae
571 4173 599 4226 in
620 4172 788 4236 ,l'iridario‘
809 4175 928 4236 castam,
946 4167 1082 4239 procedit.
1101 4198 1134 4209 -

254 4259 413 4312 Astronomi
432 4259 467 4313 ad
485 4260 668 4315 conficiendos
687 4277 753 4315 suos
771 4260 906 4328 calculos,
923 4257 1044 4313 nondum
1063 4255 1173 4312 detecto
1190 4256 1298 4312 calculo
1316 4272 1370 4325 per
1386 4266 1502 4313 ann

151 4344 252 4398 fractos
270 4344 432 4413 decimales,
451 4347 616 4414 peculiarem
633 4347 780 4419 rationem,
799 4348 912 4403 relatam
932 4346 967 4401 ad
986 4346 1081 4400 circuli
1099 4345 1261 4401 divisionem
1280 4347 1502 4417 excogitem

149 4432 194 4486 cui
213 4449 312 4486 nomen
332 4434 466 4488 dederunt
485 4433 698 4503 logisticam
716 4435 1007 4506 sexagenariam.
1033 4432 1197 4503 Quicunque
1215 4441 1274 4488 tum
1287 4428 1502 4505 temporisetd·

148 4519 222 4587 gavit
239 4537 309 4589 opus
327 4523 553 4587 astronomicam,
578 4525 768 4595 ephemerides
786 4533 835 4581 aut
852 4523 977 4591 tabulas,
996 4520 1197 4592 praemittenda
1215 4522 1349 4577 censebat
1366 4526 1503 4593 praem

149 4605 212 4661 huic
239 4608 344 4663 calculo
367 4610 549 4665 insanientis.
588 4613 625 4667 Ut
642 4613 775 4668 tironibus
795 4621 822 4668 et
846 4611 1031 4668 umottumiae
1056 4608 1188 4663 attidioais
1212 4608 1367 4663 faciliore·
1388 4606 1424 4665 ad
1438 4606 1503 4663 Η

148 4706 234 4748 artem
260 4697 363 4752 aditum
382 4699 532 4767 praeberet,
557 4701 721 4769 conscripsit
742 4700 980 4756 Sebastianus
999 4698 1252 4764 'l'beodoricns,
1276 4698 1313 4754 ab
1335 4700 1407 4755 ttrhr
1422 4694 1503 4769 gd

150 4780 386 4840 ll'iushomius
405 4787 588 4854 tll'inshemia
605 4788 634 4841 in
653 4788 821 4857 franconia)
839 4790 1011 4855 nominatas,
1038 4785 1228 4853 Wittebergaa
1247 4784 1419 4855 mathueoa,
1434 4788 1504 4856 μ’

148 4870 201 4929 bac
223 4875 373 4931 medicinae
398 4876 551 4944 professor:
585 4876 782 4947 Coarpeadim
804 4877 963 4947 rocem
988 4875 1178 4935 euroaoatt'oe
1200 4874 1300 4943 (tired)
1326 4880 1358 4927 at
1379 4880 1501 4929 aaran
