3308 5534
451 1705 712 1882 lppcnilx
757 1702 1134 1880 icogrspiin,

335 1993 441 2068 son
476 1972 690 2090 mavia,
724 1964 1247 2089 solenograpiisn.

133 2182 206 2259 Art
238 2183 438 2265 admodum
473 2192 738 2269 &comedam
769 2189 819 2319 Ῥ.
846 2189 1011 2265 Paulum
1039 2186 1182 2264 Gaddir
1192 2241 1206 2277 ,
1243 2185 1446 2263 Societotrs

529 2314 653 2390 Jesu
679 2313 952 2409 Presbyterum
977 2321 1045 2388 etc.

713 2517 870 2531 Ἀ

215 2634 405 2699 Venerabilis
427 2650 458 2701 et
478 2640 646 2703 doctissime
670 2643 731 2718 Vir,
753 2643 865 2702 Fautor
887 2636 1026 2700 colende.
1054 2637 1114 2698 Vix
1137 2644 1183 2697 est
1204 2638 1369 2713 quisquam,
1395 2653 1472 2714 quo·

109 2739 175 2782 cum
199 2740 258 2801 eqo
288 2724 352 2799 hoc,
377 2736 505 2806 tempore
535 2747 634 2791 coram
664 2729 701 2791 do
723 2728 829 2789 studiis
857 2727 1060 2787 astronomicis
1087 2723 1168 2801 loqui
1197 2724 1351 2798 mavelim,
1381 2741 1471 2801 quam

109 2820 225 2883 tecuxn,
257 2814 283 2872 si
312 2824 427 2890 praeter
455 2817 542 2893 hujus
573 2816 713 2895 colloquii
740 2815 955 2894 jucunditatem
986 2812 1107 2890 aliquod
1136 2814 1253 2889 insuper
1281 2815 1391 2872 itineris
1414 2815 1471 2872 mel

111 2901 239 2973 pretium
271 2899 328 2961 hoc
358 2902 526 2965 turbulento
549 2913 697 2981 tempore,
729 2921 789 2981 qno
812 2912 876 2963 tota
898 2901 968 2961 aula
997 2899 1111 2961 bellicis
1134 2903 1210 2959 curis
1235 2908 1280 2959 est
1301 2902 1470 2974 exercitata,

110 2994 277 3062 appareret.
324 2987 392 3064 Quo
414 2993 524 3067 gratior
544 2992 616 3052 mihi
644 2991 752 3052 accidit
778 2990 916 3050 adutatio
944 2989 998 3048 abs
1021 2987 1056 3047 lt
1080 2986 1177 3046 1).‘l'.
1211 2986 1282 3045 mihi
1312 2986 1391 3047 dicta
1420 3002 1472 3065 par

111 3074 155 3130 sui
178 3073 292 3133 ordinis
316 3075 458 3149 homines,
481 3081 531 3156 qui
554 3080 602 3140 hie
624 3087 701 3139 sunt.
732 3079 868 3156 Inprimis
890 3076 926 3137 P.
944 3076 1058 3134 zoccos
1081 3082 1186 3133 munu's
1208 3091 1293 3133 snum
1317 3085 1471 3152 praestan·

110 3161 270 3239 tissimum,
293 3165 491 3241 perspicillum
515 3167 595 3241 dico,
619 3185 677 3226 non
700 3166 750 3226 alii
773 3167 870 3244 potuit
891 3165 1085 3236 committere,
1109 3162 1193 3239 cujus
1216 3161 1285 3219 milri
1309 3166 1418 3238 gratior
1441 3164 1470 3220 in

110 3245 166 3306 hac
188 3266 220 3308 re
243 3252 283 3307 sit
305 3267 410 3327 opera,
442 3270 529 3330 quam
557 3262 618 3318 tua.
665 3257 690 3314 Α
716 3272 774 3330 quo
797 3256 891 3330 primo
921 3269 986 3311 eum
1015 3249 1147 3321 audiam,
1179 3248 1337 3308 clinodium
1362 3249 1470 3309 hocin

110 3351 209 3393 meaux
231 3340 355 3398 transire
378 3344 594 3418 proprietatem,
619 3343 712 3418 primo
736 3344 824 3401 etiarn
847 3340 900 3398 tibi
923 3339 1047 3397 fructum
1067 3336 1195 3413 aliquem
1219 3335 1380 3412 voluptatis
1403 3336 1471 3397 lite·

111 3425 208 3482 rariae
232 3426 448 3502 propinandum
472 3446 587 3503 eetrseo,
611 3430 649 3489 ab
673 3431 853 3506 experientia
876 3427 963 3502 nujus
986 3425 1054 3484 doni
1077 3427 1209 3501 petitum.

217 3509 294 3570 Nam
318 3514 388 3589 quid
411 3533 467 3592 ego
490 3533 548 3575 non
572 3515 692 3577 dicam?
732 3517 779 3574 Ad
803 3513 912 3592 oppida
935 3514 1048 3573 lunaria
1070 3514 1094 3570 si
1119 3521 1243 3570 mentem
1270 3512 1387 3583 afferas,
1415 3512 1470 3570 tibi

111 3613 156 3656 me
181 3597 281 3658 videre
296 3602 494 3676 comprobabo
510 3600 541 3680 ¹).
579 3603 731 3663 cavitates
747 3604 815 3662 illac
838 3603 970 3673 lunares,
994 3599 1164 3660 aGaliiaeo
1187 3601 1312 3676 primum
1335 3599 1471 3658 animad-

111 3701 230 3757 versae,
255 3689 386 3747 maculas
409 3693 593 3766 potissimum
616 3685 831 3771 insipienti),
862 3688 999 3756 honest,
1025 3697 1057 3745 ut
1079 3704 1134 3762 ego
1158 3686 1342 3760 demonstro,
1371 3696 1469 3763 partes

113 3770 270 3848 depressas
292 3777 321 3832 in
345 3777 492 3852 quandam
516 3781 652 3854 aequoris
676 3777 840 3855 planitiem,
873 3778 913 3834 uti
943 3781 1011 3833 eunt
1033 3791 1123 3851 penes
1151 3791 1204 3835 nos
1228 3771 1366 3850 marial).
1411 3773 1471 3834 ssa

115 3876 149 3917 ex
173 3862 240 3935 ipsa
264 3865 423 3922 cavitatem
446 3864 619 3941 figuratione
643 3862 803 3942 colligo⁴),
833 3865 899 3922 loca
928 3864 1026 3939 potius
1051 3879 1115 3921 esse
1139 3861 1280 3937 palustria
1290 3855 1327 3943 ⁵).
1374 3861 1471 3936 Atque

113 3948 142 4002 in
166 3949 205 4005 iis
227 3947 454 4026 endymionidao
484 3951 580 4012 solent
609 3956 709 4012 metari
741 3954 837 4029 spatia
866 3968 984 4009 suorum
1013 3948 1223 4026 opprimunt)
1254 3952 1298 4006 eui
1323 3949 1472 4008 muniendi

113 4050 204 4092 causa
215 4029 239 4113 ⁷)
262 4044 321 4095 mm
345 4047 446 4099 contra
467 4039 617 4100 humorem
642 4034 855 4114 muscosum0),
888 4056 975 4115 quam
999 4046 1099 4096 contra
1114 4035 1191 4096 Solis
1214 4031 1373 4115 ardorem),
1397 4036 1472 4097 forte

113 4123 203 4180 etiarn
226 4134 327 4183 contra
349 4125 449 4186 hostes
459 4122 506 4207 ¹⁰).
551 4127 639 4187 Ratio
662 4129 832 4187 munitionis
855 4134 899 4186 est
927 4125 1015 4184 haec:
1038 4123 1137 4201 palum
1166 4122 1297 4198 defigunt
1320 4127 1347 4180 in
1373 4134 1472 4183 centro

112 4211 203 4285 epatii
232 4209 447 4291 muniendi¹¹),
478 4215 516 4274 ab
539 4214 596 4275 hoe
618 4215 687 4293 palo
715 4223 834 4275 nectunt
860 4211 1005 4272 funiculos
1016 4205 1072 4294 ¹²),
1104 4227 1156 4288 pro
1188 4213 1352 4287 capacitate
1383 4212 1472 4270 loturi

112 4295 213 4373 oppidi
235 4296 340 4376 longos
364 4319 401 4360 au
426 4297 599 4384 breves¹³)‚
632 4300 834 4379 longissimum
866 4298 1041 4377 deprehendi
1073 4303 1201 4375 quinque
1225 4299 1380 4359 miliarium
1403 4316 1472 4374 ger·

112 4382 359 4469 manicornm¹⁸).
413 4388 486 4447 Cum
514 4389 571 4450 hoc
601 4392 644 4449 sic
673 4389 768 4449 defixo
798 4388 927 4448 funiculo
958 4388 994 4446 ad
1027 4388 1288 4446 circumferentiam
1318 4393 1473 4444 excurrunt

111 4470 200 4530 futuri
225 4472 296 4532 valli
312 4469 357 4554 ¹⁵),
382 4493 470 4551 quam
493 4477 564 4536 fines
587 4475 742 4554 designant
765 4476 957 4536 funiculorum
971 4469 1019 4550 ¹⁶).
1051 4473 1134 4533 Tunc
1156 4480 1294 4550 nosorprer
1309 4472 1347 4531 ad
1362 4472 1472 4530 vallum

112 4560 289 4635 egerendum
319 4571 427 4622 coeunt
440 4559 491 4640 ¹⁷),
531 4565 627 4624 fossae
659 4564 784 4625 latitudo
817 4580 874 4623 non
904 4566 998 4622 minor
1025 4578 1084 4619 uno
1113 4558 1216 4620 miliari
1247 4555 1471 4639 germanicum),

111 4650 266 4708 materiam
288 4645 468 4730 egestam¹⁹)
495 4653 523 4708 in
547 4652 613 4711 aliis
643 4651 757 4729 oppidis
787 4668 901 4711 omnem
930 4653 1086 4708 introrsum
1114 4643 1321 4726 recipiunt²⁸'),
1354 4649 1381 4703 in
1405 4647 1473 4705 aliis

110 4742 217 4816 partim
242 4746 405 4798 extrorsum
429 4747 566 4815 egerunt,
594 4742 699 4816 partim
723 4741 877 4798 introrsum
889 4736 945 4813 Ἠ),
978 4746 1011 4796 nt
1033 4738 1074 4795 ita
1097 4735 1205 4812 duplex
1228 4734 1279 4792 fiat
1304 4728 1472 4811 vallum²²),

110 4824 284 4888 intermedia
304 4825 387 4886 iosea
408 4822 697 4906 profundissimam).
744 4827 833 4887 Valla
856 4825 973 4903 singula
994 4826 1023 4884 in
1047 4841 1080 4884 se
1102 4822 1232 4895 redeunt,
1257 4822 1339 4882 velut
1361 4822 1399 4881 ed
1414 4823 1472 4880 cir·
1556 4868 1557 4873 ,

1221 4921 1261 4978 51
