3308 5534
149 399 214 469 736
656 398 721 457 Vita
737 397 853 457 besuam
869 397 992 471 liepleri.

147 580 242 657 priore
258 576 355 638 allicio
378 589 424 638 ree
439 596 459 638 a
473 576 595 653 Magnis.
619 576 687 637 Tua
699 579 819 656 incepta
834 584 865 639 et
879 576 928 638 θ’·
943 574 994 637 M²¹
1019 581 1174 656 preposita
1187 580 1238 649 ait,
1262 578 1310 639 c*
1326 578 1387 639 bd·⁸
1406 581 1473 641 et'uu

149 667 343 725 consenserit:
373 663 585 743 providendum
615 672 693 725 certe
715 667 786 725 milri
813 666 885 739 luit,
916 683 954 727 ne
977 668 1119 742 imprimis
1141 666 1200 727 0¹¹
1222 666 1306 737 Mffl,
1329 676 1388 729 tum
1407 668 1474 727 eise

148 754 248 829 biagn.
263 752 359 812 Tuum
373 752 547 825 ludificaret,
572 754 641 828 quin
664 757 763 829 potius
788 752 835 813 vel
857 771 923 813 cum
947 752 1052 814 clamne
1075 770 1142 814 nreo
1159 754 1288 832 Pragam
1310 756 1379 815 irem
1399 756 1474 831 ibique

149 859 209 900 rem
233 840 278 899 vel
303 842 420 917 penitus
444 841 606 900 conlectam
630 842 733 916 (quem
756 858 838 918 apem
860 840 964 902 literae
988 850 1056 902 tuae
1079 844 1109 901 in
1124 840 1287 903 adventum
1306 858 1475 919 meumprar·

148 927 287 1005 buerunt)
317 934 460 1003 qnantum
489 928 519 987 iu
542 945 588 987 me
616 935 695 987 essct
723 928 930 1006 amplecterer,
960 939 1103 1007 quautam
1131 932 1258 991 veroin
1281 930 1412 1009 Principe
1427 944 1476 987 rare

149 1018 246 1087 sitnm,
271 1031 321 1090 per
344 1014 474 1092 legatum
497 1014 561 1091 ejus
584 1012 621 1075 D.
644 1014 682 1074 D.
707 1015 855 1092 Doldinm,
879 1017 931 1093 qui
952 1015 1066 1095 Pragae
1089 1026 1176 1092 esset,
1199 1016 1386 1097 expedirem
1404 1016 1475 1077 relei

147 1103 244 1162 adluue
266 1111 380 1177 praeter
403 1104 571 1179 opinionem
593 1110 674 1162 tuam
696 1105 726 1162 iu
749 1103 840 1165 dublo
861 1121 1006 1180 suspensa
1032 1105 1129 1165 lutura
1156 1115 1255 1181 esset,
1277 1108 1321 1165 uti
1343 1114 1402 1167 tum
1419 1104 1475 1163 utra

149 1206 230 1249 meaa
253 1190 450 1266 explorarem,
479 1198 628 1249 sumtuum
659 1193 803 1251 rationem
830 1193 932 1251 inirem
955 1201 986 1250 et
1008 1195 1179 1270 quantisper
1203 1196 1413 1271 stnepemteie
1429 1208 1476 1251 ιιι

149 1280 291 1337 incertum
313 1278 342 1335 ln
367 1284 503 1338 eventum
527 1280 600 1337 meis
622 1279 778 1354 impensis,
811 1278 892 1339 nulle
915 1278 1023 1338 salario
1046 1288 1217 1357 exspectare
1246 1282 1358 1359 poesim
1377 1296 1475 1359 perpe·-

149 1363 263 1441 durem,
288 1364 348 1439 urbi,
371 1366 396 1424 al
421 1372 520 1424 tantae
543 1380 650 1440 merae,
676 1373 801 1441 quantas
823 1364 955 1444 postulat
976 1366 1046 1426 aula
1067 1366 1279 1445 imperatoris,
1300 1384 1389 1445 supra
1406 1364 1475 1427 laed·

149 1462 227 1513 tutes
250 1470 331 1511 meus
356 1459 463 1526 esseni,
487 1454 636 1528 negotium
659 1456 722 1529 ipse
744 1470 883 1530 praesens
907 1454 1036 1531 legitime
1058 1464 1088 1515 et
1110 1472 1177 1515 enm
1197 1454 1304 1535 Magn.
1324 1454 1405 1517 mae
1421 1454 1475 1513 mei·

149 1558 208 1618 qne
231 1542 324 1617 ipsius
346 1542 535 1599 excusatione
558 1540 674 1617 penitus
698 1539 871 1601 desererem.

254 1626 340 1705 Quod
364 1626 401 1686 ad
425 1626 562 1687 alterum:
588 1628 642 1687 ctai
665 1627 736 1687 milri
753 1626 874 1688 dubium
891 1645 1042 1704 uunquam
1057 1643 1152 1706 neque
1175 1627 1233 1688 init
1246 1644 1344 1707 neque
1357 1636 1409 1707 sat,
1424 1626 1475 1703 qaia

149 1720 179 1777 et
201 1715 332 1793 impense
361 1732 408 1775 me
431 1732 511 1774 umes
535 1722 565 1775 et
587 1716 697 1792 optime
726 1724 892 1793 promotum
919 1716 994 1775 velie
1016 1725 1046 1777 et
1067 1716 1157 1793 hujus
1185 1717 1229 1777 rei
1258 1714 1475 1777 luculentissime

149 1805 180 1862 in
202 1800 270 1863 lece
293 1812 353 1863 tam
375 1800 545 1878 splendide,
569 1810 653 1863 tanta
673 1806 779 1863 summi
802 1803 981 1865 Monarchae
1002 1807 1107 1881 gretie,
1130 1802 1244 1863 babeas
1267 1800 1475 1875 ercunua‚s

149 1904 262 1950 moram
286 1907 341 1969 ego
364 1890 437 1951 ierre
460 1906 592 1968 possem,
616 1899 713 1951 tamen
736 1893 877 1967 rationes,
904 1893 1012 1968 quibua
1033 1908 1174 1968 praesum
1196 1906 1297 1951 mcum
1318 1892 1475 1951 emensae

151 1994 208 2056 epe
231 1976 332 2036 divina
355 1978 517 2053 sublevem,
541 1977 618 2038 aliae
638 1978 709 2037 milri
731 1985 800 2038 sunt
822 1980 929 2057 purtim
951 1980 1145 2051 necessariae,
1168 1981 1279 2057 partim
1300 1982 1349 2053 (ut
1369 1986 1429 2039 suut
1443 1990 1476 2037 ιιι

146 2082 230 2126 meae
254 2068 371 2141 tenues)
394 2069 488 2142 magia
513 2065 609 2127 utiles.
655 2067 729 2126 Cum
752 2069 828 2127 enim
849 2066 916 2143 jure
940 2066 1116 2143 obligatorie
1138 2072 1252 2139 tanesr,
1276 2080 1476 2144 operaturum

146 2156 242 2232 priore
271 2156 463 2230 magistratu,
495 2157 541 2213 cui
572 2154 654 2214 illam
681 2173 717 2215 ex
747 2171 887 2217 concessu
915 2154 1060 2231 Principis
1090 2155 1148 2213 mei
1178 2155 1296 2225 nutricii
1326 2152 1477 2225 addixeram

145 2242 315 2315 liberatam,
341 2241 435 2301 eidem
457 2244 583 2302 nutricio
607 2259 672 2303 mee
695 2245 879 2315 renunciare,
909 2244 1069 2303 rectissime
1092 2256 1164 2303 sune
1185 2240 1258 2300 milri
1283 2242 1478 2311 consuluisses,

147 2331 279 2390 sirecte
303 2331 350 2388 via
373 2327 476 2388 Gratie
500 2331 620 2389 ivissem
644 2333 672 2388 in
696 2328 964 2405 wirtembergiam.
1009 2329 1126 2390 Certum
1149 2330 1229 2389 enirn
1252 2328 1368 2401 habco,
1394 2330 1437 2405 qui
1451 2342 1479 2387 et

147 2419 269 2477 veniant
296 2414 415 2491 exules,
445 2419 572 2477 maxime
600 2419 625 2476 sl
648 2418 759 2476 alumni
781 2418 899 2477 luerunt
921 2417 1079 2494 Principia,
1108 2416 1168 2475 illia
1190 2425 1221 2476 ct
1244 2416 1281 2477 de
1305 2419 1384 2477 vieta
1403 2418 1479 2475 etat‘·

150 2512 179 2565 et
203 2504 239 2565 de
262 2503 479 2565 conditionibus
501 2507 594 2581 primu
625 2522 744 2582 quoque
772 2513 903 2583 tempore
933 2505 1070 2583 prospici.
1115 2504 1179 2581 Ego
1202 2520 1275 2564 vare
1297 2514 1408 2581 praeter
1426 2500 1479 2561 ire

149 2595 249 2653 emnia
270 2594 359 2652 etlam
382 2611 400 2652 a
423 2593 663 2671 praeceptoribus
685 2594 759 2653 meis
789 2595 817 2651 in
841 2592 993 2653 academia
1015 2590 1198 2668 Tnbingensi
1224 2590 1290 2668 jam
1320 2590 1425 2670 pridem
1442 2606 1479 2650 ese

147 2680 244 2742 liabeo
267 2682 484 2756 promissiones,
509 2690 540 2739 nt
562 2683 665 2740 merite
689 2698 725 2741 ex
748 2681 955 2756 conjunctione
970 2678 1114 2756 Principia
1136 2695 1204 2739 curm
1227 2679 1480 2755 academiarum

149 2769 221 2827 milri
242 2784 310 2846 epea
333 2770 415 2827 nasci
438 2766 554 2827 debeat.
603 2768 699 2844 litque
721 2767 795 2827 baec
824 2770 874 2827 via
896 2774 975 2827 esset
1000 2768 1129 2826 emnium
1151 2760 1480 2843 compendiosisriresel

148 2872 216 2916 mea
237 2854 399 2932 mitiganda
421 2853 617 2915 incommoda.
663 2854 765 2914 Altera
788 2862 849 2929 est,
871 2862 905 2914 ιιι
927 2857 952 2915 ai
975 2870 1021 2914 me
1043 2869 1151 2913 canere
1173 2853 1273 2912 iurssn
1295 2854 1374 2913 alise
1394 2850 1481 2930 (queis

149 2952 195 3005 eat
216 2954 317 3003 uestra
334 2943 398 3020 jam
422 2944 570 3018 tractatio)
594 2942 721 3019 Prnganr
745 2942 939 3018 deducerent,
962 2944 1005 3002 uti
1029 2948 1091 3000 tum
1114 2943 1142 2999 in
1167 2958 1203 3001 ea
1226 2939 1314 3015 urbe,
1348 2958 1442 3019 nempe
1458 2940 1481 2995 ie

149 3042 296 3091 conventu
324 3031 487 3107 legatorum
510 3049 545 3091 ex
572 3031 720 3107 plerisque
748 3032 908 3107 provinciis
940 3032 1039 3089 atatim
1068 3028 1139 3087 milri
1169 3030 1382 3106 prospicerem,
1408 3030 1482 3107 pr'nt

150 3121 279 3179 omnium
301 3119 431 3195 legatum
449 3119 720 3195 Wirtembergieum
736 3118 910 3194 alloquerer,
933 3115 1152 3187 accommode,
1177 3133 1271 3193 parvo
1293 3125 1400 3189 sumtu,
1419 3130 1484 3177 eu*

150 3205 389 3266 mendatienibus
421 3209 513 3283 ipsine
543 3206 663 3282 adjutus
688 3208 715 3263 in
739 3206 995 3281 ertcmbergiam
1020 3206 1061 3263 ire
1082 3206 1203 3282 possim,
1227 3221 1266 3263 sn
1288 3206 1483 3265 canusium

150 3293 220 3354 mihi
250 3295 288 3355 ab
319 3294 370 3353 ille
393 3294 527 3371 Principe
559 3295 744 3371 impetraret,
775 3292 1079 3354 commendationibus
1106 3293 1212 3351 iterum
1235 3308 1283 3351 me
1309 3292 1437 3369 iuvaret,
1460 3298 1485 3349 1

149 3390 268 3459 propter
289 3381 490 3441 redimendum
513 3382 653 3440 viaticum
677 3384 705 3439 in
729 3381 966 3459 propinquiorem
988 3378 1188 3449 academiam,
1220 3378 1320 3456 qualis
1342 3390 1388 3439 eat
1407 3376 1485 3439 true

150 3469 250 3544 berga,
272 3467 359 3540 Jena,
383 3470 486 3547 luipala
500 3478 555 3528 ete.
572 3486 768 3546 promoverer.
806 3467 890 3528 Haec
912 3468 1005 3527 altera
1028 3470 1078 3526 via
1093 3475 1148 3535 est,
1172 3464 1365 3527 debilissima
1379 3466 1485 3527 [iah

148 3555 267 3635 Tycha,
290 3557 479 3617 sublevandis
503 3559 576 3615 meis
599 3558 723 3616 miseriis
746 3557 841 3615 minus
868 3555 988 3632 quidem
1005 3551 1180 3631 splendidae
1209 3552 1396 3615 conditiones
1414 3550 1486 3631 pfl·

147 3660 235 3717 cena,
268 3660 356 3720 quum
378 3664 412 3705 ex
435 3644 504 3704 aulo
526 3652 680 3721 sperantur
702 3642 906 3720 imperatoria,
935 3642 988 3703 sed
1011 3650 1107 3701 tamen
1130 3640 1346 3717 expeditiores,
1370 3646 1398 3701 in
1417 3654 1487 3721 pru·

145 3734 243 3791 eerrtia
258 3735 394 3793 certiores
411 3732 534 3805 etmihi,
558 3733 609 3808 qrri
625 3733 663 3791 eb
680 3732 809 3807 inopiam
825 3747 882 3790 non
900 3748 952 3810 par
967 3748 1032 3789 auru
1046 3726 1229 3789 sustinendis
1245 3728 1392 3791 dinturnis
1406 3726 1487 3803 wli,

150 3822 341 3896 acceptiores.

253 3906 416 3982 Explicavi,
439 3904 509 3983 quid
533 3904 569 3966 de
593 3911 716 3981 utruque
740 3912 790 3963 tue
813 3914 986 3983 argumente
1001 3905 1143 3979 sentism3
1163 3902 1228 3980 jam
1253 3920 1315 3982 qno
1338 3902 1487 3965 snauh

147 3995 277 4054 venerim
300 3993 404 4069 hicque
425 3994 486 4069 lum
509 4010 670 4054 commorer
693 3994 862 4053 recensebo.
909 3992 1047 4052 Voluisse
1071 4008 1127 4061 me,
1151 3993 1254 4051 atatim
1277 4004 1370 4071 atque
1391 3994 1418 4049 ia
1436 3988 1487 4049 eul-

146 4080 219 4139 linm
243 4084 283 4139 ire
305 4098 369 4140 aum
390 4080 499 4155 jussus,
526 4080 780 4155 Wirtembergiarn
796 4089 935 4157 repetere,
956 4082 1019 4157 jaun
1035 4078 1147 4155 pridem
1163 4096 1200 4139 ex
1216 4079 1312 4139 literis
1326 4082 1398 4141 meis
1412 4090 1486 4137 teu

147 4167 385 4245 Supervenerunt
414 4169 516 4227 literae
546 4176 630 4240 tuae,
662 4185 738 4243 qnae
768 4176 797 4227 et
824 4168 894 4227 milri
926 4177 955 4227 et
978 4166 1114 4227 ellinitati
1142 4168 1308 4243 amicisque
1337 4170 1407 4227 mele
1430 4164 1488 4225 θ’

149 4253 282 4315 elflesces
305 4263 374 4312 aunt
397 4256 496 4326 visua,
529 4271 605 4330 qnae
628 4272 675 4314 me
698 4257 908 4331 permoverint,
933 4266 966 4313 ut
988 4253 1109 4313 dimisso
1133 4255 1162 4311 in
1186 4252 1229 4312 bi.
1252 4254 1340 4315 Tuae
1360 4266 1390 4313 et
1408 4262 1487 4311 sn·-

149 4343 265 4401 uemiae
290 4344 413 4417 gratiam
443 4343 531 4417 inque
554 4359 651 4403 meum
680 4344 788 4419 ipsius,
817 4344 842 4401 si
867 4342 949 4401 ilaus
971 4345 1013 4402 lta
1036 4341 1142 4415 vellet,
1172 4340 1273 4417 mdes
1300 4344 1486 4403 laeserant·

148 4428 244 4489 altero
266 4430 323 4489 nuel
343 4427 469 4505 juvandi
500 4429 603 4503 mede,
632 4438 745 4489 retente
775 4447 846 4490 vere
868 4429 989 4489 alterins
1018 4430 1154 4503 arbitrie,
1185 4446 1241 4507 pru
1265 4426 1486 4503 winubsp'nr

148 4516 340 4577 Bohemieunr
362 4517 418 4576 iter
440 4516 606 4592 arriperem.
644 4517 728 4576 Bona
752 4534 822 4576 vcro
845 4526 875 4576 at
898 4533 1019 4576 uxerem
1041 4534 1106 4575 cum
1130 4518 1270 4592 privigne
1291 4520 1387 4577 visura
1406 4510 1484 4575 ast

149 4620 265 4663 omnem
288 4613 428 4664 eventum
452 4604 546 4662 irincil
569 4604 741 4681 relinquere,
764 4605 815 4664 ubl
839 4613 938 4665 essent
960 4606 989 4661 in
1005 4605 1106 4667 itinere
1122 4621 1228 4665 verane
1243 4602 1483 4677 wine-bergh

149 4688 266 4751 Mutari
289 4694 470 4769 propositum
493 4690 529 4751 de
553 4709 643 4753 uxore
666 4699 696 4752 et
717 4693 852 4769 privigna
869 4692 961 4769 (bonu
976 4693 1063 4765 enirn,
1086 4692 1163 4749 aient
1185 4689 1258 4765 dixi,
1284 4691 1375 4753 Lindi
1387 4684 1483 4763 mirail

149 4776 207 4838 boe
228 4786 325 4852 metu,
348 4780 399 4855 qui
417 4777 482 4855 jem
505 4782 534 4837 in
557 4797 604 4840 me
627 4780 706 4853 exit,
728 4795 766 4840 ne
788 4780 855 4856 quia
878 4796 914 4839 ex
936 4779 1022 4838 nobie
1045 4786 1213 4855 aegrotaret
1235 4778 1356 4859 reliquis
1374 4772 1482 4839 ebed·

150 4863 220 4943 bns,
251 4867 326 4927 iuter
351 4868 532 4947 peregrinus.
583 4866 687 4947 itaque
715 4865 844 4945 Pragam
872 4868 941 4927 veut
969 4882 1086 4945 magun·
1105 4874 1222 4945 eumnup
1255 4872 1297 4931 to
1327 4858 1479 4949 erp-ss
