3308 5534
144 410 211 480 780
664 409 729 468 Vita
744 409 861 469 ioannis
877 407 999 482 Kepleri.

149 585 253 650 literas,
270 587 298 643 in
316 585 416 659 quibus
434 585 490 656 ille,
508 585 655 657 instigatus
673 586 745 642 sorte
762 588 797 642 ab
816 586 972 657 Herrrarto,
991 586 1111 656 petierat
1126 591 1160 640 nt
1176 585 1231 643 sibi
1249 594 1409 658 magnetem
1423 587 1503 643 miror

33 728 36 737 ,
149 673 300 747 Mulierum
328 674 462 740 ,viridum
486 681 514 729 et
537 680 679 743 uegetum“
703 681 857 743 magnetem
876 690 906 730 se
924 691 979 730 non
996 674 1100 730 habere
1118 674 1200 739 dicit,
1220 677 1331 745 suadet,
1349 684 1381 731 nt
1398 677 1426 732 iu
1441 675 1503 731 nne

149 761 319 817 Joachimiea
335 763 364 816 ia
381 762 514 817 Bobenia
531 762 694 830 requiratur.
727 763 836 832 ,Gratia
853 763 952 833 pergit,
970 763 1037 818 mihi
1050 769 1115 818 sunt
1133 763 1235 829 omnia,
1254 780 1330 833 quae
1343 764 1381 819 de
1395 770 1502 820 tuobe

147 866 263 918 rumque
275 855 348 904 statu
360 854 389 904 et
407 846 505 916 sainte,
523 849 642 917 itemque
660 849 694 903 de
712 848 868 905 conditione
880 850 1028 906 haeredum
1040 851 1180 921 Turbonis
1198 851 1350 921 scripsisti.
1373 851 1504 923 Teum

148 936 202 992 iius
221 937 243 991 si
261 943 402 1005 praestare
421 942 449 990 ot
466 935 575 992 efficere
587 936 614 989 id
628 946 731 1005 posset,
749 937 823 1006 quod
841 944 880 999 tu,
897 944 964 993 tuuc
976 939 1073 994 merito
1090 938 1239 1007 inrideret3
1258 946 1291 994 tn
1303 948 1399 994 antem
1414 940 1504 1008 inpre-

149 1023 239 1094 posito
257 1039 370 1094 pergas,
395 1031 537 1078 aeternum
560 1024 610 1077 tibi
634 1023 804 1093 comparabis
829 1039 937 1081 nomen.
973 1025 1016 1079 De
1039 1040 1068 1080 se
1090 1025 1154 1094 ipso
1175 1026 1276 1093 reiert,
1304 1040 1339 1081 se
1359 1024 1504 1081 lrbrreou

150 1128 283 1180 aquarum
300 1111 413 1167 llavilae
432 1118 459 1166 et
478 1110 598 1180 Oderae,
623 1126 692 1179 qnos
710 1111 807 1166 fluvios
826 1111 1028 1168 connectendas
1052 1113 1180 1168 statuerit
1202 1111 1310 1167 elector
1327 1112 1504 1167 Brandeubrr·

150 1200 250 1268 gensis,
267 1199 431 1268 instituisse;
454 1197 531 1268 iungi
549 1214 579 1254 se
596 1199 737 1254 architecti
754 1206 783 1253 et
799 1199 901 1255 tribuni
919 1200 1018 1255 aerarii
1035 1215 1147 1257 munere
1165 1201 1193 1255 it
1213 1199 1267 1255 hoc
1284 1199 1414 1270 negotio,
1436 1198 1504 1255 sini

149 1286 178 1343 in
198 1285 293 1341 schola
313 1287 407 1351 ,Nova
424 1284 503 1342 Valle
521 1286 704 1342 Joachimieur
724 1286 908 1356 professorem
925 1288 1119 1345 anathematum
1137 1302 1228 1357 agere.

255 1382 398 1452 Epistolae
416 1380 528 1450 liepleri
548 1388 576 1435 et
594 1382 742 1450 Brenggeri
761 1389 872 1439 mutuae
889 1384 942 1439 hoe
965 1392 1036 1438 auno
1054 1383 1174 1452 scriptae
1191 1383 1316 1437 maxima
1335 1397 1371 1437 ex
1388 1388 1464 1453 parte
1476 1380 1506 1435 de

153 1470 245 1540 optiea
263 1474 303 1532 (11.
324 1476 358 1522 60
377 1477 434 1538 aa),
460 1467 495 1522 de
521 1469 634 1522 cometis
654 1472 721 1538 (vii.
742 1474 784 1529 12>
807 1476 835 1523 et
860 1471 1024 1526 harmonicis
1048 1470 1201 1526 redonibus
1219 1478 1310 1539 agunt
1328 1474 1374 1541 (ll.
1392 1474 1442 1525 itt
1460 1476 1503 1531 nt
1547 1498 1549 1503 ·

153 1557 306 1626 Illiepleri
324 1555 504 1626 responsione
523 1554 563 1629 (d.
582 1555 609 1612 d.
629 1558 653 1610 b.
672 1558 752 1626 Apr.)
772 1557 842 1613 haee
860 1556 1051 1612 desumsimus.

258 1648 354 1708 Credo
377 1665 458 1720 sane,
485 1665 585 1708 verum
609 1664 674 1707 csse
698 1649 778 1725 qnod
800 1650 913 1722 scribis,
936 1652 1031 1710 teneri
1053 1658 1082 1710 te
1105 1648 1254 1711 desiderio
1277 1648 1505 1709 Commentario·

154 1755 219 1797 rum
242 1735 279 1797 de
302 1737 431 1796 motibus
454 1734 569 1795 Martis.
615 1735 686 1796 Jaur
708 1738 754 1796 bis
777 1739 853 1796 enim
875 1739 989 1814 scripsi,
1012 1739 1131 1814 publiea
1154 1738 1276 1799 venales
1299 1754 1364 1796 non
1384 1737 1462 1807 iore,
1479 1744 1505 1795 tr
1547 1730 1549 1735 ’

155 1842 243 1899 vero,
276 1832 308 1883 ut
329 1823 427 1883 solent
449 1831 598 1895 amantes,
632 1842 685 1900 spe
714 1831 816 1885 eontra
837 1843 921 1902 spem
950 1828 1139 1897 sustenteris,
1170 1834 1200 1884 te
1230 1825 1299 1884 illos
1323 1824 1506 1885 l‘nnkolre

155 1920 403 1990 comparaturum.
449 1911 618 1988 specimina
649 1914 848 1988 experientiae
879 1914 915 1972 de
938 1913 1108 1990 aspectibus
1138 1912 1266 1990 plurime
1297 1912 1372 1972 dare
1392 1928 1506 1989 posse.

156 1999 209 2061 sed
238 2018 297 2061 non
327 2009 414 2060 vacat
443 1998 606 2058 describere
638 2001 861 2060 observationes
893 2018 985 2060 meas.
1030 2000 1090 2060 Sed
1120 2008 1210 2073 nota,
1242 2000 1320 2059 nihil
1350 2000 1505 2077 espec&

157 2089 266 2163 tribuo,
288 2090 347 2146 uisi
370 2090 399 2146 in
422 2105 528 2162 genere
552 2090 854 2148 commotionem
877 2097 1008 2160 naturae,
1033 2106 1109 2164 quae
1131 2090 1229 2164 gignit
1250 2096 1398 2148 meteora

156 2176 278 2236 Summa
300 2193 431 2236 mearum
454 2173 690 2251 speculationum
714 2174 788 2249 haee
810 2183 872 2236 est:
895 2178 1025 2236 musicae
1048 2185 1077 2236 et
1093 2176 1265 2253 aspectibus
1280 2176 1343 2235 hoe
1358 2190 1507 2237 essem

157 2282 261 2337 mnne,
284 2264 364 2342 qnod
388 2271 420 2323 ut
443 2280 578 2338 quaeque
601 2280 669 2339 pers
692 2264 793 2322 circuli
815 2267 1078 2341 geometrieoterog
1100 2271 1235 2335 secatur,
1265 2265 1312 2323 sic
1336 2274 1368 2324 et
1388 2272 1507 2321 natm

156 2351 289 2411 stimulat
311 2353 415 2411 lortius
437 2360 589 2428 aspectum
612 2352 814 2427 conformans,
845 2360 875 2412 et
897 2369 983 2414 aures
1005 2356 1107 2412 movet
1128 2350 1317 2425 evidentius,
1341 2350 1507 2411 barrum

158 2443 349 2500 constituens.

264 2549 482 2619 Responsionem
499 2546 613 2616 Kepleri
633 2545 668 2600 ad
687 2548 875 2616 quaestionem
892 2547 1012 2618 pastoris
1030 2546 1187 2603 Eiehleri
1205 2545 1244 2615 (d.
1262 2548 1290 2602 l.
1309 2546 1389 2617 Jarr.)
1412 2545 1446 2603 de
1460 2546 1507 2601 tarr

158 2647 324 2699 cometarum
348 2644 375 2693 et
398 2635 459 2690 aliie
484 2633 545 2689 ride
569 2635 622 2690 roi.
642 2636 678 2689 li.
702 2652 730 2704 p.
747 2636 809 2691 831.
851 2637 882 2690 ln
907 2635 992 2691 literis
1019 2635 1054 2691 ad
1079 2634 1097 2688 J
1106 2635 1306 2691 oachimum
1333 2632 1507 2691 Trachin

159 2729 239 2794 dalis,
263 2741 334 2797 quac
353 2723 471 2777 maxima
489 2737 523 2775 ex
541 2728 620 2791 purte
637 2720 796 2778 harmonica
813 2729 934 2779 tractant
952 2728 983 2791 (i,
1001 2729 1052 2777 375
1066 2726 1126 2795 ιι),
1152 2723 1240 2779 refert
1257 2722 1416 2793 lieplerus,
1431 2720 1509 2777 indm

157 2832 188 2870 se
211 2813 340 2886 symbolis
359 2819 387 2867 et
405 2809 567 2880 opuseulum
586 2809 738 2865 instituisse
758 2810 908 2867 Gobbolem
928 2813 1136 2882 geometricam,
1160 2810 1194 2864 de
1218 2808 1290 2865 ideis
1309 2825 1402 2865 rerum
1419 2818 1509 2865 astur·

157 2903 223 2958 lium
241 2900 269 2954 in
286 2899 449 2969 geometria
474 2898 541 2952 nibil
560 2913 624 2952 vcro
644 2898 754 2968 probari
773 2895 916 2967 symbolis,
942 2898 1008 2953 nihil
1029 2899 1152 2954 abstrusi
1174 2898 1234 2951 crui
1254 2897 1282 2951 in
1303 2896 1423 2953 naturali
1439 2892 1510 2965 phris-

158 2988 257 3060 sophia
274 3004 324 3058 per
335 2985 472 3057 symbolas
487 2985 675 3056 geometricas,
695 2991 799 3040 tanturn
818 2992 882 3040 ante
896 2990 962 3041 nota
974 2985 1173 3042 accommodari
1185 2991 1242 3038 ete.
1272 2982 1353 3039 idem
1366 2983 1435 3038 iortr
1445 2994 1512 3051 epu·

160 3080 253 3138 culum
272 3078 339 3135 dicit
356 3079 380 3132 J.
399 3078 515 3146 Papius,
534 3077 622 3146 Aprili
641 3091 735 3132 mense
754 3077 892 3133 scribens:
919 3076 965 3140 ,ln
985 3074 1111 3145 catalogo
1131 3072 1321 3129 nundinrrum
1340 3070 1456 3128 nonde·
1470 3066 1511 3123 eff

159 3166 360 3239 philosophiam
380 3174 456 3220 tunm
476 3164 652 3235 paradoxum,
672 3165 751 3234 cujus
764 3163 924 3232 meministi3
945 3163 1034 3218 scribe
1047 3176 1158 3231 quaeso,
1177 3159 1226 3216 ubl
1238 3160 1447 3229 impresseris·

263 3263 314 3319 Die
336 3266 376 3317 iti.
396 3262 557 3318 Novembris
577 3261 712 3331 lieplerus
731 3261 775 3315 his
794 3258 1181 3329 alloquituri‘abricium:
1209 3253 1333 3313 Silentii
1349 3253 1407 3312 mei
1421 3264 1508 3311 eant

158 3355 228 3409 sunt
250 3345 380 3420 eaedem,
405 3364 481 3422 quae
505 3347 558 3404 otii
581 3344 705 3406 annalis.
749 3343 926 3420 Astrologns
949 3360 990 3415 es,
1015 3342 1115 3402 videre
1137 3340 1281 3413 debuisti,
1308 3340 1411 3401 Solem
1431 3350 1509 3397 ιε·

159 3436 328 3497 aSaturrro
353 3433 491 3507 obsideri,
516 3441 547 3491 ul
570 3433 605 3491 de
629 3432 756 3509 publicis
779 3431 864 3490 malis
886 3429 960 3489 nibil
977 3430 1081 3489 diearn.
1111 3427 1283 3490 Praecessit
1299 3424 1509 3488 cruentato-ri
1547 3446 1549 3467 ¹

159 3523 250 3584 studii
273 3525 347 3581 mei:
372 3539 449 3580 arrno
477 3528 568 3579 teet.
594 3526 642 3580 25.
663 3519 748 3579 Febr.
772 3537 838 3578 cnm
860 3520 889 3576 iu
912 3536 1008 3577 arcent
1033 3515 1232 3576 ascendissent
1257 3514 1298 3575 ad
1314 3516 1419 3595 liyrgii
1438 3522 1511 3573 ιώ·
1546 3526 1549 3535 ·

160 3622 342 3686 metopoeos,
365 3618 521 3684 rogaturus
546 3607 580 3665 de
604 3618 749 3684 apparatu
772 3607 810 3665 ad
833 3606 1045 3683 postridiauum
1069 3608 1127 3679 (uti
1149 3602 1380 3667 hallucinabor)
1401 3602 1511 3679 edis*

160 3700 250 3759 incidi
273 3717 309 3757 ex
333 3699 492 3774 improviso
518 3699 545 3753 in
569 3704 743 3772 quaerentes
767 3712 802 3754 ex
826 3712 886 3765 me,
918 3711 987 3752 uum
1009 3691 1184 3752 attenderim
1208 3692 1249 3750 ae
1274 3690 1426 3769 eclipsin?
1456 3684 1511 3747 J·

161 3791 239 3848 enirn
264 3784 373 3845 iliaco
398 3784 445 3842 die
468 3786 658 3862 praeterierat
661 3826 768 3843 .....
813 3780 1007 3857 Prognostica
1036 3778 1111 3837 desii
1133 3780 1266 3840 scribere
1267 3822 1383 3843 .....
1422 3776 1511 3837 iim

159 3872 322 3952 perieulum
356 3871 548 3944 valetudinis,
581 3889 615 3929 ox
648 3868 919 3949 computationibus
951 3876 1141 3928 contractum.
1193 3866 1271 3925 Post
1299 3868 1411 3925 iestunr
1431 3864 1510 3929 vd·

160 3961 336 4022 medicinam
370 3969 467 4019 tamen
498 3958 619 4018 suadeo.
668 3959 825 4017 Abstineas
847 3975 866 4016 a
889 3953 1096 4016 concluendo
1126 3954 1290 4031 hypothesi
1319 3952 1441 4025 Mane,
1463 3950 1512 4027 j!

161 4052 238 4110 enirn
263 4058 307 4108 est
330 4050 499 4108 constituta.
531 4047 594 4123 Ego
619 4053 733 4105 larrium
757 4046 879 4103 insnmsi
903 4044 1023 4116 laboris,
1047 4050 1189 4119 qnonturn
1206 4041 1322 4101 suffieit
1338 4041 1512 4102 decenn·

160 4139 248 4209 tibus,
273 4144 302 4195 et
326 4136 435 4213 porrici
459 4153 510 4212 per
526 4135 582 4194 Del
598 4136 723 4209 gratiam
747 4134 927 4212 pervenique
943 4149 988 4204 eo,
1013 4140 1046 4189 ut
1068 4137 1227 4188 contentus
1251 4147 1322 4189 esse
1337 4124 1512 4208 possimne!

162 4226 291 4282 inventis
315 4232 343 4282 et
368 4225 495 4298 quietus.
542 4224 711 4298 Antequam
735 4222 952 4297 acquiescerem
978 4220 1118 4289 inventis,
1153 4219 1311 4294 quiescere
1336 4218 1512 4275 omi-erra

162 4314 263 4388 potui3
287 4329 321 4368 ex
345 4312 491 4385 praesenti
515 4310 604 4386 igitur
628 4311 727 4385 quiete
750 4315 956 4383 argumentare
988 4305 1023 4364 de
1051 4305 1124 4363 meis
1148 4306 1293 4364 inventis.
1336 4304 1381 4363 Ex
1402 4304 1512 4381 iim!

162 4398 267 4457 scribis
292 4396 417 4471 colligo,
450 4414 526 4473 quae
550 4414 660 4456 causae
685 4398 739 4455 tibi
763 4399 836 4466 sint,
868 4412 920 4454 our
943 4394 1102 4453 observate
1124 4398 1177 4451 trra
1200 4408 1264 4451 non
1286 4392 1401 4453 mirus
1440 4386 1512 4461 (ᾖ

162 4482 276 4560 aliquid
301 4493 330 4541 ot
354 4486 416 4560 ipse
440 4492 601 4561 praestare,
628 4485 656 4542 in
680 4501 741 4561 qua
764 4483 862 4561 operis
885 4489 968 4558 purte
998 4496 1057 4537 nou
1080 4479 1127 4537 vis
1149 4478 1265 4540 habere
1295 4478 1511 4541 aemulan..-

164 4571 210 4630 Ad
234 4578 286 4629 tun
308 4573 431 4630 inventa
454 4571 491 4630 de
515 4570 621 4644 Marte,
647 4589 723 4647 quae
739 4571 940 4649 Pythagorico
955 4567 1061 4627 alieriu
1086 4566 1279 4628 commendas
1303 4584 1410 4645 oreque
1424 4564 1512 4621 turin

163 4657 200 4718 ad
224 4676 260 4716 ea
284 4658 471 4733 arlrniranda‚
504 4657 576 4734 qnid
606 4657 704 4718 diearn
735 4675 793 4716 non
822 4657 930 4717 habeo.
975 4652 1116 4715 liideboi
1149 4655 1189 4713 Al
1213 4653 1343 4717 rneliora
1362 4654 1512 4715 uuirt!

162 4747 279 4821 egregio
304 4745 401 4804 studio
426 4753 456 4804 ct
479 4745 641 4822 cupiditate
668 4746 828 4823 inculpata.
873 4744 976 4821 Magni
1004 4760 1076 4802 vero
1107 4742 1240 4805 iaciarui
1284 4744 1328 4803 At
1354 4746 1444 4803 minat
1466 4736 1510 4795 br

162 4832 216 4891 erit
238 4831 395 4892 candidum
417 4833 540 4894 iaciuus.
579 4832 646 4894 lieo
670 4832 767 4893 solum
791 4833 846 4891 tibi
868 4830 952 4907 dieo,
975 4836 1028 4891 aut
1049 4837 1079 4890 tc
1094 4830 1265 4899 coincidere
1288 4833 1320 4889 in
1343 4830 1441 4891 eden
1460 4838 1512 4883 t·
