3308 5534
682 366 857 424 Aenonomia
874 368 1000 425 umeris.
1481 368 1524 439 39

170 540 275 605 dierdm
302 552 349 607 est
378 550 560 622 securene,
590 554 659 609 tuuc
684 548 841 626 speluncas
868 556 1051 627 perreptant,
1082 555 1170 626 prout
1200 549 1306 626 cuique
1335 556 1442 610 natura
1468 555 1523 610 est.

167 631 334 695 Uriuetcres
361 644 432 694 sunt
453 634 585 712 plurimi,
617 639 716 696 omnia
743 637 915 698 naturaliter
937 639 1098 697 animantia
1123 638 1255 712 spiritum
1279 635 1398 697 trahunt
1419 635 1524 697 lentis·

163 722 242 794 sime,
266 722 323 782 suh
346 725 434 799 equis
456 723 546 799 igitur
567 722 677 800 degunt
692 726 721 782 in
736 725 890 801 profundo,
913 735 1048 785 naturam
1062 731 1125 784 arte
1141 718 1398 801 adjuvantes²¹⁴).
1429 725 1523 800 Ajunt

162 810 234 868 euim
258 812 291 868 in
314 808 374 870 illis
396 807 546 870 ultissimis
568 828 709 888 equarum
732 814 854 871 sinubus
877 813 1012 890 frigidam
1035 811 1200 890 perdurare,
1224 812 1404 871 serventibus
1420 830 1438 870 a
1452 810 1522 872 Sole

161 897 362 972 superioribus
384 892 552 981 audiam),
582 900 612 956 in
643 899 796 976 superficie
826 901 964 977 quicquid
988 900 1103 972 haeret,
1136 898 1166 957 id
1195 898 1320 957 elixatur
1346 917 1366 958 a
1391 897 1460 959 Sola
1491 902 1522 957 in

159 983 281 1044 meridie
304 984 397 1060 fitque
418 984 560 1062 pabulum
575 984 803 1047 adventantibus
819 990 1065 1064 peregrinantium
1081 986 1252 1047 colonorum
1268 987 1443 1046 exercitibus
1453 981 1520 1066 ²¹⁶).

157 1070 230 1131 llam
259 1074 292 1130 iu
322 1074 493 1133 universum
520 1073 738 1134 subvolvauum
765 1074 1012 1151 hemisphaerium
1040 1076 1147 1135 uostris
1175 1075 1262 1150 pagis
1292 1080 1321 1133 et
1351 1073 1468 1151 oppidis
1490 1082 1521 1135 et

157 1158 247 1219 hortis
280 1164 506 1237 aequiparatur,
538 1160 744 1237 privolvanum
774 1164 883 1222 uostris
913 1166 991 1241 agris
1014 1170 1044 1223 et
1065 1160 1148 1222 silvis
1177 1170 1206 1222 et
1229 1159 1360 1221 desertis.
1406 1160 1521 1237 Quibus

156 1250 312 1323 respiratio
336 1251 431 1324 magis
455 1258 502 1309 est
521 1252 696 1324 necessaria,
720 1251 740 1307 ii
763 1251 909 1311 ferventes
932 1268 1026 1328 aquas
1048 1257 1174 1325 angusto
1196 1249 1290 1309 canali
1313 1251 1341 1306 iu
1364 1248 1520 1325 speluncas

156 1334 333 1409 admittunt,
364 1344 398 1395 ut
419 1335 509 1411 longo
531 1344 630 1396 meatu
658 1339 688 1394 in
710 1339 814 1398 intima
842 1345 977 1415 receptae
1005 1339 1148 1415 paulatim
1174 1336 1372 1413 refrigescant
1417 1337 1463 1396 Ibi
1485 1353 1519 1396 sa

155 1424 261 1500 potiori
286 1422 346 1483 diei
369 1431 453 1501 perte
481 1425 630 1484 continent
652 1441 746 1501 eoque
769 1432 843 1501 potu
864 1434 1001 1498 utuntur,
1030 1441 1154 1503 vespera
1176 1422 1352 1484 adveniente
1373 1424 1519 1500 prodeunt

155 1506 408 1588 pabulatum²¹⁷).
453 1510 489 1569 In
515 1512 656 1588 stirpibus
684 1514 821 1586 cortices,
851 1513 1081 1573 inanimalibus
1111 1514 1202 1587 cutis,
1233 1520 1285 1571 aut
1307 1513 1333 1570 si
1357 1510 1427 1588 quid
1451 1512 1516 1588 ejus

155 1600 247 1659 vicem
273 1598 398 1672 obtinet,
420 1599 562 1675 majorem
583 1615 742 1676 corporeae
763 1600 849 1660 molis
872 1608 984 1677 partem
999 1600 1130 1660 absolvit
1151 1600 1366 1676 [nugarumque
1382 1606 1411 1658 at
1425 1616 1516 1675 poro·

154 1703 215 1746 eum
238 1692 302 1761 eet3
335 1703 371 1746 ac
393 1687 419 1745 si
442 1684 513 1763 qnid
536 1684 746 1763 deprehensum
777 1690 806 1745 in
837 1687 884 1748 die
914 1689 1016 1762 tuerit,
1047 1690 1075 1745 in
1104 1689 1272 1746 summitate
1302 1686 1456 1746 induratur
1487 1694 1518 1746 et

153 1773 297 1848 adndtur,
320 1790 448 1851 vespera
467 1772 643 1835 succedente
658 1770 900 1852 deglubitur²'⁸).
938 1776 1029 1836 Terra
1044 1776 1205 1850 nascentia,
1228 1773 1297 1834 licet
1319 1776 1349 1853 in
1373 1775 1515 1835 montium

151 1861 229 1938 jugie
252 1876 353 1939 peuce
374 1861 449 1935 siut,
477 1860 650 1938 plerumque
673 1858 776 1922 eodem
799 1860 847 1924 die
870 1871 899 1923 et
922 1870 1056 1923 creemur
1077 1871 1106 1923 st
1129 1868 1301 1938 enecantur,
1331 1862 1417 1921 novis
1439 1878 1515 1938 qno-

152 1949 221 2009 tidie
244 1949 512 2010 succrescentibus.

256 2036 372 2098 Natura
395 2037 530 2113 viperina
551 2037 581 2094 ln
602 2039 772 2097 universum
794 2036 957 2113 praevalet.
1002 2035 1146 2096 Miraculo
1167 2039 1246 2095 enim
1272 2043 1343 2097 sunt
1363 2034 1427 2097 Soli
1450 2053 1515 2097 sesa

151 2127 179 2184 iu
200 2124 329 2186 meridia
351 2129 532 2201 exponentes
554 2127 639 2199 quasi
661 2123 823 2200 voluptatis
846 2141 949 2198 censa,
973 2140 1031 2183 nou
1055 2132 1153 2184 tamen
1175 2124 1263 2200 alibi,
1287 2125 1344 2184 uisi
1361 2141 1438 2201 pone
1454 2126 1514 2185 ori·

150 2213 215 2274 nats
238 2211 457 2290 speluncarum,
481 2218 514 2269 nt
535 2218 615 2271 tutus
638 2217 668 2272 et
688 2219 821 2288 promtus
842 2213 881 2271 sit
903 2206 1116 2289 receptus²¹⁹).

257 2298 445 2377 Quibusdam
476 2316 529 2375 per
559 2298 616 2358 dici
647 2306 761 2358 aestum
789 2301 908 2376 spiritus
942 2298 1102 2359 exhaustus
1133 2301 1254 2376 vitaque
1288 2300 1432 2360 exstincta
1461 2317 1514 2377 per

149 2394 270 2450 nomem
296 2384 434 2462 redeunt,
465 2387 610 2447 conhada
637 2388 751 2446 ratione
777 2402 866 2462 quam
895 2385 975 2463 apud
1002 2403 1057 2446 uos
1088 2388 1198 2447 muscis
1207 2383 1274 2466 ¹²²⁰).
1317 2386 1433 2448 Passim
1460 2405 1513 2465 per

148 2475 245 2536 aulum
272 2472 423 2551 dispersae
445 2474 540 2534 moles
563 2474 657 2549 ligura
686 2488 794 2533 nucum
822 2474 988 2550 pinearum,
1018 2490 1070 2552 per
1100 2474 1176 2535 diem
1206 2474 1318 2535 adustis
1347 2475 1511 2552 corticlbus,

147 2566 269 2643 vesperi
291 2563 379 2639 quasi
398 2560 521 2622 reclusis
543 2559 671 2635 latebris,
696 2562 857 2621 animantia
878 2557 1044 2642 edunt²²¹l

255 2650 455 2725 Praecipuum
477 2657 576 2708 aestus
597 2648 786 2709 lenimentum
809 2651 838 2707 in
857 2648 1045 2710 subvolvano
1059 2647 1274 2728 hemisphaerio
1289 2657 1359 2711 suut
1372 2640 1513 2713 continua

148 2737 253 2800 nubila
286 2743 343 2859 att2⁸
344 2735 465 2814 pluviae
474 2730 546 2812 ²²⁹),
576 2752 654 2812 quus
684 2736 844 2814 aliqnando
871 2754 924 2815 per
951 2735 1102 2798 dimidiam
1132 2741 1281 2817 regionem
1311 2745 1363 2799 aut
1385 2756 1421 2800 eo
1443 2739 1511 2817 plus

148 2827 287 2888 obtinent
342 2823 362 2903 ).

253 2912 418 2987 Hucusque
441 2927 507 2970 cum
528 2912 728 2988 pervenissem
744 2910 928 2986 somniando,
950 2921 1058 2975 ventus
1072 2918 1154 2975 ortus
1169 2930 1235 2974 cum
1250 2915 1374 2991 strepitu
1389 2912 1510 2992 pluviae

148 3018 284 3062 sumnum
307 2998 380 3058 mihi
402 2998 539 3058 dissolvit
559 3016 678 3075 unaque
699 2997 766 3059 libri
787 3000 971 3060 Francolurti
998 3000 1080 3060 allati
1103 3006 1233 3062 exhema
1255 3001 1394 3063 abolevit.
1439 3002 1509 3079 Ipse

149 3092 248 3166 itaque
280 3086 391 3147 relictis
414 3086 567 3147 Daemone
596 3093 733 3146 namaute
759 3094 789 3146 ct
814 3087 1013 3162 auditoribus,
1045 3089 1196 3149 Durocoto
1226 3088 1287 3148 filiu
1320 3106 1387 3149 cnm
1414 3096 1507 3151 matra

147 3174 325 3249 liolxhildi,
348 3182 382 3233 ut
402 3183 486 3235 erant
508 3174 658 3235 obvolutis
674 3176 828 3251 capitibus,
853 3175 891 3235 ad
913 3193 959 3236 mc
982 3193 1125 3252 reversus,
1148 3194 1217 3238 vera
1240 3182 1330 3265 eaput
1350 3177 1507 3255 pulvinari,

143 3283 250 3344 corpus
272 3262 417 3341 stragulis
441 3261 614 3323 obvolutum
636 3261 823 3339 deprehendi.
