3308 5534
78 410 85 417 ·
149 392 214 467 992
384 480 389 499 ,
545 372 597 432 ·'
657 396 723 454 vrrs
740 396 859 457 roenna
873 394 993 468 nepum

150 593 208 653 que
230 581 403 655 perpetuum
426 576 572 636 amicitiae
595 576 799 638 commercium
821 576 934 638 hahuit.
965 574 1137 652 Ziegleri
1160 574 1274 637 deiude
1299 592 1409 639 nomeu
1423 578 1503 638 11111

150 662 229 743 apud
243 663 402 741 Keplerum
424 666 578 737 invenitur,
601 667 652 740 qui
668 681 758 742 quum
774 682 852 725 anuo
871 671 964 724 1600.
981 680 1032 742 per
1054 662 1250 724 Maestliuum
1273 664 1420 724 1111111111
1433 664 1503 726 daret

149 754 181 821 (1.
199 754 252 822 51),
275 753 350 811 inter
381 751 435 810 hos
463 751 596 811 homines
624 753 791 815 interiorem
813 750 1021 811 familiaritatis
1043 754 1222 813 societatem
1243 752 1417 815 interfuisse
1437 756 1503 813 reri·

152 838 248 898 simile
272 845 325 900 est.
356 838 479 916 Scripsit
501 838 578 898 idem
602 839 830 917 disputationem
853 840 1005 919 physicam
1029 839 1065 899 de
1088 838 1163 899 Visu
1189 844 1502 901 11111596.111111

149 925 435 987 Hohenielderornm
457 926 538 985 tratri
561 924 672 986 Marco.

183 1016 188 1029 '
259 1012 457 1072 Transeuntes
471 1014 509 1072 ad
525 1012 693 1090 theologiae
708 1014 896 1094 professores,
912 1012 1076 1075 Herbrsu
1086 1013 1122 1073 di
1145 1022 1175 1073 et
1191 1014 1233 1074 Si
1239 1018 1380 1092 girarti
1402 1018 1501 1075 nouus

150 1100 320 1178 sKepleno
349 1100 431 1158 nullo
460 1099 525 1160 loco
556 1100 648 1161 relata
679 1101 822 1162 videmus.
869 1099 1001 1177 Quorum
1023 1100 1110 1175 alter,
1144 1105 1197 1178 qui
1230 1111 1297 1161 erat
1318 1102 1500 1179 Tubiugeuris

150 1189 285 1248 coenobii
308 1190 456 1266 inspector
477 1187 578 1264 (antea
601 1206 619 1246 a
644 1188 877 1265 Wiirtemhcrgia
908 1189 946 1248 nd
970 1188 1132 1247 Concilium
1155 1187 1373 1249 Tridentinum
1399 1190 1501 1267 delega-

151 1277 214 1349 tus)
238 1282 266 1334 et
289 1293 316 1333 a.
344 1275 436 1334 1598.
463 1280 501 1333 17
527 1292 618 1334 annos
648 1284 735 1336 natus
758 1294 776 1336 a
800 1292 918 1335 munere
947 1278 1078 1347 recessit,
1109 1278 1140 1333 in
1163 1276 1292 1354 Kepleri
1324 1275 1500 1337 eruditione·

150 1362 347 1438 theologicam
370 1364 465 1420 minus
489 1360 617 1421 valuisse
635 1361 758 1439 ridetur,
782 1362 906 1423 alterum
922 1370 1030 1436 eontra,
1054 1362 1246 1441 Sigwsrtum,
1270 1370 1376 1423 aetate
1399 1367 1500 1443 integro.

149 1452 201 1527 qui
223 1457 252 1509 et
274 1449 447 1524 theologicis
470 1449 715 1526 disputationibus
739 1448 989 1525 concionandiqne
1019 1453 1286 1510 exercitationibus
1316 1462 1499 1530 praeessetet

149 1539 212 1616 ipse
235 1539 263 1594 in
287 1538 365 1595 urbis
388 1538 482 1614 prima
504 1535 628 1597 ecelesia
651 1537 845 1597 sacerdotium
866 1545 995 1607 teneret,
1016 1539 1045 1596 11
1072 1537 1275 1597 adolescentis
1307 1538 1409 1597 studia
1431 1540 1499 1597 theo·

148 1624 247 1701 logica
272 1624 366 1700 maJns
390 1632 569 1682 momentum
596 1625 735 1685 habuisse
764 1624 920 1684 verisimile
950 1632 1003 1684 est.
1045 1622 1287 1684 Gerlaohius
1319 1624 1499 1703 Tubingeus‘s

152 1713 286 1772 coenobii
310 1714 419 1789 primus
442 1718 504 1770 erat
528 1718 636 1785 eustos,
659 1722 816 1791 postquam
839 1711 1082 1771 1111111513.
1107 1729 1205 1788 usque
1229 1710 1269 1770 ad
1292 1718 1497 1775 1111111511.

149 1806 180 1859 et
201 1797 456 1876 Constantinopoli
479 1805 507 1858 et
529 1801 558 1855 in
583 1799 780 1877 compluribus
798 1798 940 1859 Graeciae
963 1798 1077 1877 oppidis
1099 1808 1306 1859 commoratus
1329 1809 1385 1873 est,
1407 1799 1499 1877 dequo

62 1942 74 1967 Ι
150 1885 260 1951 Gellius
283 1885 372 1945 haec:
497 1885 608 1963 ,multo
631 1885 809 1947 Patriarchis
828 1885 947 1961 junctus
969 1886 1006 1946 ab
1029 1902 1093 1959 usu,
1117 1886 1166 1945 hio
1190 1902 1261 1945 eum
1284 1886 1382 1947 multa
1402 1890 1500 1965 1111111

150 1971 291 2049 religione
314 1988 400 2050 super
416 2004 523 2033 .....
521 1976 539 2031 1
543 1980 666 2049 ugustae
689 1972 795 2034 (larcio
817 1972 889 2055 dats
912 1991 988 2049 quae
1012 1974 1177 2046 consessio,
1204 1972 1325 2034 Graece
1347 1992 1500 2035 conversan

149 2060 245 2120 dictos
259 2060 327 2119 iecit
341 2059 449 2119 babere
465 2058 592 2138 patres.“
623 2061 667 2120 Ex
684 2060 808 2140 epistola
831 2060 992 2138 aKeplero
1014 2060 1053 2119 ad
1069 2059 1264 2121 Gerlachium
1287 2065 1382 2121 missa
1405 2064 1501 2136 (1111.

149 2166 177 2223 p.
190 2152 255 2221 295)
280 2148 472 2222 viderelicet,
495 2149 573 2208 hunc
601 2150 696 2207 virum
726 2147 762 2208 de
785 2146 970 2209 adolescente
993 2147 1142 2209 literarum
1172 2148 1401 2209 studiosissimo
1421 2151 1499 2228 prmo

151 2252 250 2297 amore
274 2237 430 2295 curavisse.

254 2322 471 2399 Theologorom
482 2322 607 2400 denique
618 2323 849 2400 Tubingensinm
864 2325 1081 2383 natumiuimus
1093 2329 1155 2383 erat
1167 2322 1368 2385 Matthias
1383 2322 1499 2383 listen-

151 2411 327 2482 rsiierus,
360 2412 409 2485 qui
434 2413 484 2468 rix
508 2411 607 2472 decem
630 2414 715 2471 annis
737 2410 858 2488 Kepleri
886 2417 1012 2471 11111111
1039 2419 1210 2490 superaret,
1246 2418 1286 2472 31
1313 2429 1408 2472 annos
1428 2422 1497 2470 natus

153 2498 285 2558 coenobii
317 2498 411 2557 iaetus
442 2499 583 2576 ephorus,
616 2500 699 2575 cujus
732 2498 859 2558 oilieium
880 2501 1067 2577 praecipuum
1096 2499 1314 2577 prophetarum
1343 2512 1405 2559 eret
1424 2503 1498 2557 iuter·

151 2587 287 2666 pretatio.
320 2583 385 2660 Quo
410 2601 474 2644 cum
499 2589 561 2646 viro
585 2604 679 2663 usqne
703 2585 739 2644 ad
763 2586 828 2661 ejus
849 2594 971 2646 mortem
994 2586 1033 2662 (a.
1053 2587 1151 2662 1619)
1173 2596 1356 2665 perpetuam
1378 2588 1497 2647 eandem·

154 2690 211 2750 que
240 2674 371 2731 intimam
404 2671 552 2749 Keplerns
582 2674 686 2733 habuit
716 2674 884 2735 amicitiam.
935 2674 979 2732 Ex
1009 2673 1158 2733 literarum
1190 2684 1296 2734 antem
1329 2676 1496 2745 commertio,

153 2759 234 2838 quod
257 2761 333 2818 iuter
357 2758 423 2818 illos
447 2762 594 2834 interluit,
626 2761 662 2819 de
687 2776 744 2836 quo
767 2762 886 2820 ineunte
910 2762 1014 2836 (quum
1037 2760 1105 2821 inde
1129 2761 1167 2821 ab
1192 2780 1274 2821 anno
1303 2769 1400 2823 1591.
1422 2778 1497 2839 usque

151 2848 191 2908 ad
214 2864 323 2908 annum
350 2852 442 2908 1607.
468 2846 589 2924 Kepleri
613 2846 708 2906 desint
730 2850 883 2924 respousa)
915 2849 1035 2908 alterius
1063 2857 1177 2907 tantum
1209 2850 1364 2927 epistolae
1392 2848 1497 2910 traditae

153 2943 232 3009 sunt,
257 2934 418 2995 clarissime
443 2935 548 3008 elucet,
573 2935 629 2994 hoe
652 2935 758 2994 salsum
782 2953 857 3008 esse,
883 2936 961 3011 qnod
984 2954 1003 2994 a
1024 2938 1239 2995 recentioribus
1264 2937 1381 2998 dietum
1403 2938 1497 3007 est,'n

153 3024 407 3099 Wlirttembcrgia
429 3022 590 3099 Keplernm
615 3021 694 3081 hand
718 3021 805 3081 dubie
835 3022 947 3083 nullum
971 3024 1166 3084 sacerdotium
1196 3025 1394 3085 obtenturum
1415 3028 1496 3093 inisse,

151 3129 242 3189 quum
274 3114 302 3167 in
333 3113 398 3187 ipsa
429 3110 580 3169 academia
612 3109 784 3169 udoctrina
812 3110 872 3169 illie
898 3120 1016 3187 recepta
1045 3110 1246 3171 dissensisset.
1296 3112 1497 3173 Halenredemr

153 3198 288 3276 quidem,
321 3206 384 3285 totp
408 3200 505 3256 animo
530 3196 597 3257 fidei
621 3214 693 3257 suae
716 3196 866 3268 addictus,
897 3200 940 3258 sic
969 3208 1000 3256 11
1022 3201 1138 3275 scripsit
1161 3199 1201 3258 ad
1225 3200 1409 3277 discipulum
1428 3216 1497 3259 suan

151 3286 277 3347 seribere
302 3302 358 3343 non
383 3287 537 3360 potuisset,
562 3287 586 3343 si
611 3287 698 3342 etiam
722 3292 783 3343 tum
807 3284 843 3343 dc
866 3284 985 3363 Kepleri
1009 3287 1198 3361 opinionibus
1231 3288 1396 3347 haereticis
1416 3287 1496 3363 suspi-

152 3383 234 3435 catus
258 3380 343 3432 esset.
369 3375 437 3442 (Cir.
457 3375 511 3429 rol.
530 3374 551 3430 1.
577 3393 604 3444 p.
623 3374 657 3428 23
677 3378 746 3444 seq.)
784 3370 870 3447 Quod
902 3376 989 3433 etiam
1018 3376 1111 3449 magis
1141 3376 1317 3450 apparebit,
1350 3379 1376 3435 si
1403 3378 1497 3453 episto·

151 3461 197 3522 las
219 3461 347 3518 virorum
371 3463 482 3535 priores
507 3477 572 3519 cnm
597 3459 654 3516 illis
678 3461 716 3518 ab
733 3476 810 3518 anno
829 3467 921 3520 1618.
946 3469 976 3520 11
997 3458 1072 3519 datis
1094 3468 1124 3519 et
1139 3466 1275 3537 acceptis
1292 3463 1496 3531 contulerint,

152 3552 182 3608 in
206 3550 312 3624 quibus
337 3547 373 3606 de
397 3549 484 3606 rebus
507 3547 597 3605 saeris
627 3549 843 3606 maximarum
873 3550 1017 3624 gravitate
1047 3550 1153 3623 agitur.
1202 3550 1303 3607 Immo
1336 3569 1407 3611 rero
1428 3548 1496 3625 liep-

152 3638 231 3698 lerus
254 3636 297 3694 sie
319 3634 458 3711 'I'ubinga
482 3634 617 3693 Gratiam
641 3633 784 3706 discessit,
808 3642 841 3694 ut
864 3653 928 3695 curn
952 3634 1010 3693 illis
1033 3638 1112 3706 viris,
1137 3637 1188 3710 qui
1216 3639 1320 3713 ipsum
1345 3638 1496 3713 theologice

151 3723 255 3782 studiis
278 3725 462 3795 imbuissent,
487 3731 516 3781 et
538 3739 680 3781 summam
703 3722 889 3782 concordiam
914 3731 942 3784 et
964 3724 1121 3782 amicitiam
1139 3741 1199 3780 non
1218 3734 1371 3784 nudatam
1395 3734 1494 3784 teneret

149 3811 218 3887 lpse
242 3810 369 3885 quidem,
395 3819 532 3885 suscepto
554 3826 674 3867 munere
698 3808 776 3884 qnod
800 3811 857 3886 ipsi
872 3809 966 3869 Gratii
988 3811 1117 3868 oblatum
1135 3820 1210 3883 erat,
1236 3816 1377 3889 scripsit,
1399 3812 1435 3871 ad
1454 3810 1497 3869 olr-

149 3898 275 3957 enndsm
298 3900 476 3956 functionem
499 3896 579 3954 iilam
603 3899 828 3955 astronomicam
854 3898 1041 3973 ᾖ11111111]1
1072 3914 1103 3954 se
1127 3914 1195 3956 esse
1221 3904 1406 3959 auctoritate
1427 3916 1498 3977 prte-

149 3994 313 4061 ceptorum,
337 3985 447 4043 adiisse
469 3982 545 4042 haue
569 3983 692 4042 multum
716 3991 917 4060 protestatum,
944 4001 994 4063 „se
1019 3982 1161 4042 adalind
1185 3987 1273 4046 vitae
1298 4006 1412 4063 genus.
1434 3980 1498 4065 quoi

148 4070 331 4146 splendidius
354 4072 516 4143 rideretur,
539 4088 725 4148 nequaqnam
750 4068 884 4133 eedere“.
931 4070 1014 4145 Quae
1038 4070 1113 4131 idern
1140 4074 1281 4134 conlecto
1298 4068 1499 4136 Prodromosd

147 4156 337 4218 Maestlinum
360 4160 478 4234 scripsit
500 4177 528 4234 p.
556 4164 617 4218 974
641 4158 786 4235 legantur.

254 4242 368 4320 Quibus
392 4265 427 4303 er
453 4246 536 4304 dictis
560 4253 590 4305 et
620 4246 705 4304 honis
729 4244 786 4304 iilis
817 4247 1005 4317 testimoniis,
1038 4263 1113 4320 quac
1138 4244 1276 4321 chlcro
1310 4249 1351 4311 de
1377 4250 1496 4329 „conen

151 4330 269 4391 nando“
295 4332 364 4391 data
385 4333 447 4409 jam
471 4351 560 4408 supra
583 4333 744 4404 attulimus,
768 4333 826 4392 hoe
840 4336 972 4410 seqnitur
987 4351 1044 4391 non
1062 4333 1275 4407 dubitandum,
1300 4338 1332 4394 in
1351 4336 1495 4395 it'unreu-

149 4419 249 4494 bergio
272 4418 432 4496 Keplernm
455 4420 607 4479 aerrdernia
631 4419 771 4481 derelicta
793 4421 989 4480 sacerdotium
1012 4423 1075 4478 sine
1097 4420 1160 4479 ulls
1184 4420 1383 4484 dubitatione
1405 4427 1494 4483 obtes-

147 4515 243 4564 turum
265 4508 364 4579 luisse,
387 4509 442 4565 nisi
467 4517 528 4566 tum
548 4507 652 4581 Juveni
676 4509 865 4585 egentissimo
889 4518 1053 4585 opportuna
1077 4510 1196 4567 occasio
1222 4520 1305 4571 11111
1331 4508 1493 4575 antemi·

146 4595 299 4671 gymnasio
324 4592 470 4652 Gratiensi
493 4593 639 4653 modicum
663 4612 769 4654 munus
791 4594 1000 4675 adipiscendi„

252 4678 345 4738 uiliter
366 4682 468 4756 utique
491 4699 536 4740 res
560 4699 591 4742 11
615 4682 704 4743 habet
727 4682 763 4742 de
787 4686 838 4755 iis,
863 4700 939 4761 quae
964 4682 999 4743 de
1021 4686 1135 4741 ratione
1159 4682 1375 4758 Cepernieana
1392 4684 1492 4761 judiea-

145 4766 231 4831 verit.
286 4766 344 4826 Sed
375 4767 449 4829 haec
480 4769 580 4845 opinio
612 4768 792 4848 Keplerians
826 4777 888 4831 tum
923 4771 1038 4832 demum
1067 4772 1096 4829 11
1128 4768 1228 4830 lueern
1257 4773 1388 4849 prodiit,
1417 4784 1489 4849 quun
