3308 5534
710 372 738 433 ht
756 366 829 433 Orbe
845 372 950 433 nmen.
1461 372 1506 444 97

146 570 304 633 quousque
326 553 383 615 tihi
404 554 479 616 libet
500 555 638 633 ineptire,
666 558 808 617 metuenti
829 572 849 615 a
869 558 960 616 tantis
982 553 1146 615 fervoribus
1170 559 1200 613 et
1221 552 1437 613 continentibus
1459 555 1507 613 in-

144 642 399 703 tanmauontbns
414 662 432 705 a
448 642 527 718 Sole,
550 645 621 719 qnln
636 641 694 703 illis
709 643 845 703 undecim
852 637 894 723 εὖ)
915 643 1080 704 aestatibus
1095 657 1304 717 congressuum
1318 638 1422 702 Lunae
1438 658 1506 701 oum

146 728 214 790 Sole
236 732 367 808 opponis
391 733 517 807 primum
539 730 660 790 totidem
682 729 846 807 plenilunio
863 732 968 788 hiems
985 732 1141 803 referentia,
1160 727 1290 788 seeundo
1313 730 1507 788 mutationum

147 820 332 877 mtmsiouum
349 827 379 877 et
394 821 586 877 remissionum
603 820 833 886 continuitatem,
848 832 925 894 quae
937 817 1107 877 excessibus
1125 818 1232 875 duobus
1251 819 1404 891 contraiis,
1423 816 1508 877 brevi

147 905 286 982 temporis
306 906 407 983 spatio
430 906 663 981 circumscriptis,
684 913 947 981 temperamentum
968 919 1054 963 sunm
1077 901 1224 975 conciliet,
1248 902 1386 981 qnodque
1409 910 1455 965 est
1476 904 1507 961 in

147 992 288 1053 alterutro
309 993 446 1065 nimium,
469 991 500 1050 id
522 992 629 1063 demat,
652 993 703 1053 ubi
724 991 941 1053 mediocritates
963 991 1038 1050 inter
1052 1007 1199 1063 excessua,
1221 997 1255 1049 ut
1276 1008 1330 1066 par
1351 998 1405 1063 est,
1429 1000 1506 1051 tem·

146 1080 263 1156 perlem
287 1081 391 1140 vernis
412 1081 521 1139 nostris
535 1080 715 1155 temporibus
729 1081 946 1156 appositissime
965 1077 1199 1154 comparandam,
1216 1074 1506 1156 complectunturit).

246 1165 370 1228 Deinde
397 1164 491 1247 (Solis
520 1165 633 1241 radius)
664 1166 702 1225 ad
731 1183 785 1226 nos
815 1165 934 1243 quidem
963 1165 1114 1225 descendit
1142 1182 1195 1242 per
1221 1168 1319 1225 a‘e'rem
1348 1164 1506 1240 turbidum,

148 1254 222 1313 rircs
244 1253 358 1315 terrori
381 1269 537 1314 assumens
559 1254 598 1314 ab
621 1255 889 1331 evaporationibus,
916 1260 948 1313 ut
970 1271 989 1312 a
1011 1253 1119 1330 qulbus
1140 1252 1191 1314 ille
1213 1251 1311 1312 alitur.
1347 1253 1415 1312 illic
1436 1269 1507 1314 vero

148 1344 194 1401 air
215 1356 284 1401 cnm
307 1342 351 1400 alt
371 1342 471 1400 tenuia
494 1348 524 1402 et
545 1339 650 1417 clarus,
673 1340 797 1419 dissipat
817 1339 1012 1401 radiationem
1033 1347 1064 1402 et
1085 1339 1231 1415 diffundit,
1253 1349 1377 1419 atquae
1401 1357 1507 1419 corpus

148 1428 255 1489 hreult
276 1421 464 1509 nullum⁸²).

247 1513 356 1577 sum
376 1531 450 1577 vero
473 1522 503 1575 et
525 1515 635 1575 lructus
652 1518 681 1574 in
697 1519 779 1575 Luna
797 1514 845 1577 vel
868 1515 976 1576 imbres
999 1514 1139 1589 educant,
1164 1512 1213 1574 vel
1234 1514 1333 1588 aliter,
1362 1520 1508 1591 utsupra

149 1600 267 1663 l'hebas
290 1618 387 1681 penes
408 1618 465 1663 vos
488 1610 519 1664 et
539 1605 616 1663 circa
637 1601 765 1681 Syenen,
787 1604 812 1663 si
834 1609 910 1663 terra
931 1604 1024 1675 aliqua
1056 1604 1082 1661 sl
1103 1618 1162 1662 non
1176 1601 1345 1679 pluvialem,
1369 1611 1400 1661 at
1422 1604 1508 1662 terri-

148 1706 252 1766 genam
274 1689 434 1751 hamorem
455 1689 597 1751 combibit
619 1690 806 1765 ventulisqne
828 1699 858 1751 et
878 1691 992 1751 roribus
1015 1696 1170 1764 recreatur,
1194 1706 1252 1749 non
1275 1706 1341 1751 reor
1362 1706 1428 1749 cum
1446 1688 1509 1750 ulla

149 1784 309 1852 mrum,
341 1794 421 1853 qnae
444 1776 601 1853 plurimum
623 1778 844 1854 compluuntur,
876 1775 1075 1838 foecunditate
1103 1777 1175 1837 uelit
1206 1779 1367 1854 comparari
1389 1786 1509 1855 propter

148 1862 311 1925 bonitatem
339 1862 491 1940 quandam
520 1870 550 1925 et
578 1867 748 1941 temperiem
774 1863 960 1940 singularem.
1005 1864 1044 1922 Et
1071 1880 1141 1924 vero
1170 1882 1262 1940 penes
1291 1880 1346 1924 nos
1376 1864 1508 1941 ejusdem

147 1954 256 2028 speciei
279 1950 419 2030 plantae,
450 1953 477 2011 si
499 1951 617 2028 quidem
640 1951 826 2012 vehementer
848 1960 1016 2027 premantur
1037 1950 1143 2011 hiemis
1164 1953 1323 2029 rigoribus,
1352 1953 1509 2013 feraciores

146 2048 213 2098 snut
226 2038 403 2114 fructusque
419 2038 511 2098 edunt
523 2038 718 2115 pulchriores,
742 2047 844 2099 contra
865 2056 936 2098 vero
959 2039 988 2096 in
1006 2037 1101 2116 Libya
1117 2046 1147 2097 et
1160 2040 1240 2116 apud
1256 2056 1310 2099 vos
1324 2041 1354 2097 in
1370 2040 1507 2117 Aegypto

147 2124 269 2187 eaedem
292 2126 412 2203 irigorls
440 2124 598 2186 admodum
625 2133 694 2187 sunt
714 2127 901 2203 impatientes
928 2133 958 2187 et
986 2124 1147 2187 imbecilles
1175 2126 1212 2186 ad
1240 2126 1352 2186 hiemes
1369 2129 1506 2187 terendas.

148 2210 297 2273 (ledrmh
318 2229 391 2272 vero
415 2220 444 2272 et
467 2212 693 2291 Troglodytica,
715 2230 793 2289 quae
815 2212 853 2273 ad
876 2228 1018 2273 oceanum
1040 2212 1206 2288 descendit,
1235 2214 1363 2274 comsit
1386 2214 1508 2290 inirugi-

147 2300 206 2361 iera
229 2298 393 2377 nullasque
417 2301 534 2376 penitus
555 2301 674 2361 arbores
690 2300 841 2378 producat,
865 2302 894 2358 in
910 2318 946 2361 ea
961 2309 1059 2360 tamen
1075 2309 1166 2376 parts,
1190 2318 1266 2377 quae
1281 2303 1354 2361 mari
1369 2303 1509 2377 contigua

148 2396 189 2448 est
210 2386 343 2465 ejusque
364 2387 503 2447 ductibus
524 2386 653 2462 alluitur,
676 2395 752 2450 terra
775 2390 926 2448 nascentia
947 2397 1016 2447 sunt
1038 2388 1247 2463 magnitudinis
1269 2388 1457 2449 admirandae
1480 2394 1510 2449 et

147 2491 180 2535 ex
201 2472 356 2552 prolundo
378 2481 564 2549 mercentur,
586 2492 709 2551 quorum
733 2476 793 2535 alla
807 2475 912 2549 olivas,
935 2473 996 2534 alia
1018 2473 1125 2550 laurus,
1149 2477 1209 2536 alia
1224 2475 1313 2536 Isidis
1336 2479 1429 2535 crines
1452 2492 1507 2553 ap·
1603 2522 1606 2527 .

146 2560 296 2639 pellitant.
335 2559 421 2637 Quae
444 2578 515 2622 vero
538 2578 643 2624 nomen
665 2562 775 2623 habent
790 2580 809 2623 a
822 2561 998 2622 reflectendo
1020 2579 1130 2638 amore,
1154 2581 1191 2623 ex
1212 2572 1289 2623 terra
1311 2563 1432 2624 evulsae
1448 2580 1507 2623 uon

148 2658 262 2709 tantum
294 2648 462 2725 producunt
491 2650 583 2709 vitam
613 2667 787 2727 suspensae,
821 2667 909 2727 qnam
932 2649 982 2709 diu
1005 2652 1072 2726 quis
1095 2650 1176 2725 vult,
1206 2651 1259 2711 sed
1282 2657 1311 2711 ct
1333 2652 1506 2727 germinant,

148 2740 275 2797 imerus
295 2739 379 2795 etiam
396 2741 433 2797 ab
456 2739 569 2795 humore
588 2746 726 2817 extraneo.
769 2737 911 2797 Sciuntur
939 2744 1037 2797 autem
1067 2737 1127 2798 alia
1159 2737 1277 2815 quidem
1303 2738 1416 2812 hieme,
1447 2737 1508 2798 ulia

147 2828 268 2901 rigente
292 2832 417 2898 aestate,
440 2833 474 2883 nt
494 2840 639 2884 sesamum
662 2831 692 2884 et
714 2826 865 2900 panicum,
896 2823 997 2884 allium
1026 2842 1096 2885 nero
1127 2825 1176 2885 vel
1198 2828 1395 2900 centaurium,
1427 2824 1507 2902 quod

147 2914 221 2972 riin
246 2911 361 2971 bonam
382 2921 412 2972 et
433 2914 572 2988 pinguem
594 2919 750 2988 spargatur
772 2919 878 2972 terram
900 2913 1068 2990 rigaturque
1092 2921 1122 2974 et
1143 2922 1368 2990 conspergatur,
1400 2912 1509 2974 deserit

149 2998 325 3077 qualitatem
347 2997 511 3059 naturalem
534 3007 565 3058 et
586 3001 663 3058 vires
685 3016 755 3059 suas
778 2998 919 3076 deperdit,
942 3001 1073 3060 siccitate
1091 3000 1202 3077 gaudet
1224 3008 1253 3061 et
1275 3004 1305 3059 in
1328 3010 1433 3061 natura
1454 3018 1509 3060 sna

149 3085 273 3163 proficit.
322 3084 453 3160 Quodsi,
478 3087 520 3144 nti
543 3086 653 3158 lerunt,
684 3086 783 3162 aliqua
806 3103 843 3146 ne
865 3103 958 3146 rorem
980 3086 1098 3163 quidem
1122 3088 1263 3162 tolerant,
1294 3095 1327 3147 ut
1349 3088 1507 3165 pleraeque

149 3173 267 3251 plantae
290 3172 459 3247 Arabicae,
490 3171 542 3232 scd
572 3173 740 3233 humectate
761 3182 896 3233 arescunt
917 3182 947 3234 et
968 3183 1102 3250 pereunt,
1134 3174 1205 3250 quid
1228 3177 1316 3251 igitur
1338 3177 1459 3250 mirum,
1483 3178 1509 3234 si

150 3262 175 3319 iu
190 3261 281 3320 Luna
296 3269 459 3321 nascuntur
473 3258 599 3334 radices,
623 3261 744 3334 semina,
769 3261 878 3335 silvae,
903 3278 978 3336 quae
995 3278 1049 3321 nec
1063 3262 1173 3340 pluviis
1189 3261 1320 3338 indigent
1334 3281 1387 3324 nec
1402 3262 1506 3339 hieme,

151 3348 199 3409 sed
223 3352 256 3407 in
278 3351 349 3408 edre
372 3350 488 3409 aestino
511 3355 540 3408 et
562 3349 642 3407 tenui
665 3347 817 3407 commode
838 3350 1023 3424 proveniunt.

255 3434 451 3511 quuomodo
474 3451 532 3493 non
554 3435 593 3493 ait
614 3444 850 3508 consentaneum,
876 3437 1011 3495 ventulos
1025 3437 1101 3509 oriri,
1126 3438 1176 3512 qui
1201 3437 1313 3496 Lunam
1336 3437 1439 3497 afflatu
1460 3445 1507 3497 te-

150 3521 217 3599 pido
241 3522 382 3596 loveant,
404 3530 434 3582 et
450 3523 648 3582 conversionis
663 3525 802 3598 impetum
817 3522 958 3599 paulatim
974 3525 1107 3583 comitari
1127 3540 1214 3583 auras
1236 3524 1325 3598 lenes,
1350 3542 1426 3601 quae
1449 3527 1507 3583 cir·

152 3609 305 3671 cumiusae
328 3619 358 3670 et
381 3608 529 3685 dispersae
551 3626 630 3669 rores
653 3619 682 3669 et
704 3610 949 3670 humectationem
972 3611 1117 3670 modicam
1140 3611 1286 3671 sufficiant
1315 3613 1507 3688 germinanti-

151 3692 281 3771 innah?
328 3698 429 3773 Atque
452 3698 541 3757 etiam
562 3698 656 3772 ipsam
684 3705 912 3773 temperamento
940 3715 1004 3758 esse
1033 3715 1091 3756 non
1120 3700 1206 3776 igneo
1234 3716 1330 3775 neque
1360 3697 1505 3775 squalido,

150 3784 200 3845 aad
231 3782 320 3843 molli
349 3795 380 3844 et
408 3782 544 3859 aquoso‘l
579 3783 669 3844 Nulla
691 3787 767 3844 enim
798 3786 835 3844 ab
859 3784 910 3843 illa
939 3783 977 3844 ad
1008 3803 1061 3844 nos
1090 3786 1186 3845 influit
1213 3788 1353 3847 siccitatis
1380 3788 1505 3860 affectio,

151 3870 242 3931 multa
265 3888 339 3930 vero
362 3870 543 3931 humiditatis
565 3878 594 3931 et
616 3872 758 3932 femineae
781 3872 941 3947 qualitatis,
969 3876 1222 3948 augmentationes
1245 3875 1307 3933 scil.
1330 3874 1505 3950 plantarum,

152 3962 314 4029 coctiones,
336 3961 561 4032 putrefactiones,
588 3961 717 4019 earnium
740 3959 976 4021 effervescentiae
992 3971 1022 4019 et
1034 3963 1219 4021 remissiones
1240 3963 1385 4035 vinorum,
1408 3961 1507 4021 molli-

152 4049 204 4108 ties
226 4045 390 4122 lignorum,
413 4048 518 4123 promti
541 4054 640 4122 partus
661 4040 876 4126 mulierum⁸⁰).

253 4133 372 4194 Vereor
392 4141 501 4206 autem,
524 4151 561 4192 ns
575 4132 756 4193 Pharnacem
775 4133 838 4209 jem
860 4134 1048 4210 tranquillum
1071 4152 1170 4194 rursus
1190 4137 1296 4194 irritem
1313 4139 1505 4214 excitamque,

151 4222 175 4279 ai
197 4236 447 4295 commemorem,
470 4228 503 4278 ut
526 4236 652 4280 oceanus
675 4238 745 4281 snos
767 4222 891 4281 aidurus
915 4232 945 4280 et
965 4222 1171 4282 resorbitiones
1195 4227 1242 4297 (ut
1264 4226 1321 4300 ipsi
1335 4224 1505 4301 loquuntur)

150 4316 242 4385 utque
275 4309 354 4369 irata
382 4325 437 4367 sua
467 4309 644 4368 incrementa
673 4325 692 4367 a
722 4307 807 4367 Luna
833 4311 975 4385 recipiant
1006 4317 1034 4368 et
1064 4320 1243 4383 augeantur,
1280 4311 1504 4371 humectationis

149 4380 322 4477 opera⁹').⁰
356 4392 454 4469 Quare
477 4393 515 4454 ed
536 4402 566 4454 te
588 4397 687 4472 potius
709 4404 871 4475 convertar,
895 4398 1070 4456 amicissime
1093 4397 1205 4460 Theon.
1250 4397 1296 4456 'l‘u
1320 4402 1396 4458 enirn
1420 4416 1506 4459 enar·

147 4500 213 4545 tam
235 4481 316 4543 illud
337 4480 502 4542 Memauis:
528 4482 637 4559 ,Jove
657 4484 765 4558 proles,
788 4501 847 4556 ros,
871 4484 928 4544 alit
949 4490 977 4543 et
992 4483 1102 4543 Lartos
1123 4485 1242 4560 dinoc“,
1265 4487 1351 4545 nobis
1368 4486 1504 4560 affirmas,

150 4570 230 4648 qnod
252 4573 284 4629 in
310 4570 358 4630 his
381 4573 476 4629 adrem
499 4578 586 4629 vocet
606 4568 724 4645 Jovem,
748 4577 777 4629 et
801 4570 879 4646 quod
903 4571 983 4629 illum
1008 4571 1125 4630 aliona
1147 4572 1344 4632 humectatum
1367 4575 1396 4631 in
1412 4591 1505 4632 rorem

149 4661 281 4719 converti
306 4651 450 4738 dicat⁹¹).
496 4656 603 4716 Pamnr
626 4658 718 4731 abest,
742 4674 759 4716 o
782 4660 870 4730 socie,
894 4661 963 4734 quin
987 4657 1127 4732 dicamus,
1151 4659 1231 4719 illam
1245 4659 1307 4720 Soli
1331 4664 1505 4720 contrariam

149 4742 254 4807 habere
278 4752 428 4820 naturam,
450 4745 560 4820 quippe
581 4760 640 4803 nou
661 4752 775 4804 tentum
798 4763 842 4818 ea,
866 4763 942 4822 quae
964 4745 1012 4804 hic
1034 4746 1213 4807 condensare
1236 4756 1266 4806 et
1287 4750 1397 4807 siccare
1420 4747 1503 4820 solet,

153 4831 202 4895 illa
221 4832 398 4897 emolliendi
421 4841 451 4893 et
472 4828 652 4893 diffundendi
673 4840 808 4894 naturam
830 4833 929 4909 hahet,
951 4831 1003 4894 sed
1027 4836 1116 4894 etiam
1137 4834 1297 4908 terrorem,
1319 4836 1370 4913 qui
1393 4852 1413 4894 a
1435 4834 1504 4895 Sole

198 4931 467 4989 amoenam
1279 4933 1296 4988 7
