3308 5534
146 406 212 482 844
652 408 717 471 vita
731 407 848 471 remur
863 406 984 482 Kepleri

146 593 277 669 buissel,
304 594 453 671 probatis,
475 584 615 654 suarium
637 593 674 655 de
694 609 750 654 suo
772 592 886 654 suario
908 587 1065 666 adjiceret,
1096 588 1197 652 locum
1218 589 1400 652 babtutteat
1417 608 1493 653 aeas

147 679 285 741 idoneum
307 681 403 743 Lineii
425 680 605 757 decerneret,
629 683 803 758 omniaque,
826 679 964 759 quseab
987 680 1200 756 augustissimo
1222 688 1411 741 antem
1430 696 1493 756 pss-

146 771 238 830 misss
267 778 365 842 erant,
396 769 595 844 confirmaret,
626 776 717 845 utque
745 768 818 828 mihi
844 768 938 844 primo
967 782 1085 843 quoque
1116 774 1252 844 tempure
1275 764 1493 838 exsolverentu,

147 857 262 917 iteratis
284 855 432 917 mandatis
455 865 581 934 urgeret.
626 855 757 932 Quorum
780 871 836 932 ege
858 852 1063 914 mandaterum
1086 854 1224 915 edectnm
1247 856 1493 932 exoptatiuinn

148 944 218 1003 dum
241 953 394 1021 exspecto,
423 962 476 1021 epe
499 946 610 1021 optima
631 943 781 1016 euhhltns,
813 948 928 1002 tantum
950 941 1022 1001 mihi
1044 943 1150 1001 virium
1174 943 1305 1019 ingenii,
1336 946 1493 1003 tantan

148 1032 249 1092 labore
272 1032 433 1109 patientiae
456 1033 588 1100 teremit,
612 1039 645 1091 ut
659 1031 796 1108 quemvis
810 1029 972 1097 mutatione
987 1028 1045 1090 luci
1060 1028 1183 1104 difficili,
1205 1027 1372 1091 solitudine
1390 1028 1495 1107 deun,

148 1118 318 1192 itineribus,
348 1117 475 1195 denique
502 1118 605 1178 morbo
635 1117 773 1178 dintumo
795 1134 854 1178 nun
876 1129 979 1193 parum
1003 1119 1143 1194 temporie
1165 1115 1357 1194 perderetur,
1387 1116 1494 1177 laada

147 1213 248 1267 tamen
280 1222 316 1267 eo
346 1223 440 1283 usque
468 1224 503 1266 ex
533 1205 759 1282 profundissimo
788 1202 1021 1282 speculationum
1052 1212 1082 1264 et
1108 1206 1371 1281 computationem
1398 1204 1494 1281 pelage

148 1293 252 1353 luerim
275 1293 435 1365 eluctatus,
467 1301 499 1352 ut
521 1294 663 1353 restitutis
692 1293 822 1352 motibus
845 1292 974 1351 omnium
1004 1291 1191 1368 planetarum
1213 1293 1349 1353 animum
1371 1290 1411 1351 ad
1430 1293 1494 1353 ersi·

148 1378 264 1441 bendaa
286 1380 498 1458 premeridaa
520 1397 664 1440 annerum
687 1381 727 1440 30
751 1381 973 1458 praeteritorum
996 1387 1025 1439 et
1049 1384 1089 1440 50
1106 1381 1221 1439 circiter
1238 1380 1428 1455 sequentium
1446 1378 1493 1439 ad·

145 1467 248 1543 jicere,
271 1469 453 1544 primamque
476 1471 563 1529 istam
586 1469 617 1525 in
639 1474 815 1530 eunomii.
838 1473 1060 1544 computasset
1080 1468 1126 1528 aie
1146 1469 1303 1543 ⁸l³eeimen
1324 1468 1492 1545 surgeatb

149 1553 331 1615 Tabularum
352 1554 504 1633 Rudolphi
526 1553 665 1616 exhibere
687 1556 832 1632 potuerim
834 1596 942 1614 .....
988 1553 1075 1613 Certo
1091 1557 1264 1631 promittere
1287 1554 1395 1625 anaim,
1416 1552 1492 1613 sau

149 1642 245 1725 solum
268 1659 314 1714 ea,
337 1659 414 1719 quae
437 1641 495 1701 duo
518 1642 715 1719 Imperatores
733 1642 797 1719 jum
820 1639 929 1701 dudum
952 1638 1023 1699 mihi
1044 1639 1083 1698 ad
1106 1641 1181 1701 haec
1202 1639 1307 1701 studia
1328 1640 1492 1717 pem

148 1727 340 1802 destinarunt,
364 1731 542 1789 aerariorum
564 1730 715 1807 praelecti,
735 1728 774 1789 ad
789 1745 865 1806 quos
879 1725 1036 1788 devolutae
1058 1737 1127 1788 sunt
1142 1730 1219 1789 istae
1232 1727 1421 1805 largitiones,
1439 1730 1492 1789 h

148 1832 231 1876 mera
253 1823 439 1893 exponerent,
462 1834 521 1876 nou
537 1815 687 1877 defuturos
710 1816 782 1877 mibi
796 1815 955 1894 adjutores,
978 1831 1068 1874 unum
1090 1815 1129 1875 ad
1144 1813 1341 1877 calculandas
1363 1816 1491 1877 obsesss-

148 1904 245 1963 donea
260 1903 439 1976 Braheanas,
455 1905 579 1965 alterum
595 1904 633 1964 ad
648 1903 861 1981 computandas
876 1901 1004 1978 reliques
1014 1901 1225 1980 liphemeridaa
1240 1900 1350 1963 Mem
1361 1900 1491 1981 escula

143 1989 229 2067 ‚quod
252 1992 369 2067 ipsein
391 1994 539 2069 praesenti
563 1990 756 2069 premeride
777 1991 904 2069 praeivi,
928 1991 1045 2049 tertium
1066 1988 1106 2050 sd
1128 1987 1346 2067 descriptiones
1367 2008 1491 2051 ncesse

148 2080 217 2152 rias,
239 2077 278 2137 ad
301 2082 510 2141 correctionem
533 2088 670 2159 typorum
686 2087 716 2140 et
731 2078 956 2140 delineationem
981 2093 1103 2153 quornm
1126 2079 1225 2154 eperia
1249 2078 1316 2155 ipss
1330 2078 1491 2139 subierat!

148 2164 188 2225 ad
209 2164 409 2227 absolvendas
431 2177 461 2226 et
485 2167 684 2228 emendandae
706 2165 834 2240 tabulas,
857 2164 894 2224 ad
909 2163 1131 2225 adornationem
1148 2162 1491 2239 demonstratiost
1533 2238 1535 2243 Ι

149 2255 372 2330 conceptionem
395 2263 424 2314 et
446 2253 687 2315 dilucidationem
709 2260 823 2328 matus,
845 2250 885 2314 sd
906 2251 1060 2313 lectionem
1084 2251 1212 2329 denique
1235 2251 1399 2327 librorum,
1420 2258 1491 2315 su

149 2342 179 2399 in
202 2340 259 2401 hau
280 2343 404 2401 materia
427 2344 615 2419 scriptorum,
648 2349 742 2402 totum
763 2343 893 2400 animum
919 2339 1068 2416 applicare
1091 2347 1121 2400 et
1143 2338 1347 2414 pulcherrima
1368 2342 1426 2403 hta
1444 2338 1490 2401 h

149 2444 250 2504 opera,
273 2431 365 2490 tetius
387 2430 466 2489 orbis
482 2429 633 2489 doctorum
657 2430 808 2490 hominnm
823 2430 900 2489 setis
915 2427 1061 2503 expetitis,
1084 2425 1219 2488 Tabulae
1233 2432 1408 2507 praecipue,
1428 2443 1489 2505 qas-

149 2514 274 2576 rundsm
296 2519 470 2596 importunis
493 2524 524 2578 et
544 2535 621 2593 pene
643 2514 862 2579 contumeliosis
888 2513 1177 2591 expostulationibus
1203 2514 1405 2590 efflagitatas,
1430 2518 1490 2575 h

150 2605 308 2663 triennium
332 2604 378 2666 sel
402 2603 481 2681 quod
503 2606 599 2665 miuus
623 2612 669 2666 eat
690 2606 720 2663 in
742 2601 869 2663 solidum
884 2601 1038 2663 absolvere
1055 2611 1085 2662 et
1107 2601 1270 2664 aceedente
1285 2602 1489 2665 Balenae-

151 2690 311 2755 haeredum
334 2708 478 2751 consensu
501 2692 628 2769 publicis
649 2695 738 2753 etiam
759 2691 838 2771 typis
861 2688 999 2751 exhibere
1021 2692 1140 2766 possim.
1165 2723 1206 2736 -

257 2783 402 2840 Lartem
425 2783 568 2853 appellans
592 2783 658 2839 dicit
682 2783 831 2853 Keplerue:
849 2777 924 2838 Cum
936 2777 1010 2837 baec
1025 2776 1196 2854 premeris
1210 2775 1428 2851 absolveretur,
1441 2776 1490 2853 β

152 2867 256 2927 tertius
277 2865 317 2925 ab
339 2872 444 2926 exacto
467 2866 531 2943 ejus
554 2884 630 2926 annu
647 2869 755 2927 mensis
774 2866 926 2942 agebatur,
949 2871 1080 2925 currente
1102 2881 1180 2925 anno
1203 2865 1273 2941 ejus
1298 2864 1491 2944 Ephesaeslfl

152 2971 230 3030 quae
250 2952 328 3013 banc
350 2956 490 3029 sequitur,
513 2971 565 3030 per
587 2962 726 3015 semestre
749 2953 873 3014 venalis.
903 2949 1113 3013 Admonendua
1135 2953 1226 3028 igitur
1248 2954 1309 3013 init
1330 2962 1432 3025 ωσι,
1449 2950 1491 3013 δ·

151 3048 263 3102 eretum
278 3039 358 3111 mihi,
374 3041 467 3116 prime
485 3056 603 3117 queque
618 3048 748 3119 ternpore
762 3040 900 3118 perficere
915 3047 944 3101 et
960 3041 1075 3100 tertiam
1090 3041 1120 3097 in
1134 3056 1248 3099 annum
1268 3048 1367 3107 1619.
1388 3038 1491 3101 sada·

152 3146 211 3206 que
233 3129 277 3188 uti
300 3129 413 3187 ratione
435 3145 487 3203 per
509 3129 723 3203 subsequentes
745 3144 855 3189 annuas
878 3131 979 3203 itaque
994 3125 1030 3186 de
1046 3129 1090 3199 iis,
1115 3145 1192 3203 qnae
1215 3129 1247 3185 iu
1271 3146 1347 3189 usus
1368 3129 1492 3205 caint·

152 3218 221 3277 anni
236 3219 360 3288 enimet,
381 3215 507 3288 ligandis
524 3216 570 3275 vel
587 3215 773 3276 reservandis
788 3215 942 3277 commodo
957 3217 1081 3291 quiaque
1096 3232 1150 3274 auo
1166 3224 1293 3276 statuat.
1331 3214 1401 3293 Qus
1413 3216 1492 3275 ιἰι

152 3311 252 3365 eutem
271 3304 333 3378 jam
355 3305 455 3363 statim
478 3302 593 3380 aliquot
608 3319 750 3362 annorum
764 3304 927 3363 lutnrornm
941 3301 1148 3378 Ephenrerides
1170 3302 1262 3363 simul
1286 3303 1386 3377 edaaq
1405 3316 1492 3363 sa-

152 3392 244 3450 hsbes
269 3394 297 3446 in
313 3390 529 3466 prolegomenis
545 3393 618 3462 (vll.
632 3393 683 3449 492
696 3398 754 3457 aa),
776 3393 877 3466 itaque
892 3398 922 3451 le
937 3388 1025 3450 velim
1040 3388 1167 3460 credere,
1189 3406 1308 3451 moram
1322 3390 1402 3451 haee
1413 3404 1492 3451 111

153 3476 307 3539 commodo
330 3477 556 3555 Ephemeridum
581 3477 712 3552 ipsarum
744 3478 886 3555 interponi
889 3519 993 3538 .....
1039 3474 1183 3535 Nimirum
1211 3480 1296 3537 veris
1325 3478 1492 3557 planem

152 3565 281 3625 motibus
304 3582 382 3624 nunc
404 3564 520 3625 demum
543 3566 680 3635 inventis,
704 3565 812 3640 abripit
832 3582 879 3625 me
902 3571 1086 3640 occupatque
1102 3562 1311 3625 divinissimae
1326 3562 1493 3641 cusu*-

151 3654 241 3713 tionis
264 3652 482 3712 harmoniarum
512 3652 682 3717 coelestium
714 3650 850 3728 voluptas
880 3651 1045 3712 ineffabilis.
1091 3649 1198 3726 Itaque
1219 3653 1247 3710 ai
1279 3651 1374 3713 libros
1397 3652 1493 3712 arb·

152 3738 218 3799 telle
241 3738 278 3798 de
302 3739 410 3811 Coelo,
442 3743 468 3798 si
489 3738 623 3798 Platonis
647 3738 815 3810 Timaeum,
844 3741 869 3798 ei
892 3739 1071 3798 Harmonice
1093 3736 1262 3798 Ptolemaei
1293 3750 1325 3801 et
1347 3738 1493 3817 Puppe

151 3843 257 3886 manca
280 3829 378 3886 omnia
401 3836 431 3887 et
454 3829 582 3904 ipserum
607 3834 759 3886 auctorum
782 3826 965 3886 consessione
988 3826 1025 3887 ad
1049 3827 1139 3884 imum
1161 3824 1293 3901 gradum
1312 3828 1493 3893 eonem

151 3913 294 3973 hactenus
317 3917 346 3973 in
368 3915 463 3989 pretio
486 3914 652 3973 habuerunt
673 3911 844 3975 academiae
865 3921 893 3974 et
917 3912 1125 3984 bibliothecae,
1155 3916 1291 3974 existant
1313 3916 1404 3978 etim
1421 3928 1493 3981 11,

152 4002 202 4076 qui
224 3999 430 4077 philosophiae
453 4000 489 4061 de
512 4000 568 4061 hau
592 4008 683 4078 perte,
706 4000 896 4061 nobilissimis
917 4000 1139 4061 inventionibus
1163 4000 1296 4075 exculta,
1319 4000 1493 4080 gratulu-

256 4101 332 4167 Quae
350 4116 436 4168 supra
454 4100 590 4169 Keplerue
614 4101 648 4156 de
667 4101 766 4157 salano
784 4100 873 4157 aulico
898 4106 926 4153 et
945 4100 978 4155 de
997 4099 1127 4155 subsidiis
1149 4099 1331 4168 imperatoris
1347 4102 1384 4157 ad
1399 4098 1493 4158 sl&

150 4187 289 4255 adimes
307 4201 356 4256 spe
367 4187 512 4256 animoque
528 4187 657 4257 impletus
668 4186 838 4257 suppliciunt
851 4187 939 4243 serbis
958 4185 1095 4256 exprimit,
1114 4202 1148 4240 ea
1160 4202 1217 4241 non
1235 4186 1275 4242 ad
1293 4196 1390 4245 retu
1403 4198 1492 4245 m

151 4280 256 4329 serunt.
292 4273 368 4328 Adiit
392 4273 502 4340 quidem
519 4275 592 4329 viros
609 4275 637 4330 in
656 4274 719 4330 auls
737 4290 866 4330 menreb
888 4288 998 4343 mares,
1019 4272 1095 4327 illum
1114 4287 1197 4341 quem
1217 4252 1281 4343 ipae
1299 4272 1370 4331 ueta
1384 4276 1492 4331 bar-

151 4360 185 4415 de
205 4362 336 4428 Mechau,
363 4360 497 4416 medicum
515 4360 633 4417 caesaria
652 4361 833 4430 blingouinm,
852 4366 971 4417 vetemm
989 4359 1126 4415 fautorem
1145 4359 1363 4429 ll'aekheriun,
1385 4358 1414 4417 J.
1428 4358 1492 4416 flu*

151 4464 279 4502 mannum
297 4446 329 4502 L.
349 4448 382 4503 B.
402 4449 596 4515 Faenkelinm‚
621 4464 717 4517 pamm
741 4457 832 4505 sutem
855 4446 980 4516 proiecit.
1015 4445 1118 4500 Exstat
1138 4460 1291 4515 response
1309 4441 1491 4511 ΜΚ

150 4534 272 4588 Viennae
291 4533 316 4587 d.
331 4534 465 4590 Matthaei
482 4536 568 4599 toto).
587 4536 615 4591 in
634 4551 689 4603 qua
707 4536 837 4606 legimus:
856 4534 943 4590 Recte
962 4547 1051 4602 neque
1068 4534 1208 4601 ingratum
1220 4533 1324 4597 iecisti
1341 4530 1492 4604 quotu

149 4621 204 4675 tnia
223 4634 266 4673 me
284 4621 447 4688 compellare
460 4621 584 4690 uoluisti,
603 4624 656 4678 hae
668 4639 767 4692 nempe
779 4623 884 4680 rabone
896 4621 1089 4692 comparariati
1102 4621 1152 4675 tihi
1164 4621 1297 4693 anitum,
1315 4621 1363 4692 qni
1373 4618 1491 4683 sum

150 4712 178 4759 et
195 4705 368 4777 typographo
391 4714 439 4761 tuo
462 4718 622 4777 patronum,
647 4711 695 4780 qui
721 4711 756 4767 de
779 4710 920 4769 laboribus
942 4709 983 4764 illi
1006 4707 1166 4779 prospiciet
1203 4709 1310 4767 Petilio
1330 4718 1380 4765 tna
1394 4704 1490 4764 s&

148 4793 251 4850 uostris
269 4791 363 4853 oblau
379 4801 430 4859 eat,
448 4795 497 4853 sed
515 4798 580 4866 quis
596 4798 747 4857 modestior
763 4796 826 4869 init,
843 4810 933 4869 neque
945 4796 1052 4869 ahquid
1063 4797 1114 4853 ebs
1127 4801 1156 4852 te
1174 4794 1344 4869 dso'tatm
1359 4794 1421 4853 ss
1431 4806 1489 4851 a
