3308 5534
145 364 212 463 bio
653 386 990 459 matutinasque.

146 567 213 639 quin
229 582 281 639 pro
299 571 348 621 tus
365 563 513 634 prudentia
529 565 612 622 niam
633 565 699 623 huic
715 565 881 623 dubitationi
903 578 1049 621 occurrere
1068 562 1187 623 idean*
1225 562 1360 621 Oecunit
1375 564 1503 637 llsplns

145 657 212 715 huic
226 653 421 724 ,dubitationi“
441 653 470 709 in
481 653 569 710 literis
580 656 737 727 praemissis
750 662 779 712 et
791 653 967 712 annotatione
979 651 1015 706 ad
1027 651 1167 707 Maestiini
1177 652 1286 721 literas,
1303 668 1389 722 quarn
1399 652 1451 707 rol
1460 650 1502 709 tt

147 761 175 816 p.
197 744 237 801 ta
262 741 443 799 exhibuimus.
484 743 527 799 De
548 742 687 812 adjutore,
712 756 795 813 quem
818 740 992 812 quaesiverat
1015 739 1154 809 ileplerus
1179 740 1346 810 Tubingse,
1373 740 1504 811 rupend‘e

148 828 327 887 Maestlinosr
349 835 564 901 ,extraneorum
582 829 609 884 b.
628 846 652 887 e.
671 836 750 886 extra
767 830 874 885 illustre
891 826 1066 897 stipendium,
1086 828 1167 897 pauci
1185 835 1264 894 snut,
1282 834 1314 883 et
1331 843 1399 883 num
1415 828 1504 895 aliquis

150 933 245 973 eornm
261 916 290 972 in
307 915 413 974 adculo
431 925 554 986 promtus
572 919 617 987 sit,
635 919 737 975 nescio.
766 918 819 987 Qui
835 919 865 975 in
881 916 921 973 ill.
941 914 1079 985 stipendio
1098 914 1210 985 degunt,
1229 915 1329 986 plnres
1347 914 1413 971 huie
1424 914 1504 970 nulio

149 1003 258 1063 nonnisi
275 1004 365 1060 coacti
383 1020 494 1073 operam
512 1006 591 1072 dunt,
614 1007 651 1062 ad
668 1006 783 1075 gradum
807 1003 956 1073 magisterii
977 1009 1086 1059 tantum
1105 1003 1265 1073 adspirant,
1288 1010 1322 1058 ut
1345 1002 1505 1059 medatem

151 1097 360 1161 assequentem
384 1092 481 1149 Finem
493 1091 597 1148 inmens
615 1095 727 1150 nuncin
738 1092 911 1155 Maecilium,
928 1090 1088 1161 Roeslinurp
1105 1106 1193 1159 nuper
1211 1089 1326 1145 obiisse.
1355 1090 1434 1155 ,llos
1449 1104 1506 1161 argo

157 1183 186 1238 in
204 1177 404 1247 chronologicis
421 1178 515 1235 odiose
532 1178 650 1250 amplius
666 1181 785 1237 facesset
796 1178 934 1248 negotium
947 1180 983 1246 (v.
994 1196 1014 1230 s.
1028 1180 1098 1245 aaa).
1123 1177 1234 1233 Utinam
1252 1177 1283 1232 in
1301 1192 1371 1234 rers
1386 1176 1506 1246 religiose

150 1269 268 1327 animam
285 1281 363 1322 suam
383 1265 491 1321 Christo
509 1267 752 1323 commendaverit!
779 1264 929 1338 Singularis
948 1265 1020 1320 enim
1039 1266 1066 1320 in
1084 1265 1216 1335 religione
1239 1280 1355 1334 semper
1371 1264 1433 1333 fuit,
1448 1263 1506 1321 sslll

151 1354 347 1428 propemodum
365 1352 609 1409 concordaturus.
646 1354 717 1423 Quid
735 1352 763 1409 in
781 1353 909 1409 extremis
928 1353 1030 1421 egerit,
1053 1353 1160 1421 nescio,
1183 1358 1215 1408 ut
1234 1368 1253 1407 a
1271 1352 1335 1407 troo
1356 1351 1439 1409 tumn
1453 1350 1507 1407 dis·

152 1443 281 1509 mustus,
299 1444 403 1509 optor,
422 1439 455 1495 ln
469 1441 686 1504 „additamento“
707 1441 870 1497 Maestlinus
887 1441 1030 1511 respondit
1046 1440 1083 1497 ad
1100 1440 1290 1510 quaestionem
1310 1440 1432 1510 optim
1442 1438 1508 1509 1*

152 1531 212 1601 leri,
230 1544 312 1600 qnam
329 1543 413 1596 supra
430 1528 525 1597 paucis
544 1528 670 1584 mumma.

259 1614 303 1671 Ad
320 1615 417 1672 munta
428 1615 567 1671 Maestiini
580 1615 670 1684 rerba,
688 1614 723 1672 de
735 1615 858 1672 Boeslinl
870 1612 946 1670 obito
959 1613 1061 1683 attide,
1079 1613 1216 1683 Keplerus
1228 1614 1257 1669 in
1270 1614 1415 1671 literarum
1425 1622 1506 1685 pastr-

155 1705 258 1763 riorunt
285 1702 361 1759 exitu
385 1702 540 1772 respondit:
572 1700 702 1760 Domino
724 1702 763 1762 D.
792 1699 949 1772 Roeslino,
980 1697 1099 1773 quando
1126 1698 1191 1757 Deo
1221 1701 1266 1761 ita
1296 1700 1414 1769 uisum
1443 1714 1506 1775 grs-

155 1788 281 1850 tulemur
310 1792 440 1847 aetatem
468 1794 618 1861 exactam,
651 1790 780 1864 quietem
809 1794 934 1865 partam.
989 1785 1227 1846 Fundamentum
1253 1790 1355 1863 ipsum
1377 1787 1505 1857 rauche,

155 1893 215 1936 non
237 1874 349 1939 debito.
392 1873 476 1933 Daue
506 1866 677 1935 misereatur
708 1878 846 1936 vitiorum
874 1873 980 1934 mentis
1003 1876 1093 1933 etiam
1114 1880 1252 1947 nostrae,
1284 1875 1340 1949 qui
1368 1870 1505 1933 condnsst

155 1961 377 2042 poenitentibus
399 1959 561 2021 voluntatis
583 1964 755 2038 pravitates,
778 1965 951 2023 misereatur
974 1978 1043 2020 vero
1066 1977 1124 2019 non
1147 1968 1266 2021 tantum
1289 1959 1505 2035 singularitati.

158 2048 212 2113 sed
235 2050 323 2109 etiam
345 2047 552 2127 popularitatis
570 2059 599 2110 et
613 2048 738 2112 fiduciae
754 2053 783 2108 in
798 2051 966 2115 rabbinissti
990 2048 1184 2108 terrestribus.
1215 2049 1255 2108 Et
1277 2056 1322 2121 tu,
1347 2047 1505 2107 charib

159 2139 353 2213 Praeceptor,
381 2135 620 2212 quandoquidem
650 2140 707 2198 ista
738 2156 796 2198 non
824 2139 931 2196 trustra
953 2152 1008 2196 nec
1029 2134 1148 2211 frigide,
1179 2135 1234 2197 sed
1263 2133 1393 2195 consilio
1420 2134 1504 2195 bons

161 2223 369 2288 admonitionis
391 2225 543 2300 scripsisse
567 2224 690 2299 videris,
721 2224 778 2287 hoc
799 2224 836 2286 de
859 2242 906 2285 me
934 2223 1060 2292 babeas,
1090 2239 1136 2283 me
1164 2240 1219 2300 par
1240 2222 1302 2282 Dei
1332 2223 1456 2301 gratian
1479 2222 1505 2279 ἰ

161 2310 287 2389 simplici
310 2316 340 2370 ot
361 2310 449 2387 plano
481 2327 571 2372 sensu
601 2315 761 2391 scripturae
784 2313 989 2390 acquiescerer
1013 2308 1121 2386 quodsi
1142 2327 1205 2386 qua
1227 2318 1276 2370 est
1297 2308 1507 2371 consolatio'n

163 2413 308 2461 consensu
339 2397 396 2458 boc
417 2397 632 2473 litigiosissimo
653 2401 763 2475 seculo,
786 2417 894 2478 genere
916 2399 1045 2459 humano
1074 2400 1103 2455 in
1126 2405 1171 2457 tot
1191 2397 1296 2459 studia
1318 2396 1507 2457 disuslsshs

164 2486 271 2560 ffiriso,
294 2486 369 2546 seito
392 2485 529 2563 amplius,
551 2503 597 2547 me
619 2489 651 2546 in
678 2489 855 2564 augustana
876 2488 1057 2547 contessioue
1080 2487 1170 2561 inque
1197 2502 1288 2563 opere
1312 2484 1507 2547 cosumus

165 2582 268 2637 contra
289 2572 445 2634 concilium
460 2572 663 2635 Tridentioum
684 2576 881 2651 acquiescere,
904 2577 933 2633 in
957 2572 1125 2632 universum
1146 2571 1262 2632 nullum
1275 2571 1390 2649 dogma
1410 2572 1506 2637 foster.

165 2659 246 2741 quod
259 2677 319 2721 non
331 2659 378 2720 rel
393 2659 472 2737 apud
485 2668 599 2722 veteres
614 2670 712 2739 patres
729 2662 776 2722 vel
791 2662 870 2738 apud
883 2661 1043 2723 hodiernos
1056 2668 1153 2736 partes
1168 2662 1243 2720 citra
1252 2660 1338 2721 litem
1350 2662 1507 2737 reperim.

167 2749 225 2827 Qui
239 2766 286 2810 me
308 2748 449 2808 novitatis
465 2748 512 2809 rel
528 2750 666 2809 minimae
682 2758 812 2826 accusat,
828 2750 963 2826 injuriam
978 2748 1056 2807 lacit.
1087 2744 1153 2807 Hac
1168 2764 1228 2807 uns
1242 2764 1274 2809 re
1298 2747 1392 2807 bilem
1413 2764 1507 2807 noros

167 2836 323 2913 theologia,
341 2834 420 2912 quod
434 2853 538 2912 pacem
552 2844 623 2914 opto
639 2839 712 2898 inter
727 2837 907 2910 reformatos,
923 2853 978 2896 nee
992 2852 1093 2895 omnes
1109 2835 1343 2895 deformationes
1358 2850 1509 2913 engere

168 2927 322 3000 tionesque
336 2921 508 2997 dogmatum
523 2924 763 2984 Celsinianorum
778 2925 919 3001 approbo,
942 2940 997 2983 nec
1013 2923 1110 2983 videre
1124 2939 1257 2999 possum,
1281 2926 1315 2981 in
1331 2922 1509 2983 tuemur·

170 3011 206 3073 de
221 3027 346 3088 persona
361 3009 469 3069 Christi
492 3018 605 3071 mutum
627 3030 692 3072 esse
708 3012 871 3085 discrimen,
896 3014 966 3088 quia
981 3012 1110 3084 crimina,
1134 3026 1211 3086 quae
1235 3012 1311 3087 ipris
1327 3010 1378 3070 bie
1397 3008 1510 3071 Jess's's

170 3106 200 3161 et
215 3097 395 3158 calvinianis
409 3098 602 3173 intentantur,
626 3099 698 3158 milri
713 3098 842 3160 nondum
858 3099 1064 3176 probaverunt,
1088 3096 1168 3174 quod
1183 3114 1244 3157 oon
1260 3100 1360 3159 obiter
1374 3096 1449 3173 dira,
1466 3092 1510 3157 ssd

171 3186 344 3247 examinatis
367 3186 487 3261 integris
509 3185 590 3244 libris
612 3189 741 3264 scopite
763 3185 802 3247 ad
818 3187 937 3247 calcem.
970 3186 1119 3245 Accusant
1140 3184 1262 3261 quidem
1283 3184 1512 3247 nostrosbssse·

172 3289 240 3334 scos
264 3272 302 3332 ob
325 3269 461 3348 phrases,
490 3279 522 3331 at
543 3275 568 3331 si
591 3276 681 3333 nostri
705 3273 772 3334 illas
794 3275 953 3352 explicent,
975 3281 1008 3332 ut
1031 3272 1079 3332 bic
1101 3272 1172 3331 mibi
1193 3272 1325 3347 iactum,
1349 3272 1450 3334 dicunt
1466 3288 1512 3333 ss·

173 3360 249 3435 dem,
274 3376 350 3436 quae
373 3358 448 3418 alias
471 3358 571 3418 dicunt
586 3360 681 3433 alteri,
704 3370 734 3421 et
758 3363 895 3421 vicissim.
928 3362 1093 3435 Antequam
1109 3360 1329 3437 explicarentur
1344 3360 1427 3433 mffil,
1446 3374 1512 3437 qus

173 3456 243 3509 sunt
264 3447 294 3505 in
315 3444 440 3505 formula
463 3447 635 3508 concordiae
665 3448 701 3508 dc
731 3451 977 3526 omnipraesentia
1003 3451 1114 3519 carum,
1145 3450 1266 3508 omnino
1290 3446 1513 3528 Eutychis&

173 3542 290 3595 nocuos
311 3550 376 3593 reos
400 3532 518 3607 credidi,
542 3543 573 3594 st
595 3553 672 3595 rrunc
693 3538 881 3596 accusatione
905 3534 978 3596 cedo
999 3545 1122 3613 accepta
1144 3534 1361 3611 declaratione,
1383 3546 1416 3597 st
1435 3536 1513 3595 vtes·

173 3624 231 3684 sim
252 3623 281 3680 in
303 3623 449 3681 sententia
472 3621 624 3683 confirmor
647 3623 682 3683 de
711 3626 916 3685 convenentia
945 3625 977 3682 in
1004 3623 1204 3682 fundamento.
1252 3622 1313 3697 Qui
1339 3640 1389 3685 me
1409 3632 1512 3701 μον

174 3713 232 3770 ista
253 3710 344 3768 sacris
367 3716 456 3783 arcet,
479 3712 607 3769 rationes
630 3713 732 3788 utique
754 3729 823 3771 suas
839 3712 903 3772 Deo
926 3711 1111 3788 approbabit,
1134 3727 1210 3785 quas
1233 3727 1291 3786 ego
1316 3726 1380 3770 nou
1401 3710 1511 3773 exutis·

175 3797 299 3857 Possem
321 3812 436 3855 omnem
457 3795 539 3856 litem
561 3797 678 3874 sedare,
702 3801 729 3857 si
750 3799 892 3859 formulae
920 3796 1094 3859 concordiae
1121 3798 1343 3859 subscriberem
1373 3798 1444 3859 nibil
1468 3812 1512 3855 rs·

175 3885 295 3961 cipiens.
326 3884 368 3942 Ar
388 3883 460 3941 mibi
482 3886 512 3942 in
535 3884 622 3944 rebus
646 3887 840 3946 conscientiae
855 3886 993 3947 simulare
1008 3902 1066 3945 non
1089 3893 1135 3944 est
1156 3887 1321 3963 integrum:
1344 3884 1513 3947 sommia

175 3988 240 4032 sum
262 3978 391 4048 paratus,
413 3972 440 4029 si
461 3971 652 4032 admittantur
671 3973 734 4049 jam
756 3976 872 4050 positae
894 3991 976 4033 meae
999 3974 1198 4049 exceptiones.
1233 3972 1283 4033 Irs
1306 3972 1512 4049 Thoumn-

176 4059 389 4118 communicare
412 4057 490 4134 nolo,
513 4060 616 4120 iratres
637 4077 696 4119 non
715 4061 868 4137 judicabo,
891 4062 943 4138 qui
964 4062 1030 4121 siva
1052 4067 1145 4132 stent,
1167 4060 1235 4121 sire
1258 4058 1389 4133 cadant,
1417 4058 1512 4119 defi

175 4153 245 4206 sunt
266 4153 296 4205 et
317 4145 419 4205 iratres
441 4148 508 4209 mei.
537 4147 672 4208 Praestat
694 4166 740 4208 me
762 4166 884 4226 peccare
900 4146 1077 4220 excusando,
1100 4147 1175 4206 bens
1189 4146 1356 4223 loquendo,
1380 4151 1410 4207 in
1423 4144 1513 4207 aab

175 4231 404 4309 interpretando,
428 4249 492 4293 cum
507 4251 565 4294 non
583 4237 638 4294 sim
654 4235 756 4296 doctor
770 4237 923 4309 ecclesiae,
939 4252 1027 4310 quam
1042 4232 1220 4307 accomodo,
1244 4234 1438 4307 tantando,
1456 4248 1513 4311 μ·

178 4316 331 4394 vertendo,
353 4320 460 4395 quibos
482 4321 587 4382 studiis
608 4324 718 4399 siquis
740 4330 785 4384 est
799 4322 925 4396 deditus,
948 4324 973 4381 is
996 4323 1228 4399 persecutionem
1248 4324 1355 4399 nequit
1376 4322 1514 4387 sustin

176 4407 235 4466 nisi
256 4408 282 4465 ai
302 4406 376 4467 torte
398 4424 480 4484 spem
502 4407 592 4469 haber
613 4411 726 4488 refugii.
763 4411 909 4488 Expertus
923 4408 1038 4484 loquor.
1076 4408 1212 4468 Clamant
1228 4408 1381 4483 Jesnitse,
1401 4408 1514 4469 dan!

178 4491 354 4567 Calviniani,
376 4495 434 4554 sibi
455 4497 485 4555 in
500 4495 624 4557 articulo
639 4496 676 4558 de
690 4515 816 4575 persona
832 4498 939 4558 Christi
963 4496 1025 4557 lieri
1049 4497 1185 4572 injuriam
1206 4497 1322 4557 alibro
1345 4494 1513 4565 cosm

177 4579 271 4641 multa
292 4581 350 4641 sibi
372 4583 517 4659 imputari,
541 4601 617 4660 quae
639 4586 697 4662 ipsi
719 4604 778 4645 nou
802 4584 935 4647 doceant
981 4583 1094 4660 Quodsi
1116 4584 1274 4644 subscribo
1296 4602 1360 4645 non
1381 4586 1513 4661 exe'p'fl

179 4664 232 4727 ills
252 4675 371 4744 puncta,
393 4678 445 4729 aut
463 4669 594 4747 judicem
616 4690 662 4733 me
685 4674 762 4733 lacio
784 4671 983 4735 condemnans
1005 4671 1072 4733 illos
1087 4672 1225 4731 intentati
1239 4674 1383 4747 cuminis,
1403 4682 1452 4733 sut
1467 4684 1512 4729 ss·

178 4761 296 4815 cossim
324 4756 454 4833 ipsorum
480 4758 519 4818 do
550 4768 651 4820 contra
679 4762 887 4822 ccmcientiam
910 4777 1021 4834 meam,
1050 4774 1127 4835 quac
1158 4760 1241 4835 ipsos
1271 4763 1374 4837 potius
1400 4752 1512 4821 did

106 4856 115 4869 ’
178 4856 268 4919 quam
294 4851 415 4905 scenam
440 4844 471 4904 in
497 4844 663 4923 aliquibus,
692 4850 764 4926 qula
789 4848 913 4927 phrases
932 4855 1051 4926 patrum
1079 4844 1224 4909 seclum
1251 4850 1404 4927 purim
1426 4852 1511 4907 tna!

178 4922 356 5009 moduque
376 4932 585 5012 inumataudl
605 4936 765 5016 scripturas
785 4937 816 4999 lu
838 4934 896 4998 boc
916 4933 1051 4999 arimin
