3308 5534
153 412 221 481 276
511 408 684 469 collectanea
700 425 737 467 ex
753 408 894 469 codicibus
912 410 1149 473 Pulirorieusihns.

152 590 332 655 meridianae
353 606 406 667 pcr
427 588 541 665 aliquot
562 589 626 650 dies
649 588 782 650 solstitiis
804 593 953 668 proximos
976 603 1044 652 antc
1067 599 1179 671 etpost
1201 592 1380 675 indagarunt
1402 608 1507 661 eertum

153 682 232 741 diem
253 678 381 751 solstitii,
405 694 464 753 quo
487 676 564 737 iacto
587 695 640 755 per
662 694 755 738 anuos
778 696 836 737 uon
852 679 920 757 plus
935 690 1070 755 quatuor,
1094 682 1220 759 intelllgi
1234 694 1334 761 potest
1355 685 1506 765 longitudo

152 770 222 829 anui
246 766 356 827 dierum
373 765 468 849 3⁶5i·
507 764 535 823 A
559 763 605 825 die
629 767 717 841 igitur
738 764 857 825 solstitii
880 766 1010 827 iecerunt
1033 770 1147 829 initium
1162 774 1376 834 numerationis
1400 776 1506 837 dierum

151 858 230 929 anni,
253 872 320 915 cum
342 852 476 913 riderent
490 870 614 925 mensos,
639 870 713 928 quos
727 852 813 913 Luna
836 853 962 915 docebat
985 854 1132 917 celebrare
1155 866 1185 917 et
1200 876 1364 937 numerare,
1389 864 1418 921 in
1433 882 1506 925 anuo

151 942 300 1005 solstitiali
323 942 427 1017 vagari
448 956 503 999 nce
526 941 661 1001 omnibus
683 942 769 1000 annis
792 940 917 1001 cundem
948 944 1070 1003 rotinere
1099 946 1197 1006 situm.
1232 946 1339 1025 ltaque
1362 948 1506 1013 Hesiodus

151 1034 195 1091 sic
218 1038 263 1091 est
293 1028 416 1089 solitus:
447 1024 545 1103 ἤματα
568 1024 736 1103 δ’ἑξηκοπα
755 1050 830 1103 μετα
851 1050 964 1107 τροπας
987 1024 1105 1105 helioro-
1150 1032 1201 1093 Sic
1228 1036 1258 1092 in
1289 1036 1376 1097 libris
1398 1038 1505 1115 Regum

150 1118 292 1195 legimns,
321 1114 643 1176 Nabuchodonosorcm
667 1117 696 1172 in
719 1118 911 1176 conversione
935 1119 1004 1176 anni
1031 1135 1180 1180 reversum
1203 1138 1267 1182 esse
1298 1126 1329 1181 in
1353 1124 1504 1187 Judaesnt

150 1206 189 1266 Et
210 1212 334 1265 testatur
350 1202 538 1275 Censorinus,
560 1202 705 1261 ludicrum
721 1201 908 1281 Olympicum
930 1203 1010 1281 apud
1026 1205 1179 1267 Elidenses
1202 1211 1372 1271 institutum
1388 1212 1427 1273 ad
1443 1218 1505 1273 imi-

148 1296 291 1355 tationem
312 1298 409 1349 motus
428 1290 517 1363 Solis,
540 1293 649 1367 quippo
676 1296 707 1365 1)
724 1307 790 1348 cum
812 1293 897 1349 annis
915 1298 932 1350 4
951 1294 1059 1352 exactis
1083 1311 1143 1355 unu
1165 1295 1229 1356 dics
1251 1299 1408 1360 accederet
1429 1320 1505 1363 sunr-

149 1398 216 1441 mac
248 1378 361 1439 dicrum
392 1396 426 1438 er
456 1376 577 1437 modulo
602 1382 664 1437 365
689 1377 801 1437 dicrum
824 1376 981 1453 collectae,
1014 1380 1137 1440 totidem
1166 1387 1251 1443 annis
1282 1390 1398 1447 exactis
1420 1406 1503 1449 uuum

150 1468 330 1530 celebratum
353 1473 398 1525 est
420 1465 572 1525 ludicrum.
611 1464 679 1523 lluo
701 1464 831 1525 alludere
848 1464 983 1526 sidentur
1006 1477 1035 1527 et
1056 1470 1130 1528 ista:
1155 1474 1189 1535 bl
1213 1482 1329 1551 tempus
1347 1478 1427 1549 anni,
1450 1496 1502 1553 quo

148 1555 293 1617 ludicrum
316 1552 529 1627 celebrabatur,
556 1552 633 1613 idern
656 1554 746 1613 lcrtur
768 1570 834 1613 cunr
858 1564 988 1630 tempore
1011 1554 1129 1615 solstitii
1151 1562 1268 1619 aestivi.
1308 1568 1344 1636 3,)
1369 1564 1439 1641 lpsa
1459 1564 1501 1625 lu-

152 1642 223 1703 dicri
245 1644 354 1713 forma,
386 1657 488 1699 cursus
511 1657 653 1716 equorum
676 1641 714 1700 atl
736 1650 861 1715 metam,
893 1654 924 1700 ut
947 1642 1000 1701 Sol
1030 1646 1120 1703 currit
1142 1646 1180 1704 ad
1202 1648 1354 1723 fastigium
1378 1670 1501 1713 summae

148 1730 321 1803 altitudinis,
344 1736 375 1788 et
396 1729 588 1787 circumactus
611 1744 747 1788 curruum
770 1732 848 1789 circa
869 1736 992 1805 metam,
1016 1738 1048 1790 ut
1071 1730 1123 1791 Sol
1146 1751 1261 1793 cursum
1286 1742 1450 1812 conscrtit,
1470 1758 1499 1801 er

149 1818 327 1880 ascaridentc
350 1816 443 1875 lactus
467 1815 655 1875 descendens.

253 1906 304 1965 Sic
326 1911 424 1963 autem
447 1904 510 1963 lieri
532 1902 625 1977 solet,
651 1912 681 1962 ut
705 1901 796 1963 semel
825 1906 991 1961 constitutis
1018 1905 1180 1983 disciplinis
1212 1914 1323 1985 posteri
1348 1916 1498 1975 oscitant·

150 2002 269 2055 utuntur
291 2000 323 2050 ut
346 1991 498 2067 perlectis,
530 2007 727 2065 successuque
758 1990 923 2049 seculorum
947 1992 1070 2068 obrepat
1099 1998 1307 2072 principiorum
1332 2002 1496 2077 ignorantia

147 2082 198 2143 Sic
219 2079 328 2141 accidit
349 2079 436 2137 nobis
459 2078 620 2155 Europaeis
643 2088 711 2154 post
734 2081 869 2137 inventos
892 2078 991 2155 cyclos
1015 2080 1141 2153 irritares,
1164 2086 1207 2141 sic
1223 2084 1323 2145 Persis
1346 2100 1415 2163 port
1437 2108 1495 2149 eos·

148 2173 269 2230 stitutus
291 2166 458 2242 Tecuphos,
482 2169 524 2224 sie
539 2166 664 2225 iudaeis
686 2178 754 2241 post
776 2168 928 2225 inventurn
952 2170 1080 2243 ipsorum
1105 2180 1283 2247 crunpntum,
1307 2176 1352 2235 sic
1367 2176 1495 2237 ltommfl

148 2265 217 2336 post
239 2256 452 2316 ordinationem
467 2252 630 2325 lulianam,
653 2262 722 2329 post
746 2256 954 2313 correctionem
970 2255 1099 2331 :lugusti
1122 2268 1150 2315 et
1173 2260 1267 2319 rtrulto
1290 2266 1421 2324 marimo
1443 2273 1497 2343 poa

147 2346 262 2405 Numae
285 2341 492 2402 Calendarium
521 2344 721 2402 coristituturn.
768 2340 849 2399 ldcnr
881 2344 970 2415 igitur
1000 2356 1029 2401 et
1052 2342 1174 2404 Graecis
1204 2358 1271 2422 post
1295 2348 1495 2429 Olympiada
1530 2382 1534 2401 .

149 2435 235 2492 initia
257 2429 400 2491 accidisse
424 2442 653 2489 consentaneum
669 2436 722 2499 est,
745 2435 778 2488 ut
793 2428 977 2489 inhaerentes
1001 2434 1166 2490 conutitutis
1183 2445 1212 2493 et
1227 2438 1357 2497 iurantis
1377 2452 1495 2501 veteru
1529 2456 1534 2491 -·

149 2520 186 2581 tio
207 2522 276 2579 anui
298 2516 482 2593 longitudino
505 2536 523 2575 a
545 2516 673 2575 solstitio
696 2514 735 2575 ad
757 2515 916 2575 solstitium
938 2534 1075 2593 sequens,
1098 2537 1152 2581 nec
1176 2525 1383 2586 continuantes
1407 2528 1494 2587 obser

148 2610 315 2680 rationem,
346 2604 464 2663 tandem
495 2608 571 2663 circa
593 2603 722 2663 Metonis
752 2610 885 2679 tempora
907 2609 1141 2681 corriputaverint
1166 2608 1326 2671 solstitium
1350 2614 1398 2675 die
1419 2615 1492 2691 lours

149 2693 348 2757 diversissimo
372 2708 390 2751 a
412 2692 539 2751 solstitio
564 2709 642 2751 vcro.

252 2780 320 2840 lloc
342 2781 431 2855 igitur
453 2778 568 2837 videtur
590 2780 680 2837 luisse
704 2788 907 2853 argumentum
922 2778 1055 2839 'l'lraletis
1071 2780 1173 2853 libelli,
1197 2801 1256 2859 quo
1273 2788 1490 2864 complexurus

147 2891 200 2947 την
221 2864 282 2929 ἀπο
305 2888 413 2943 τρωιῃς
434 2864 479 2927 ἐπι
502 2888 610 2943 aprime
633 2872 763 2943 ratpodus·
778 2866 908 2943 (Olyrnp.
924 2885 948 2925 c.
964 2866 1011 2943 11).
1052 2868 1156 2945 ltaque
1171 2870 1273 2932 hleton
1298 2874 1488 2953 heliotropion

146 2956 273 3017 collocat
295 2953 361 3013 loeo
383 2954 503 3030 publico
527 2952 712 3029 ostenditque
736 2962 783 3025 (ut
806 2971 859 3030 par
882 2963 926 3013 est
941 2954 1033 3021 credit
1057 2974 1158 3015 ererum
1181 2968 1210 3017 oe
1233 2961 1420 3023 obsera-aque
1439 2962 1487 3021 μή.

145 3046 259 3105 stitium
278 3043 340 3117 jaur
364 3042 478 3118 aliquot
501 3040 605 3101 dicbus
628 3048 811 3101 antevertere
835 3044 964 3115 ipsorum
987 3054 1156 3119 corriputnnr
1170 3064 1259 3122 super
1273 3049 1423 3109 modulum
1437 3050 1486 3109 die·

145 3150 210 3191 rum
234 3132 319 3214 305}
342 3139 530 3191 exstructum.
579 3130 640 3187 h'isi
664 3130 737 3188 sorte
767 3128 966 3199 irre-igilarcrit
994 3132 1193 3191 observationi
1220 3134 1289 3195 lruic
1324 3146 1433 3198 tanturn
1455 3136 1484 3195 ol

145 3219 339 3289 novilunium,
363 3216 443 3293 quod
459 3225 522 3277 crat
537 3228 627 3293 captu
640 3233 712 3275 suae
728 3214 840 3292 periodi
856 3234 998 3276 arrrroruru
1017 3226 1065 3277 lb.
1079 3218 1313 3299 (Anaximander
1328 3228 1376 3285 til.
1390 3222 1480 3285 Ll‘lll.

147 3306 302 3383 horologia
324 3304 546 3365 Lttccdaemono
570 3315 599 3363 et
622 3304 799 3379 horoscopia
822 3306 981 3375 coristituit,
1005 3307 1112 3381 quibus
1136 3312 1365 3385 aequinoctialia
1389 3323 1416 3373 ee
1435 3326 1480 3369 rra·

146 3398 214 3471 pica
236 3403 346 3470 puncta
369 3402 450 3453 crant
473 3392 637 3467 tlcsignata,
662 3399 736 3449 teste
760 3390 877 3450 lauditio
900 3402 930 3449 et
953 3392 1065 3467 l'linio,
1094 3394 1195 3455 docuit
1218 3408 1247 3457 ee
1269 3400 1419 3459 zodiacum
1438 3400 1479 3455 aa.

146 3481 259 3558 liquum
290 3498 370 3551 csso,
398 3480 553 3555 sphaeram
583 3498 611 3541 n.
640 3481 751 3553 primus
782 3481 959 3553 coustruuit,
989 3491 1108 3542 auctore
1136 3482 1246 3557 l'linio,
1277 3490 1364 3563 signa
1393 3484 1479 3547 deiude

145 3568 327 3629 Cleostratus
349 3570 378 3625 iu
401 3568 522 3627 soiliaco
545 3577 574 3627 et
597 3569 690 3644 prima
715 3566 751 3637 Υ
779 3574 808 3625 et
838 3566 882 3639 s,
907 3566 954 3625 01.
977 3566 1077 3627 LXX.
1125 3570 1158 3628 ln
1190 3572 1289 3631 bibliis
1313 3575 1393 3635 puna
1413 3590 1480 3633 mps-

148 3658 188 3716 tio
212 3658 371 3733 signorum.
416 3654 544 3713 Narnia
569 3655 604 3725 Υ
627 3653 849 3713 coristcllatioue
874 3672 937 3725 ver,
969 3658 998 3712 iu
1029 3656 1058 3727 ,l
1087 3670 1225 3731 protensa
1247 3662 1481 3735 longitudinem-

144 3762 199 3802 nus
232 3746 294 3820 ipse
326 3744 492 3817 incipiebat.
538 3740 755 3801 Subdisitlebat
781 3757 847 3800 cum
879 3740 965 3801 l’lato
995 3745 1024 3799 in
1053 3743 1177 3806 'l'imaeo
1208 3758 1237 3807 et
1264 3749 1364 3811 adbuc
1391 3754 1481 3809 rlrstrs

144 3834 174 3890 in
191 3840 209 3891 ti
226 3839 334 3908 partes,
358 3837 390 3889 ut
412 3829 561 3905 ‹prraelibet
584 3828 692 3887 babeat
717 3835 736 3887 ‘2
760 3830 854 3901 sipon,
879 3846 915 3887 co
939 3829 1018 3905 quoti
1042 3849 1100 3889 rum
1124 3834 1229 3893 intuitu
1252 3844 1367 3897 tacitum
1382 3838 1482 3895 ridere·

144 3930 190 3979 tur
213 3920 249 3979 dc
272 3936 317 3979 co.
360 3916 499 3977 liuderus
522 3916 732 3975 subdiridebat
755 3916 783 3971 in
808 3922 858 3988 titt,
882 3926 911 3975 ct
933 3920 976 3975 sic
997 3920 1113 3993 sigrium
1138 3924 1166 3979 in
1184 3932 1212 3982 ti.
1259 3925 1371 3985 Orsines
1394 3928 1482 3984 imma·

144 4008 254 4067 nebant
282 4006 384 4083 priscis
415 4005 621 4063 traditionibus
651 4004 686 4063 tle
710 4002 756 4061 tlie
779 4004 915 4069 solstitii,
948 4022 1014 4065 inca
1044 4010 1189 4083 opinione.
1234 4010 1311 4071 liam
1334 4012 1483 4075 Columelh

143 4096 287 4153 rationem
313 4092 426 4151 lludori
450 4104 479 4151 ct
501 4091 716 4151 Chaldaeorum
740 4090 810 4150 sarcit
833 4090 978 4167 enrrtlcm.)

248 4181 341 4255 Igitur
364 4180 525 4255 llippnrchi
548 4187 678 4256 temporo
700 4178 739 4245 (a.
763 4178 815 4237 Ch.
845 4178 915 4255 127)
934 4180 997 4253 jaun
1021 4180 1083 4241 rlies
1107 4196 1125 4241 a·
1149 4184 1374 4263 interciderant,
1404 4190 1442 4247 ltu
1460 4194 1486 4245 nl

145 4266 322 4327 Chaldaicus
345 4277 499 4345 corriputus
522 4267 672 4327 crlribcrct
699 4265 857 4325 solstitium
882 4278 900 4325 a
925 4268 1028 4326 elichus
1050 4284 1118 4345 post
1146 4272 1348 4335 obseruatum.
1394 4276 1486 4335 adis

147 4358 176 4412 in
200 4354 319 4414 modulo
344 4358 412 4413 atrrri
437 4354 620 4431 illplronsino
647 4362 728 4413 inlu
752 4356 836 4411 aratris
859 4356 1095 4429 accrrnrnlantnr,
1119 4362 1169 4435 qui
1193 4364 1343 4431 attingunt
1367 4376 1489 4441 tempora
1520 4432 1525 4449 ⁶

143 4442 292 4513 llcrculis,
322 4444 372 4517 qui
395 4444 504 4519 priums
527 4442 612 4501 lurlos
636 4442 807 4519 Olympicus
830 4444 953 4515 lecerat,
978 4446 1040 4501 luo
1064 4448 1148 4505 arinis
1171 4458 1239 4507 ante
1262 4450 1490 4511 h'ahonassarc!

144 4538 184 4597 (a.
210 4530 262 4588 l'h·
291 4532 397 4591 i‘ltill.
442 4530 540 4589 'l'hoth
565 4532 703 4607 ,topi-prii
726 4530 836 4589 rrrcusis
859 4532 952 4605 prhna
974 4531 1036 4589 rlies
1059 4533 1189 4593 habebat
1212 4538 1308 4611 ipsum
1331 4540 1491 4609 solstitium,

143 4638 179 4677 cx
203 4618 310 4675 tabulis
333 4618 440 4675 nostris
462 4630 537 4677 retro
561 4626 779 4693 crrrrrpntalum,
810 4618 864 4675 sub
889 4630 1020 4676 exortum
1045 4622 1214 4683 Caniculae.
1261 4626 1392 4685 Oruuino
1414 4630 1493 4702 iustu

144 4705 300 4766 verisimile
324 4714 376 4778 est,
401 4706 476 4763 circa
499 4716 631 4781 ternpore
646 4705 783 4765 llerenlis
798 4715 828 4761 ct
842 4704 982 4765 ,lurlieurn
1006 4706 1122 4765 israelis
1138 4709 1306 4771 i'lrahlacoa
1325 4715 1493 4777 obserans
1526 4710 1532 4728 '

143 4794 260 4852 solstitii
284 4792 361 4851 tlicru
384 4801 413 4851 ct
436 4796 474 4851 nb
498 4793 549 4852 illo
573 4794 737 4871 :lepyptios
759 4794 927 4867 auspicatos
951 4812 1016 4853 csse
1039 4814 1124 4854 srrrrnr
1153 4816 1280 4871 arritum,
1311 4804 1399 4877 cuju,
1428 4804 1495 4865 hm

143 4880 308 4959 methodus,
331 4888 364 4943 ut
386 4882 496 4943 caustis
518 4882 603 4943 anuis
619 4888 639 4941 t
653 4880 813 4941 sohtitium
835 4882 1030 4943 ascriberetur
1052 4882 1111 4945 dici
1127 4890 1156 4945 d.
1173 4884 1284 4963 Thotlr,
1307 4894 1423 4957 uocem
1439 4898 1495 4956 m
