3322 5534
330 410 447 473 «loannis
463 416 576 488 Kepleri
593 417 682 483 liobe
701 418 737 476 ad
758 418 943 490 appendicem
963 416 1232 491 Selenopraplsicam.
1419 416 1463 489 ’(5

100 589 173 645 euim
192 607 281 648 nuuru
298 608 334 649 ex
351 593 507 665 praecipuis
523 594 691 667 praeceptis,
716 595 818 668 quippe
836 596 918 653 etiam
935 593 1109 666 praecipuam
1128 592 1226 681 atdnet
1243 600 1349 665 partem
1368 608 1464 665 opera·
1482 608 1487 617 ·

98 684 169 739 mm,
189 672 356 740 praesertim
372 672 402 728 in
418 672 601 731 fundamentis
620 675 824 731 concinnandis.

206 749 251 805 29.
269 750 407 808 Palnstria
428 752 458 809 iu
476 753 556 809 Luna
582 754 728 810 habuimus
751 770 801 825 per
822 751 926 809 xxm.
963 752 1059 807 (letare
1080 752 1164 821 igitur
1186 751 1221 807 ad
1245 749 1463 807 concludendum
1557 768 1560 775 ·

98 825 263 895 suppeditat
279 836 375 886 nostra
394 831 574 902 agricultum
603 838 634 887 ut
652 832 758 888 scilicet
780 832 913 887 siarcum
931 829 1081 900 palustrem
1099 831 1174 885 fossa
1195 829 1333 899 profunda
1349 828 1463 885 circum

98 902 156 971 des,
174 904 278 961 humor
294 916 323 963 et
340 911 376 966 ab
393 917 471 966 extra
488 917 517 966 et
533 913 568 967 ab
587 926 650 967 area
669 912 866 980 comprehensa
883 910 912 965 iu
931 926 989 965 eam
1009 908 1119 965 defluat.

207 983 252 1040 30.
272 984 305 1041 id
323 987 347 1043 si
366 1004 422 1045 non
438 988 574 1059 profundo
592 990 660 1045 satis
674 1005 707 1045 ax
721 1006 797 1060 area,
815 990 930 1046 materia
948 1004 983 1044 ex
1001 988 1077 1043 fossa
1093 987 1121 1043 in
1139 1003 1200 1045 eam
1218 987 1321 1056 injecta
1332 987 1464 1057 cespitem

96 1059 228 1117 altiorem
245 1060 330 1119 facist
346 1072 376 1123 st
393 1068 429 1123 ab
446 1066 568 1123 humoris
585 1067 731 1138 superficie
746 1070 889 1125 intactum.

205 1141 254 1199 di.
274 1142 305 1197 lu
321 1144 364 1215 ila,
382 1160 455 1217 quaa
471 1160 533 1201 cum
549 1145 656 1203 ratione
675 1145 911 1214 administrantur,
930 1143 999 1201 uiluil
1016 1142 1088 1200 solet
1103 1143 1166 1201 fieri
1181 1142 1375 1199 fmsnaneum.
1409 1142 1463 1201 ilio

98 1222 143 1273 est
159 1216 241 1275 fossa
258 1216 331 1277 facts
348 1240 366 1278 a
383 1221 514 1279 creatuds
526 1222 716 1291 rationalibus,
734 1231 764 1279 nt
783 1231 825 1280 est
843 1224 870 1278 in
889 1222 1036 1295 hypothesi
1049 1221 1190 1293 epistolae,
1208 1222 1372 1293 recipiendis
1385 1221 1463 1291 aquis

97 1294 215 1429 ἰὲΙουω,
238 1312 327 1368 eaque
348 1300 498 1357 circularis.
533 1301 573 1357 Et
589 1300 633 1357 oni
650 1300 723 1357 bono
742 1317 830 1372 aquae
848 1300 949 1357 circulo
968 1299 1182 1370 circumductas,
1206 1300 1258 1355 nisi
1280 1299 1316 1355 ad
1334 1299 1462 1369 nungen-

119 1391 167 1431 nm
184 1376 215 1431 in
232 1376 288 1433 iisi

207 1454 252 1512 ³2.
271 1456 333 1513 Diel
349 1456 541 1515 ferventissimi
558 1458 702 1529 prolixitas
724 1459 806 1516 fldem
823 1459 890 1515 iacit
908 1457 1098 1514 exsiccatiouia
1120 1455 1263 1512 humorum
1282 1471 1352 1527 pene
1371 1456 1461 1525 qnoti-

99 1530 210 1589 dime.
245 1536 278 1590 ln
296 1536 370 1591 hunc
387 1536 470 1607 igitur
488 1544 614 1592 eventum
632 1536 707 1593 fossa
725 1538 808 1594 alium
825 1554 903 1594 usum
922 1536 1014 1601 habet,
1032 1534 1259 1591 deambulationis
1277 1536 1304 1590 in
1317 1535 1461 1606 profundo.

204 1612 247 1669 33.
268 1614 503 1670 Deambulstionls
525 1612 588 1670 finis
606 1614 786 1686 refrigeratio.
821 1616 884 1671 Non
903 1630 969 1670 saue
993 1612 1068 1670 nuda
1089 1613 1222 1668 recreatio
1244 1618 1293 1668 ant
1314 1611 1403 1682 indus,
1422 1612 1462 1669 ui·

98 1689 153 1745 mio
171 1706 276 1760 uagus
292 1699 359 1749 sunt
374 1694 445 1750 haec
462 1708 555 1763 opera,
572 1694 646 1763 qnod
659 1710 750 1764 genus
768 1694 944 1763 conjecturas
962 1708 1045 1762 supra
1062 1692 1133 1747 iuter
1144 1691 1282 1747 axiomata
1299 1691 1460 1762 recepimus,

97 1767 147 1824 aed
164 1784 276 1827 summa
292 1772 451 1841 necessitas,
469 1773 565 1829 umbra
582 1773 647 1829 ualli
663 1773 691 1829 in
709 1773 845 1844 profundo
864 1788 894 1829 sa
910 1772 981 1829 tueri
999 1787 1016 1826 a
1033 1770 1163 1826 violentia
1181 1768 1261 1825 Solis
1297 1769 1389 1839 thue
1406 1772 1462 1827 hoo

98 1861 211 1917 nuper
226 1851 343 1919 possint,
361 1850 487 1907 circulari
505 1850 582 1908 fossa
600 1868 670 1923 opus
688 1859 732 1908 est
748 1860 776 1908 et
793 1853 943 1908 mutatione
959 1850 1026 1919 loci,
1046 1850 1086 1906 nti
1104 1849 1151 1903 Sol
1169 1866 1278 1921 qnoque
1296 1858 1395 1921 mutat;
1414 1866 1459 1908 aa·

97 1940 154 1995 qne
170 1926 220 1983 sel
236 1929 392 1999 uadguudo
409 1929 478 1985 citra
495 1928 624 1992 laborem,
643 1929 684 1986 ecl
703 1930 801 2000 majori
821 1946 882 1984 cum
900 1926 1025 1984 molestia
1042 1927 1163 1998 pedestri
1180 1928 1286 1987 itinere.

204 2007 249 2061 34.
269 2007 340 2077 Quia
356 2009 405 2078 qui
421 2009 450 2065 in
467 2005 544 2063 fossa
561 2014 633 2077 snut,
652 2006 672 2063 ii
689 2007 786 2063 collem
805 2008 908 2064 habent
925 2007 961 2063 ab
979 2022 1034 2062 nna
1046 2007 1136 2078 plaga,
1154 2007 1317 2063 exterimmn
1334 2022 1461 2077 aggerem

96 2082 131 2139 ab
148 2082 250 2141 altera
286 2084 316 2141 Si
333 2102 400 2156 ergo
418 2086 466 2143 Sol
483 2093 527 2143 ast
542 2086 571 2143 in
587 2087 670 2157 puga
686 2089 794 2159 aggeris
812 2087 968 2157 exterioris,
995 2103 1079 2157 agger
1102 2086 1148 2142 hic
1170 2085 1237 2157 ipsis
1260 2086 1385 2143 umbem
1411 2088 1462 2143 mi·

206 2243 251 2300 35.
270 2242 318 2298 Sin
335 2243 369 2298 iis
388 2243 430 2300 vel
449 2258 542 2299 eorum
561 2242 705 2299 contrariis
724 2243 771 2301 Sol
788 2245 876 2300 estin
893 2243 977 2315 plaga
995 2242 1081 2314 collis,
1101 2244 1149 2314 qui
1167 2250 1232 2299 snut
1250 2243 1277 2299 iu
1295 2244 1379 2314 fossa,
1398 2254 1464 2317 post

96 2318 199 2375 collem
218 2335 269 2376 seu
286 2337 413 2391 aggerem
430 2322 586 2379 interiorem
604 2337 666 2378 scae
684 2323 788 2381 abdunt
806 2326 833 2380 in
853 2324 984 2381 umbram.

205 2400 248 2455 36.
270 2400 319 2455 liis
338 2401 417 2461 euim,
437 2402 483 2470 qni
501 2401 528 2455 in
547 2400 625 2456 collis
643 2409 758 2469 cratero,
780 2418 863 2473 agger
881 2402 1000 2458 exterior
1017 2400 1120 2456 unllam
1133 2408 1256 2472 praestat
1273 2403 1404 2473 umbram,
1422 2404 1461 2461 in·

97 2478 186 2534 terior
199 2486 333 2549 praestat,
352 2487 380 2535 et
397 2480 451 2537 lsoc
467 2484 527 2537 alne
544 2480 713 2549 fatigatione,
733 2482 798 2553 quia
810 2489 944 2553 angustus
956 2488 1000 2535 est
1017 2480 1093 2535 locus
1111 2480 1140 2536 in
1152 2480 1288 2552 profundo
1308 2481 1381 2538 circe
1399 2498 1461 2539 cen·

95 2564 182 2623 nuru,
203 2556 335 2627 breuique
353 2558 450 2614 itinere
467 2566 610 2613 transeunt
628 2573 646 2613 a
662 2559 730 2615 locis
748 2559 812 2615 Sole
836 2561 916 2616 tostis
935 2559 969 2614 ad
987 2559 1129 2626 umbroaa;
1153 2566 1201 2614 aut
1218 2560 1242 2614 sl
1259 2576 1343 2630 agger
1360 2563 1389 2617 iu
1407 2562 1461 2617 disi

95 2634 198 2703 medio,
219 2634 285 2691 Sole
302 2636 449 2691 verticibus
466 2637 645 2703 incumbente,
665 2635 786 2692 umbram
805 2655 862 2693 uon
879 2638 953 2705 facit,
972 2643 1185 2693 consentaneum
1204 2644 1258 2705 est,
1277 2654 1375 2708 specus
1393 2640 1461 2710 ipsis

97 2730 169 2785 esse,
189 2716 221 2770 iu
239 2730 367 2783 aggerem
386 2715 515 2771 acclivem
532 2715 669 2783 reductos,
688 2717 715 2770 iu
735 2716 834 2785 quibus
852 2718 991 2772 latitantes
1009 2714 1099 2770 Solem
1117 2716 1296 2771 meridianum
1314 2716 1460 2775 declinent.

206 2795 253 2849 Sic
269 2794 363 2864 itaque
376 2794 561 2851 demonstrata
573 2802 640 2863 puto
654 2795 752 2863 omnia,
772 2810 842 2863 quae
854 2803 918 2851 snut
931 2795 959 2849 iu
978 2793 1102 2865 epistola,
1121 2806 1152 2850 ut
1170 2795 1282 2865 promisi
1300 2796 1335 2851 ad
1353 2797 1460 2854 literam

96 2872 147 2943 ³73
165 2870 254 2941 idque
272 2888 322 2941 per
339 2873 497 2928 varietatem
515 2876 680 2930 axiomatnm
700 2874 892 2945 complurium,
913 2882 943 2930 nt
961 2888 1034 2927 unm.
1054 2872 1098 2927 38.
1135 2872 1207 2928 Satis
1226 2881 1254 2929 et
1271 2873 1305 2928 do
1323 2874 1376 2931 hac
1394 2877 1460 2946 Epi·

96 2950 183 3013 stola,
207 2949 288 3019 cnjus
313 2952 497 3021 “sumptione
521 2950 645 3007 libellum
669 2951 741 3007 husuc
759 2968 849 3009 meum
867 2951 979 3018 duodo,
1004 2949 1107 3007 lectore
1124 2954 1160 3008 ad
1177 2962 1336 3023 sequentem
1359 2956 1459 3012 uetusti

98 3029 249 3101 Scriptoris
267 3029 389 3087 libellum
407 3029 625 3102 cognoscendum
643 3032 813 3089 transmisso.

724 3170 830 3228 Finis.
