3308 5534
789 386 865 450 itia
1440 391 1505 463 871

148 570 300 634 recideret.
346 569 424 648 Quin
454 573 513 633 imo
543 571 663 633 dabitar
682 571 755 633 mibi
776 572 1013 651 intelligendum,
1045 570 1275 633 renunciandum
1295 570 1369 633 milri
1391 571 1507 651 protra-

148 662 228 720 sioni
251 663 481 733 astronomicae,
510 667 668 737 postquam
692 661 756 738 jam
778 660 839 722 iere
859 656 1002 722 consenui
1030 662 1061 719 in
1083 660 1172 736 bujaa
1194 659 1342 736 dogmatis
1364 659 1507 734 dorbia,

147 749 266 809 nemine
295 754 356 806 tam
378 746 430 806 diu
452 748 686 819 contradicente,
717 746 894 825 tandemque
918 747 1146 809 renunciandum
1169 749 1226 824 ipai
1247 749 1419 824 provinciae
1440 746 1507 808 Aa·

148 837 304 910 striae,.si
327 837 356 892 in
379 853 416 895 ea
437 852 496 895 non
519 839 556 895 sit
579 836 693 894 iuturus
717 835 800 895 locus
821 834 950 896 libertati
981 834 1214 912 philosophicae.
1229 877 1239 893 .
1256 877 1289 893 ..
1324 833 1508 897 Harmoniae

148 925 276 1000 paginae
292 927 332 983 8³
355 922 518 985 habebunt.
553 922 770 1000 ‘lypographus
784 922 1048 996 Fraeooihrteusis,
1071 925 1123 999 qui
1144 929 1260 982 sumtus
1282 921 1355 981 mibi
1371 919 1507 996 relaedit,

148 1012 289 1071 aestimat
308 1009 456 1086 exemplar
479 1005 542 1090 2¹),
565 1010 683 1070 florenis
705 1009 897 1073 Fraoooiurti.
944 1010 1059 1070 Desunt
1081 1010 1151 1070 mibi
1180 1009 1279 1070 adhue
1300 1009 1420 1086 pauculi
1444 1011 1509 1088 typi

148 1095 296 1158 inaerendi
300 1139 405 1158 .....
452 1096 529 1172 Quia
544 1097 698 1173 Copornici
720 1099 867 1158 sententia
880 1096 1046 1159 defenditur
1061 1097 1236 1159 alternative
1255 1097 1342 1173 juxta
1356 1096 1509 1176 'l'yebooi-

148 1202 227 1257 eam,
251 1193 282 1244 et
303 1187 374 1261 quia
395 1187 529 1262 superior
552 1185 672 1244 Austris
687 1200 738 1244 rea
753 1186 859 1261 agium,
883 1186 913 1243 in
936 1185 1020 1260 cujus
1043 1187 1163 1246 servitio
1184 1182 1311 1262 perduro
1332 1185 1508 1261 noemin,

147 1274 224 1349 quia
243 1288 330 1332 nemo
354 1275 510 1348 quiequam
527 1279 678 1349 praeterea
692 1271 784 1331 solvit
805 1272 884 1332 uude
908 1275 1024 1331 rivam:
1056 1271 1102 1331 bia
1125 1272 1162 1333 de
1184 1273 1282 1332 causis
1303 1270 1417 1345 dubito,
1437 1287 1509 1335 anm

148 1360 274 1419 &mam
296 1359 446 1436 exemplar
471 1358 633 1436 (archiduci
655 1358 831 1437 Leopoldo).
877 1358 990 1435 Quodsi
1019 1362 1138 1419 omnino
1168 1357 1365 1432 offerendum,
1396 1375 1508 1436 quaero

150 1456 252 1507 utrum
274 1464 341 1506 cum
364 1446 564 1519 dedicatione,
596 1463 672 1523 quae
701 1446 773 1506 mibi
796 1446 914 1507 demum
935 1455 982 1506 eet
1003 1446 1203 1523 exspectanda
1225 1446 1419 1507 Francoiorto
1441 1463 1509 1509 eum

146 1536 224 1611 ipsis
246 1536 336 1593 ctiam
359 1537 437 1612 typis
459 1536 577 1606 aeneis,
609 1551 698 1609 quam
721 1533 832 1594 audisti
855 1551 890 1594 ex
914 1542 984 1594 roto
1006 1533 1068 1595 lieri
1097 1536 1159 1611 regi
1183 1533 1326 1610 Augilas,
1348 1550 1388 1595 aa
1409 1535 1510 1611 potiar

122 1624 268 1681 -mittam
296 1623 360 1680 eine
389 1620 447 1680 aa?
487 1621 656 1697 Ephemeris
686 1623 874 1698 imprimitur,
907 1620 1036 1681 nondum
1068 1620 1134 1700 plus
1162 1638 1222 1683 una
1250 1623 1360 1699 pagina
1389 1621 1509 1684 mulet-

149 1715 292 1769 tumeat.
1467 1744 1469 1750 ·

255 1808 377 1862 Remus
396 1808 549 1877 rescripsit,
576 1822 630 1861 uon
653 1821 715 1862 esre
738 1808 811 1876 quod
834 1809 1008 1865 eibi-timeat
1026 1807 1164 1878 Keplcrus
1186 1822 1238 1863 nec
1259 1807 1288 1862 in
1305 1807 1387 1865 Italia
1410 1821 1462 1865 aeo
1477 1808 1508 1867 ia

147 1895 271 1963 Austria,
297 1894 395 1962 ,modo
420 1911 449 1949 se
472 1895 545 1950 intra
562 1895 661 1950 limites
686 1910 752 1950 suos
768 1896 909 1952 contineat
925 1903 954 1951 et
972 1894 1118 1951 affectibus
1139 1894 1259 1965 propriis
1282 1895 1422 1965 imperet“.
1441 1894 1512 1965 (cra.

147 1981 205 2041 vol.
224 1983 272 2040 Vl.
290 2000 318 2053 p.
336 1985 393 2053 60.)
429 1982 582 2053 Responsio
600 1982 710 2052 Kepleri
729 1983 765 2053 (d.
785 1982 810 2037 d
830 1983 875 2040 di.
894 1983 979 2051 Aug.)
997 1982 1066 2039 haee
1083 1982 1185 2039 habet:

260 2117 364 2135 .....
390 2074 489 2134 Editio
513 2074 714 2152 premeridis
736 2073 803 2152 plna
826 2074 898 2134 mibi
920 2074 1201 2154 typographicorum
1224 2074 1345 2136 exbibet
1365 2073 1512 2149 laborum,

149 2180 242 2240 quam
266 2162 458 2241 typographia
482 2163 563 2239 ipsis,
587 2164 724 2237 quamvis
746 2169 833 2240 typos
856 2165 989 2240 proprios
1018 2162 1166 2227 habebam
1188 2161 1268 2222 domi
1290 2176 1382 2227 meae.
1426 2162 1512 2225 Alter

148 2250 237 2311 labor
258 2253 388 2310 ertmsio
412 2247 621 2326 exemplarium
644 2249 882 2322 Fraoooinrtum,
915 2250 999 2325 cujue
1028 2266 1119 2309 causa
1141 2250 1278 2327 praemisi
1303 2257 1363 2310 tras
1385 2252 1511 2328 paginas
1575 2286 1581 2299 ·

145 2348 183 2400 et
202 2337 346 2415 postridie
368 2339 501 2397 summisi
524 2343 659 2412 quartam
682 2343 800 2396 etcum
822 2339 851 2394 in
873 2352 980 2396 navem
1003 2337 1150 2397 venissem
1173 2335 1289 2396 daobna
1312 2335 1422 2398 abhinc
1440 2338 1511 2398 mil·

146 2427 275 2485 liaribus
306 2427 541 2499 iuvenisscmque
572 2423 719 2500 baptiaeta
746 2439 813 2482 mea
838 2423 1018 2501 exemplaria
1047 2432 1230 2484 auoctumo
1257 2422 1351 2497 Jove,
1380 2424 1511 2486 trlduraa

148 2511 291 2574 siccando
314 2510 534 2587 inserendisque
564 2512 680 2588 paginis
712 2512 848 2584 insumul,
879 2509 949 2570 dum
978 2513 1094 2571 interim
1116 2511 1299 2571 Ancharium
1324 2519 1512 2578 (nemachium)

147 2608 274 2661 ventem
276 2642 383 2662 .....
408 2599 591 2674 Prognostici
615 2597 752 2658 ordinarii
776 2601 844 2657 anni
872 2604 970 2669 1619,
994 2598 1165 2659 Decembris
1188 2599 1350 2676 penultima
1370 2597 1510 2672 absoluti

149 2690 232 2748 iutra
253 2686 317 2745 dies
340 2692 358 2745 8
382 2687 498 2746 suerunt
522 2689 620 2744 omnia
642 2683 821 2764 exemplaria
843 2684 996 2763 disuacta„
1010 2727 1119 2747 .....
1163 2685 1279 2747 Juvare
1304 2701 1352 2745 naa
1373 2691 1458 2764 poter
1480 2693 1512 2748 at

150 2780 216 2836 arte
237 2783 268 2833 et
290 2773 561 2850 intercessionibus,
592 2771 644 2832 ssd
673 2773 711 2832 ab
734 2778 796 2832 arte
820 2771 860 2831 nii
883 2780 968 2850 peto,
1000 2781 1031 2830 at
1054 2775 1263 2833 intercessione
1292 2779 1393 2850 potua,
1424 2775 1451 2841 si
1471 2771 1511 2836 de

149 2877 221 2923 meo
244 2859 340 2920 aulico
362 2860 479 2931 salario,
503 2878 556 2918 seu
577 2861 638 2936 jam
663 2859 763 2919 debito
785 2875 837 2919 seu
860 2857 957 2919 adbuc
979 2868 1112 2920 currente
1134 2860 1234 2937 (nemo
1250 2862 1329 2920 enim
1343 2862 1511 2937 manaem)
1576 2891 1581 2902 ·

149 2956 268 3010 uniam
291 2950 362 3007 mihi
385 2956 570 3019 numeretur,
600 2946 677 3006 nude
701 2944 914 3023 Gringalletum
937 2962 1050 3019 meum,
1071 2948 1135 3022 Jarn
1158 2945 1268 3006 dadum
1289 2945 1450 3007 demina·
1471 2947 1511 3008 ob

149 3036 358 3097 difficultatem
380 3043 543 3113 tempomm
566 3041 594 3092 et
616 3033 728 3093 nullum
750 3032 904 3105 solertem,
929 3032 1110 3109 postliminio
1131 3041 1312 3106 revocatam,
1333 3039 1511 3107 mundare,

150 3123 235 3184 nude
258 3123 409 3201 lipitomes
432 3130 544 3199 partem
576 3121 736 3180 theoricam
763 3122 843 3198 typis
871 3118 1014 3192 excudere
1042 3124 1161 3199 possim.
1207 3120 1253 3180 Tu
1276 3123 1302 3180 ai
1324 3119 1419 3182 muita
1439 3120 1513 3181 mibi

150 3209 333 3288 exemplaria
355 3213 451 3287 operis
475 3209 645 3267 Harmonici
668 3207 838 3267 distraxeris
860 3199 939 3286 (uam
959 3213 1019 3266 100
1036 3207 1108 3266 mihi
1124 3208 1327 3286 typographus
1341 3224 1394 3285 pro
1409 3208 1513 3270 labore
1628 3202 1630 3206 ’

150 3298 299 3374 reliquit),
322 3315 369 3356 rer
392 3314 473 3357 meae
496 3296 672 3355 domesticae
694 3293 867 3355 sublevabis
890 3311 996 3371 meque
1019 3297 1048 3352 in
1064 3294 1134 3355 dote
1148 3295 1226 3357 filiae
1242 3289 1424 3379 (Sasernae)
1444 3312 1512 3357 oar·

150 3384 288 3462 roganda
309 3385 477 3460 adjuvabis,
501 3399 579 3458 qrreo
603 3381 714 3442 dudum
736 3381 860 3442 occultis
883 3398 1025 3440 annorum
1048 3385 1224 3443 canentium
1247 3383 1512 3445 machinationibra

151 3474 351 3552 hymenaeum
366 3475 460 3530 invita
483 3473 570 3531 etiam
595 3487 632 3529 cx
653 3477 735 3548 parta
761 3470 833 3528 diat
854 3469 1043 3545 arcessitque,
1066 3471 1123 3529 niai
1139 3488 1186 3531 me
1207 3470 1284 3530 iailit
1298 3472 1437 3548 asspicio.
1453 3492 1462 3532 ι
1479 3516 1511 3533 ..

119 3596 122 3601 ,
152 3561 226 3622 ‚lam
249 3568 321 3637 puto
344 3576 481 3619 excusam
505 3558 719 3617 dedicationem
742 3573 808 3617 cum
837 3554 922 3615 titulo
950 3557 1081 3632 generali
1082 3598 1211 3620 ......
1257 3556 1428 3636 Exemplar,
1454 3559 1525 3635 etsi,

152 3647 287 3707 nondum
310 3656 355 3706 est
377 3645 564 3725 completum,
588 3647 671 3704 mitto
696 3652 809 3715 tamen,
832 3641 1006 3703 uadendum
1030 3643 1181 3722 Leopoldo
1206 3643 1373 3705 Archidami.
1418 3644 1451 3704 Si
1473 3644 1512 3704 D.

151 3736 259 3795 Abbas
282 3754 300 3793 a
323 3735 553 3794 Cremsmiinster
576 3724 680 3813 posset
699 3729 824 3808 impelli,
857 3736 890 3789 ut
911 3748 958 3790 me
988 3739 1104 3806 urgeret
1128 3734 1158 3790 in
1188 3729 1318 3791 editione
1347 3731 1511 3808 Epitomaa,

148 3833 269 3883 sumtus
291 3824 355 3899 ipsa
378 3821 488 3881 locarat
509 3819 547 3879 ad
564 3826 626 3879 200
641 3820 824 3890 florenorum,
848 3816 880 3875 id
901 3826 980 3876 recte
1001 3826 1032 3878 et
1054 3836 1089 3877 ex
1112 3817 1268 3879 commodo
1289 3834 1356 3879 meo
1378 3817 1470 3880 flaret

260 3923 364 3978 Remus
382 3920 525 3990 respondit
544 3921 569 3975 t.
589 3919 665 3975 Oet:
692 3918 794 3974 Juvare
814 3918 872 3987 jam
896 3924 924 3973 te
942 3919 986 3972 vix
1004 3918 1069 3972 licet
1090 3924 1205 3987 prepter
1228 3916 1293 3973 belli
1311 3922 1418 3975 annuas
1435 3917 1514 3974 iaaa-

150 4025 259 4079 mcroa3
276 4010 321 4063 vix
340 4009 442 4079 aliquid
461 4023 496 4062 ex
514 4022 574 4061 mea
591 4004 747 4076 provisione
764 4004 857 4073 habui,
876 4019 911 4060 ex
931 4006 1065 4061 caesarea
1082 4005 1165 4075 plane
1182 4004 1258 4059 ailril.
1295 4004 1407 4073 Loquar
1423 4010 1515 4061 umen

150 4115 217 4155 cnm
235 4097 268 4152 D.
287 4098 321 4152 de
342 4096 460 4152 Meclrau
479 4103 526 4150 tuo
544 4094 662 4161 nomine,
681 4092 791 4149 loeutus
809 4091 891 4146 etiam
910 4106 969 4147 sum
987 4108 1049 4148 eum
1066 4093 1101 4147 l).
1118 4090 1308 4160 Moamiager,
1325 4092 1374 4161 qui
1390 4091 1517 4163 promisit

150 4199 263 4241 onnam
281 4198 400 4253 operam.
431 4183 464 4236 li.
483 4181 577 4237 Abbus
595 4180 629 4235 de
644 4180 860 4235 Gremamdnster
877 4178 1019 4250 pollicitus
1037 4186 1081 4234 eet
1094 4194 1200 4233 omnem
1213 4192 1332 4246 operum,
1351 4183 1383 4234 ut
1398 4177 1514 4248 petiisti3

152 4273 248 4331 scribe
265 4272 327 4340 ipsi,
345 4271 405 4340 ipse
424 4269 501 4325 dabit
518 4267 687 4324 occasionem
701 4270 735 4331 fet
747 4265 839 4321 omnia
855 4266 988 4336 requisita
1006 4271 1035 4321 et
1051 4266 1170 4322 modum.
1184 4294 1217 4307 -
1231 4266 1282 4321 His
1294 4265 1371 4321 addit
1383 4267 1426 4320 11.
1439 4263 1514 4321 Oet:

151 4362 259 4431 uagae
277 4359 376 4427 gaudio
402 4357 483 4411 bodie
501 4354 625 4412 intellexi
643 4370 677 4410 ex
696 4353 821 4424 catalogo
839 4352 1035 4421 euadentem,
1061 4362 1137 4408 tuum
1155 4352 1255 4409 librum
1272 4352 1435 4410 oometieum
1451 4364 1514 4422 pru·

151 4447 241 4503 diiaae
259 4446 408 4514 Amitae.
1483 4486 1486 4491 .

263 4532 375 4600 Kepleri
392 4530 546 4599 responsio,
568 4528 591 4582 d.
612 4542 635 4582 c.
655 4525 736 4581 finem
754 4526 893 4596 Octobris,
912 4527 981 4582 haec
999 4526 1094 4583 habet:
1126 4523 1163 4582 D.
1193 4541 1211 4583 a
1237 4522 1365 4585 Meckau
1397 4523 1514 4583 locuti!

153 4634 224 4679 aum
247 4615 295 4674 bic
317 4618 347 4672 in
369 4616 509 4687 transita;
532 4620 565 4671 ut
579 4611 710 4686 loquaris
725 4612 782 4689 ipsi
799 4609 837 4671 de
851 4611 959 4672 modiis
974 4614 1057 4680 meis,
1080 4627 1138 4671 non
1153 4628 1293 4689 repugno,
1315 4624 1385 4671 aam
1400 4610 1515 4670 otiosae

153 4702 371 4785 proieaaioncs,
401 4699 497 4777 qualis
519 4698 593 4759 baec
613 4715 682 4758 mea
702 4696 836 4772 vidatar,
868 4699 1069 4777 periclitantur
1097 4698 1133 4757 de
1162 4701 1260 4775 gratia
1289 4710 1392 4775 regum
1412 4698 1445 4757 ie
1465 4695 1514 4759 hia

155 4790 303 4853 bellomm
327 4788 560 4850 necessitatibus.
606 4785 646 4845 At
669 4787 890 4865 utimportane
912 4785 992 4863 apud
1015 4788 1110 4863 ipsum
1133 4787 1224 4847 instes
1246 4784 1284 4848 de
1305 4785 1457 4864 pecualia,
1484 4781 1515 4845 iti
