3322 5534
147 390 214 465 082
668 400 1006 480 cenomannense

146 594 214 638 mee
237 575 346 652 studia,
368 594 424 639 nos
446 583 545 640 nutem
568 596 670 642 omues
683 589 917 666 untrmnmqne
938 587 1125 657 calamitates
1147 590 1347 667 graimsimaa
1368 586 1434 652 Deo
1452 588 1499 650 ml·

147 663 286 726 sericordl
308 665 479 727 ardentibus
501 669 637 744 precibus
659 672 840 737 commendo.
1233 720 1237 727 ι

250 749 369 815 dreani
395 759 445 816 ro.
468 752 547 840 (ee.)
566 754 635 818 oet
665 763 758 823 roos.

1055 853 1255 915 &versutiae
1276 850 1366 916 roae

954 940 1235 1002 observantissimus
1259 941 1425 1022 discipulus

1042 1027 1086 1093 di.
1107 1029 1159 1091 Je.
1184 1028 1354 1107 Keptarrrr.

252 1189 297 1245 Ex
321 1192 544 1260 responsionibus
573 1196 712 1253 Maeciliai
733 1202 763 1254 et
785 1199 968 1255 flatenrsiieri
997 1199 1087 1255 clueat
1110 1200 1331 1270 quadantenus,
1366 1199 1430 1270 qaid
1452 1198 1496 1256 tm

146 1275 287 1346 scripserit
298 1278 443 1348 Keplsruc.
473 1280 613 1338 Maestlini
630 1284 728 1341 literas
743 1285 826 1342 datae
844 1294 909 1343 sunt
921 1285 1048 1354 „calm
1066 1287 1092 1343 d.
1105 1287 1145 1342 14.
1160 1287 1233 1357 (24.)
1252 1289 1326 1344 Nor.
1340 1285 1419 1357 1594,
1435 1286 1497 1343 liora

147 1362 324 1432 antelucanis,
341 1365 448 1422 calamo
466 1370 591 1425 uirides
609 1371 796 1428 relociasimc‘
816 1380 844 1429 et
863 1374 931 1429 baec
949 1374 1065 1430 hebent:

253 1451 431 1508 Gratissimae
448 1455 558 1512 inerunt
569 1459 644 1527 mibi,
662 1460 711 1516 Vir
729 1460 885 1518 doctissime
902 1462 1039 1534 longeque
1055 1462 1123 1517 milri
1134 1462 1305 1531 charisrime,
1324 1460 1420 1517 literas
1436 1469 1497 1531 tusa,

149 1547 218 1606 quas
243 1539 357 1607 scriptas
384 1544 423 1598 19.
450 1544 509 1599 Oct
534 1561 586 1613 ego
612 1548 652 1603 12.
676 1548 746 1604 Nor.
769 1549 872 1619 accepi.
908 1549 967 1603 Eue
993 1548 1066 1602 enim
1089 1562 1180 1604 meum
1206 1549 1381 1605 desiderium
1403 1549 1497 1605 almis

148 1624 365 1699 compleverunt,
389 1629 458 1685 adeo
483 1640 514 1689 nt
527 1633 676 1703 jucundior
699 1635 766 1691 mihi
787 1637 834 1690 rix
853 1636 998 1706 quiequam
1025 1636 1167 1706 obtingere
1184 1638 1336 1707 pomtsact
1371 1635 1439 1693 tiam
1453 1648 1497 1692 an

85 1778 88 1783 ⁴
149 1711 230 1768 modo
248 1720 349 1770 statum
368 1726 598 1788 rerumrerum,
617 1738 697 1791 quem
716 1723 839 1794 apprime
855 1738 1023 1790 cognoccere
1041 1727 1220 1796 exoptabam,
1239 1734 1444 1796 exposuerunt,
1459 1722 1498 1779 art

151 1807 180 1854 et
197 1799 311 1857 aliarum
328 1818 419 1859 rernm
433 1806 505 1863 lectu
518 1808 780 1877 jucundissimarum
792 1810 988 1867 refertissimae
999 1812 1111 1868 luerunt
1111 1854 1203 1870 .....
1223 1815 1408 1885 Exemplaria
1416 1812 1497 1870 Caiu-

150 1886 219 1944 darii
236 1905 254 1945 a
270 1897 300 1948 te
316 1891 382 1947 editi
401 1893 528 1951 distribui
544 1896 586 1965 iis,
605 1897 704 1965 quibnc
722 1899 853 1969 inscripta
865 1907 953 1955 crant.
985 1902 1028 1956 Ea
1045 1900 1128 1971 longe
1145 1903 1305 1968 gratissima
1322 1900 1443 1970 tuorum,
1457 1898 1498 1957 fl

150 1977 224 2047 qnod
248 1979 340 2036 stilum
357 1997 465 2052 norum,
483 1984 558 2054 apud
576 2001 626 2039 nos
644 1986 818 2055 inusitatum,
835 2003 898 2043 cnm
916 1989 1004 2044 reteri
1019 1998 1116 2045 noctro
1134 1988 1315 2058 conjunctum
1332 2005 1390 2047 non
1401 1988 1497 2044 babent

152 2064 261 2122 Gratias
288 2084 343 2125 une
366 2085 471 2126 meeum
494 2080 580 2142 agunt
601 2074 735 2130 maximas
760 2082 843 2144 teque
865 2075 894 2130 in
912 2076 1031 2131 statione
1048 2074 1097 2131 ille
1119 2084 1169 2131 tue
1183 2088 1305 2146 pergere
1326 2076 1440 2146 iubent,
1460 2091 1498 2131 arr

152 2152 262 2210 dubium
286 2164 340 2226 est,
368 2159 433 2227 quin
456 2176 509 2229 cpe
532 2160 623 2217 divina
641 2163 767 2232 Spartam
785 2170 859 2219 tuam
877 2165 987 2233 egreg‘e
1011 2165 1050 2220 sic
1069 2171 1225 2221 ornaturus.
1259 2164 1443 2235 Exemplaria
1456 2176 1497 2220 aaa

116 2236 121 2257 ¹
150 2241 237 2311 ligata
252 2260 296 2301 me
314 2245 391 2302 initio
409 2247 556 2307 admodum
575 2251 721 2308 sollicitum
738 2258 894 2322 tenuerunt,
913 2268 977 2309 nam
995 2253 1111 2322 primam
1123 2249 1252 2320 paginam
1262 2250 1426 2307 desiderare
1441 2251 1496 2307 ride

150 2330 258 2389 bantur.
275 2335 395 2421 'Verum
413 2336 472 2392 heri
490 2340 596 2407 uesperi
613 2341 653 2396 Μ.
671 2339 890 2407 Emesenedinr,
915 2339 1040 2395 similiter
1059 2338 1094 2393 de
1111 2337 1226 2407 reliquis
1243 2338 1356 2408 paginis
1372 2338 1496 2406 collicias

149 2420 185 2477 ud
201 2437 245 2477 ms
262 2423 374 2480 veniens
392 2433 559 2495 conquestus
577 2436 620 2482 est
638 2428 774 2485 deiectum
792 2429 882 2498 illnm;
907 2427 1032 2483 intellexi
1047 2426 1143 2496 igitur,
1163 2426 1267 2495 primas
1286 2429 1405 2496 paginas
1419 2438 1496 2482 crasa

150 2506 237 2565 literis
255 2509 295 2568 Μ.
314 2510 446 2568 Bonirido
464 2514 604 2584 inscriptis
622 2515 742 2572 inclusas
759 2515 856 2585 inisse,
874 2515 963 2572 lactuc
982 2515 1064 2585 igitur
1081 2513 1250 2583 exemplaria
1266 2512 1320 2569 illa
1335 2509 1497 2585 completas'

149 2594 249 2652 tradidi
267 2596 457 2656 distribuenda
474 2601 517 2671 iis,
535 2601 637 2670 quibus
655 2602 829 2674 inscripsisti.

253 2686 296 2741 De
307 2688 424 2743 Domino
436 2703 531 2744 cucero
544 2704 604 2744 meo
617 2704 687 2761 quae
699 2691 779 2747 anxie
791 2690 910 2748 scribere
921 2689 1020 2744 rideris
1033 2696 1088 2744 tarn
1101 2687 1242 2756 adipsum
1254 2703 1340 2757 qum
1353 2688 1391 2747 ad
1402 2688 1497 2759 mah

84 2840 86 2849 Ι
151 2776 318 2845 respondere
331 2775 431 2848 jubet,
450 2783 481 2833 nt
498 2777 590 2833 auimo
608 2779 716 2847 quietus
735 2780 787 2844 sis,
808 2785 837 2835 te
853 2778 927 2832 enim
944 2778 973 2833 in
991 2772 1076 2845 culpa'
1089 2789 1144 2831 non
1162 2790 1224 2830 esse
1242 2778 1364 2847 asserit,
1387 2777 1437 2834 aad
1451 2788 1497 2833 a·

150 2861 250 2932 ipsum,
266 2864 314 2933 qui
331 2865 476 2936 pecuniam
494 2871 543 2920 tuo
561 2865 670 2920 nomine
688 2866 835 2922 restituere
852 2865 978 2921 debebat.
1015 2863 1135 2920 Pecunia
1151 2863 1226 2917 enim
1243 2878 1262 2917 a
1280 2870 1312 2919 ta
1327 2864 1419 2935 prola
1432 2864 1498 2921 min

151 2959 202 3024 eat,
220 2959 250 3010 st
267 2955 361 3010 nescio
379 2954 443 3023 quis
461 2953 517 3020 ille,
535 2953 563 3008 in
581 2954 661 3023 cnjus
678 2968 776 3010 manus
793 2953 917 3020 devenit,
942 2953 990 3022 qni
1007 2950 1137 3007 Paulines
1154 2949 1212 3006 sire
1230 2950 1421 3023 liliiufflpil
1434 2951 1498 3009 ὼ

149 3057 203 3114 que
221 3047 345 3098 monetas
363 3042 456 3110 (unum
474 3041 556 3096 etiam
574 3039 725 3109 improbam
737 3042 857 3112 penitnal
871 3041 951 3096 misit.
976 3041 1039 3096 Non
1050 3038 1123 3093 enim
1135 3037 1262 3106 ipsemet,
1281 3040 1360 3108 quod
1373 3040 1497 3110 potuita
1537 3054 1539 3085 :

150 3131 287 3187 dominnm
305 3145 430 3186 socerum
449 3145 537 3185 meum
556 3129 687 3184 accedere
704 3129 834 3200 dignatas
850 3134 904 3184 est.
941 3129 1041 3183 Verum
1059 3124 1132 3197 qnod
1157 3125 1193 3181 cd
1210 3133 1239 3180 te
1256 3127 1378 3196 attinet,
1395 3136 1423 3183 ta
1436 3128 1496 3183 inae

150 3226 257 3273 centem
275 3218 416 3287 praedicat
434 3217 539 3285 tibique
562 3232 616 3271 non
635 3222 792 3287 succenset,
817 3215 886 3270 adeo
909 3221 941 3269 ut
963 3232 1014 3270 nec
1031 3214 1139 3285 prolixa
1162 3218 1346 3274 excusatione
1362 3218 1400 3274 ad
1417 3218 1496 3289 lpaua

152 3321 202 3361 nec
219 3320 279 3359 meu
295 3305 495 3360 intercessione
507 3318 578 3372 opus
596 3302 688 3360 luerit.
713 3301 865 3372 Exemplar
876 3300 1087 3357 Hohenselderis
1098 3303 1263 3371 inscriptum
1276 3320 1331 3372 ego
1341 3304 1379 3360 D.
1390 3304 1495 3373 nqis·

150 3394 321 3463 praeceptori
345 3393 480 3462 ipsorum,
507 3398 601 3446 nestro
626 3389 775 3458 professori
799 3388 927 3459 physico,
951 3387 1027 3455 dedi,
1051 3389 1104 3458 ipsi
1123 3390 1182 3459 jam
1205 3408 1282 3446 nunc
1306 3392 1495 3459 licrraabrm

151 3479 219 3544 iuris
238 3479 328 3536 studio
348 3496 458 3549 opernm
478 3479 552 3533 dent.
589 3479 653 3534 lion
671 3477 767 3533 dubito
786 3477 853 3545 quin
870 3475 1025 3544 gratissimo
1040 3476 1131 3531 enimc
1149 3477 1205 3532 sint
1222 3477 1251 3533 id
1271 3480 1422 3549 accepturi
1437 3479 1495 3535 la

150 3584 199 3623 cns
224 3575 315 3624 temen
339 3565 561 3624 Hohentelderus
584 3581 646 3620 urm
671 3563 734 3618 aliis
761 3564 869 3619 dnobus
891 3562 1047 3633 junioribus
1071 3564 1204 3619 iratribus
1232 3565 1382 3623 arabim
1407 3565 1495 3623 Νη

150 3662 282 3725 vacatur,
300 3656 428 3713 habitent
446 3663 537 3709 autem
556 3669 618 3708 enm
635 3653 669 3706 D.
689 3651 814 3721 ldiillero,
830 3651 953 3706 locorum
971 3651 1194 3707 incommoditate
1213 3653 1250 3708 ab
1262 3669 1299 3709 eo
1312 3655 1372 3723 jam
1383 3651 1483 3711 aa&

254 3744 359 3800 Thema
377 3744 467 3800 affinis
486 3743 539 3796 mei
556 3741 622 3795 Jolr.
640 3741 720 3794 Conr.
741 3737 914 3794 Bmmmrdi
933 3737 1053 3793 nondum
1070 3740 1179 3795 omnino
1191 3739 1435 3812 perlegiteqrcra
1446 3752 1494 3809 pre

151 3833 263 3901 hibitus,
281 3847 332 3887 uec
351 3832 440 3887 adhuc
458 3845 553 3885 socero
574 3843 635 3882 meo
654 3824 773 3882 exhibui.
811 3824 840 3880 ls
858 3826 905 3880 ubi
924 3841 997 3881 nunc
1015 3834 1140 3882 versetur
1156 3826 1264 3884 nesclo.
1301 3827 1440 3898 liuperiari
1452 3828 1492 3881 ae

150 3927 231 3991 gusto
250 3934 343 3974 menso
356 3916 559 3984 wirceburgum
580 3914 717 3985 proficisci
734 3912 852 3981 volebat,
870 3911 920 3967 sed
933 3927 951 3967 a
962 3928 1006 3967 me
1024 3920 1147 3969 retentus
1159 3914 1262 3970 mansit
1279 3915 1357 3986 apud
1372 3918 1493 3973 nm

149 4025 277 4076 mensem,
295 4007 367 4061 intre
385 4005 457 4075 quod
476 4013 589 4073 tempus-
602 4002 717 4059 desertis
736 4001 833 4057 erudita
851 3999 971 4069 (ineptus
988 4000 1062 4055 enim
1078 3999 1114 4054 ad
1131 3999 1180 4055 illa
1196 4014 1260 4057 cese
1278 4001 1389 4059 vim
1402 4004 1493 4073 pm

148 4096 249 4167 ingenii
267 4096 425 4152 tarditatem
443 4101 471 4147 et
489 4099 607 4147 aetatem
622 4091 681 4158 J'em
698 4088 907 4158 provectiorem)
927 4087 1148 4144 adscribendum
1160 4103 1192 4142 ae
1203 4089 1351 4159 applicuit.
1376 4090 1492 4147 rauna

149 4192 178 4239 et
194 4184 287 4241 iratric
306 4182 419 4238 consilio
446 4181 509 4235 hinc
532 4179 673 4250 protectas
694 4183 752 4246 cst,
776 4175 843 4232 aiibi
868 4174 902 4231 de
926 4175 1082 4232 conditione
1104 4186 1314 4246 prospectam
1350 4168 1492 4234 Vm&

149 4289 222 4329 nnnc
240 4275 354 4339 regetur
371 4270 447 4325 Dens
469 4269 552 4322 norit.

254 4357 389 4414 Libellum
408 4357 440 4410 G,
459 4357 486 4409 J.
505 4354 627 4422 Rhetici,
650 4354 730 4422 cojuc
753 4354 917 4409 mentionem
944 4351 1025 4422 lacis,
1052 4350 1144 4406 ridere
1170 4367 1307 4422 perquam
1330 4345 1492 4425 eupern,a'

148 4446 280 4520 possibile
297 4453 382 4501 esset.
419 4443 529 4500 Utinam
548 4443 753 4512 caninorum,
775 4457 861 4512 penes
883 4456 954 4511 qnos
971 4439 1106 4509 inspectio
1128 4438 1317 4496 bibliothecae
1338 4439 1493 4501 ΜΝ,

150 4537 220 4594 iiber
238 4532 286 4589 illc
304 4540 352 4588 aut
370 4533 405 4587 nd
424 4546 469 4587 me
487 4526 522 4584 ad
540 4529 636 4586 fideles
653 4545 752 4585 manus
770 4528 925 4584 mitteretur
946 4523 1134 4595 inspicienduc
1150 4527 1287 4599 brevique
1300 4528 1420 4587 fideli:
1431 4521 1493 4583 ιύ

149 4620 283 4687 tuendus,
310 4627 358 4675 unt
382 4619 450 4674 meis
473 4618 610 4673 aurntibue
635 4615 754 4673 describi
776 4616 987 4687 permitteretur.
1024 4611 1121 4668 Utrum
1138 4614 1201 4670 tieri
1216 4624 1329 4685 posset,
1351 4612 1416 4672 ιΝ
1429 4612 1493 4683 hart

151 4710 335 4781 pratisdmnm
348 4717 430 4764 esset.
461 4706 502 4762 Te
520 4723 568 4761 oro
580 4712 664 4775 etque
677 4706 801 4772 obsecro,
820 4702 954 4772 siqnidem
971 4710 1047 4757 tuem
1059 4707 1119 4757 tute
1130 4717 1246 4769 operam
1259 4698 1352 4771 adera,
1368 4709 1399 4761 at
1414 4700 1494 4785 ier·⁸

150 4798 313 4855 alterutrum
333 4812 480 4866 procurare
498 4794 581 4860 veiis,
607 4808 658 4863 pro
677 4807 732 4861 quc
751 4789 843 4847 cidciu
859 4804 913 4859 ego
931 4803 975 4844 me
992 4788 1118 4845 similiter
1134 4788 1171 4843 ad
1189 4791 1308 4858 quaer·-
1324 4790 1416 4848 010,
1444 4786 1494 4855 Bp

148 4884 205 4959 ja·
222 4898 273 4959 pro
291 4883 403 4957 nutes
420 4882 539 4943 laelium
556 4880 755 4967 tdangnlornm
772 4878 923 4936 wanden
941 4877 1094 4936 toamna-
1110 4876 1202 4948 Μο,
1216 4878 1303 4938 hius
1320 4874 1496 4939 mahh-
