3308 5534
748 400 895 463 salemum

545 580 715 644 Grmssntis
737 583 901 661 excepisset
922 582 1022 659 ictum,

547 670 778 750 impavidusque
800 673 928 731 mimam
950 670 1088 732 dedisset.

511 756 610 820 Macte
632 758 689 819 bac
710 756 836 837 adeptae
856 757 954 819 laudis
977 756 1095 822 adorea.

512 844 607 925 Perge
629 852 659 906 et
680 852 829 926 parentem
851 844 931 907 iiiios
953 844 1033 906 baud
1055 847 1120 907 sine

601 931 774 994 obliviosae
796 939 902 1009 umgas
923 931 1032 994 Lethes

598 1020 746 1099 Perpetua
766 1022 900 1100 rapuisse
921 1027 1017 1082 nocta.

253 1369 330 1417 Anno
343 1368 412 1418 last
426 1367 558 1429 uuuugss
569 1366 679 1432 produt.-
696 1362 790 1420 Oratio
808 1363 842 1420 de
853 1362 910 1420 rita
922 1370 950 1420 et
960 1369 1048 1421 morta
1060 1363 1203 1421 clarissimi
1221 1365 1271 1421 siri
1284 1366 1322 1422 bi.
1335 1366 1504 1424 Samuelis

144 1438 327 1510 Heilandi,
344 1441 513 1511 Basilianis,
530 1441 645 1497 Ethieas
662 1442 690 1497 iu
707 1442 855 1498 Academia
873 1440 1040 1511 Tubingensi
1051 1443 1219 1499 Professorie
1237 1449 1265 1499 et
1276 1443 1386 1501 Ducalis
1404 1445 1504 1503 ibidem
1626 1506 1631 1525 ι

145 1518 283 1588 stipendii
301 1520 429 1592 Magistri
446 1522 550 1577 Domus
568 1520 603 1577 ad
621 1536 706 1578 annos
725 1520 760 1579 86
777 1519 984 1591 vigilantissimi,
1001 1519 1095 1577 babita
1112 1535 1130 1576 a
1147 1522 1186 1579 ni.
1206 1522 1364 1580 Erhardo
1384 1524 1502 1597 Gellio,

146 1598 225 1653 Post
244 1606 274 1653 et
289 1598 387 1655 histor.
403 1599 504 1656 ibidem
521 1598 689 1658 Professora.

251 1676 325 1731 Huic
342 1677 456 1734 orationi
474 1679 637 1748 subiunctus
655 1684 698 1736 eet

703 1862 950 1979 dialogismus

435 1987 479 2050 de
500 1988 634 2050 iuuere
657 1988 820 2069 eiusde·
841 1988 885 2051 ii.
907 1986 939 2051 8.
962 1986 1149 2051 Heilaudi
1173 1998 1228 2052 etc.

330 2144 413 2220 Quae
435 2146 567 2225 pompa?
588 2144 748 2225 Exequiac.
793 2145 881 2223 Quod
901 2146 992 2207 babet
1013 2144 1143 2209 Libitina
1165 2149 1316 2215 cadauer?

414 2231 564 2294 Hellaudi.
602 2232 756 2311 Quaenam
778 2234 900 2313 protulit
922 2248 975 2294 ora
997 2234 1116 2294 virum?

330 2316 407 2379 Urbs
429 2320 559 2381 Basiiea.
604 2322 704 2383 Animi
726 2329 895 2399 quaesunt
917 2321 1075 2400 exemplat
1096 2322 1224 2400 Boosus,

415 2406 559 2484 Derides,
581 2408 716 2485 Samue13
739 2408 877 2486 Ingenii?
899 2408 1030 2470 Salomo.

332 2492 416 2570 Quae
438 2495 578 2557 somnne?
599 2496 699 2559 Minor
720 2498 840 2569 mentis,
863 2503 911 2557 sat
931 2494 1088 2574 splendida
1108 2496 1217 2559 lamae.

419 2580 498 2656 Quid
520 2585 614 2645 tcumt
632 2583 778 2661 juvenis?
800 2582 860 2643 iiii.
882 2581 1058 2663 capularis?
1082 2580 1163 2664 Opes

332 2667 515 2745 Magnificus.
561 2668 645 2747 Quae
667 2674 732 2733 vita
750 2670 838 2733 seni?
859 2666 1011 2745 Morboaa,
1033 2668 1088 2731 aad
1108 2672 1219 2733 insum.

417 2755 501 2832 Quae
524 2758 640 2836 puero?
678 2759 808 2820 Extorris
831 2758 937 2819 mantis
959 2774 1059 2819 amore
1080 2761 1167 2821 sacri.

332 2842 472 2920 Quanta?
493 2844 572 2907 Duci
594 2847 702 2921 brevis,
725 2854 815 2924 atque
837 2845 956 2907 scholae
978 2844 1137 2922 domnique
1159 2847 1318 2926 bonisque:

419 2931 524 3010 Aequa
546 2932 602 2995 Dei
625 2932 735 3012 piacita
759 2939 789 2995 et
809 2933 932 3012 syderis,
954 2949 1052 3010 aequa
1072 2934 1134 2994 suis

334 3015 467 3097 Optatiss
488 3021 591 3081 morbo
612 3019 703 3099 longa
725 3022 895 3099 ingentique
918 3018 1012 3081 dolori

419 3107 518 3184 Atque
540 3109 631 3167 animi
653 3116 766 3170 moesto
789 3108 902 3169 coelitis
925 3106 1023 3168 exilio.

333 3189 373 3253 Ut
394 3194 500 3272 periit?
522 3194 654 3258 Placide.
692 3194 759 3272 Qua
780 3197 882 3256 mortis
903 3194 1057 3271 imagine?
1079 3193 1185 3255 Morbo

420 3280 549 3356 Diiiicili,
572 3290 602 3343 et
625 3284 696 3343 victi
717 3282 870 3344 debilitate
891 3280 965 3343 seni.

332 3366 416 3429 Mens
440 3370 492 3428 ubi
514 3369 646 3430 destituit
668 3387 784 3431 cassum
806 3372 962 3451 spiramine
984 3368 1114 3447 corpus?

418 3456 506 3530 iuter,
530 3459 581 3534 qui
603 3456 724 3535 longum
745 3475 810 3519 sese
833 3456 941 3531 aluere,
963 3455 1064 3519 libros.

331 3541 465 3618 Quonam
487 3543 571 3604 abit'?
593 3544 627 3603 iu
649 3547 774 3623 patriam
796 3553 974 3623 sperataque
995 3543 1098 3605 limina
1121 3543 1204 3607 cosli.

417 3629 475 3706 Qui
497 3631 617 3692 comesi
640 3632 791 3709 Angeiioi,
814 3633 915 3711 bajula
936 3631 1033 3703 turba,
1056 3630 1146 3691 chori.

330 3715 406 3792 Quid
430 3719 555 3796 corpus?
576 3718 754 3797 Requiescet
776 3719 875 3783 humo.
915 3718 1041 3796 Quando
1065 3736 1134 3796 ergo
1158 3723 1314 3796 resurget?

417 3805 491 3865 Cum
513 3823 603 3883 rogus
625 3806 704 3867 orbis
728 3807 790 3868 erit.
828 3806 948 3885 Quale?
969 3805 1111 3881 Perenne,
1134 3824 1259 3868 sacrum.

331 3981 436 4042 zona
458 3982 566 4060 plinus
589 3978 685 4056 aulici,
707 3981 836 4045 nivosos
857 3978 949 4057 sosoi,
972 3974 1084 4043 ἄπνουν
1106 3976 1208 4062 ἄμφω,

419 4063 456 4129 oi
475 4067 528 4143 uie
550 4066 746 4148 ἀγωνοθέτην,
768 4069 908 4149 apiliares
929 4064 959 4131 oi
980 4065 1014 4131 di
1028 4067 1127 4147 Δίκης.

633 4224 797 4305 Perpetuae
818 4224 1005 4303 gratitudinis
1030 4242 1099 4302 ergo
1123 4245 1141 4286 a
1162 4225 1205 4290 Μ.
1227 4225 1298 4288 Job.
1322 4229 1459 4309 Kaplero,

819 4310 922 4373 Theoi.
945 4312 1094 4389 studioso,
1121 4312 1283 4395 Discipulo.

671 4610 982 4625 m
