3308 5534
152 404 217 475 710
660 404 724 461 Vita
741 400 858 461 domnis
876 400 1000 473 Keplori.

258 579 553 647 Zebentmajerns
575 577 658 635 etiam
675 579 728 636 boc
746 592 817 635 anno
835 577 940 648 pluries
957 592 1021 634 cum
1037 576 1157 648 Keplero
1174 593 1227 648 par
1240 576 1338 635 litum
1353 576 1489 635 cadom

152 671 202 723 est
233 666 285 722 Die
304 665 329 721 2.
340 665 442 736 Aprilis
460 653 575 721 remittit
592 669 748 725 carbonem
759 664 880 738 Kepleri,
899 665 965 736 quia
982 663 1074 734 aliqua
1091 666 1195 737 desint3
1215 665 1343 733 ,mallem
1359 674 1392 724 nt
1406 674 1490 723 m

152 760 245 811 essent
255 753 371 823 integra,
383 768 507 808 emerem
520 755 592 808 anim
604 754 790 825 describenda,
801 753 889 810 multa
900 760 966 810 suut
977 754 1006 813 in
1018 770 1052 809 ea
1063 754 1283 826 notatndigna⁸.
1295 754 1490 827 Dieffldfla

152 847 267 897 excusat
285 855 323 907 ee,
343 841 418 909 qnod
434 855 453 895 a
470 841 589 912 Keploro
608 842 644 897 ad
663 857 776 897 coenam
792 840 923 898 inritatus
940 858 996 897 nou
1014 843 1205 913 comparuerit,
1223 859 1309 913 equa
1326 844 1491 905 aas&

152 927 224 981 sicut
243 925 324 980 etiam
343 943 358 981 e
376 925 464 982 literis
485 926 512 984 d.
532 928 576 983 26.
594 927 660 996 Apr.
678 928 793 997 etMejo
812 929 1042 997 subsequentibus
1060 928 1281 986 concludendum
1297 937 1351 999 aar,
1368 936 1490 1001 qaam

150 1011 252 1069 fuerint
273 1013 322 1069 illo
343 1020 467 1083 tempore
493 1013 580 1069 Gratii
603 1031 648 1071 res
669 1016 898 1073 Lutberanorum.
941 1017 1025 1083 ,Cam
1047 1018 1115 1073 bora
1135 1019 1218 1075 tertia
1239 1019 1379 1087 Kruginrn
1399 1018 1490 1085 adin,

150 1099 196 1155 ille
214 1116 230 1155 e
247 1099 362 1170 vesdgio
380 1100 465 1156 aedes
482 1101 612 1172 occludit,
629 1102 714 1172 pallio
733 1110 761 1158 et
778 1100 870 1173 gladio
889 1119 931 1158 me
948 1111 1044 1169 armat,
1062 1121 1112 1161 nee
1128 1105 1206 1175 prius
1222 1105 1279 1161 nisi
1295 1106 1437 1175 domnae
1447 1104 1491 1172 jn

154 1187 316 1258 crepusculo
335 1185 445 1243 dimisit.
481 1191 572 1258 Atque
591 1190 644 1247 bac
661 1192 767 1247 ratione
785 1208 803 1247 a
819 1198 868 1247 tua
886 1198 914 1246 et
931 1191 1046 1247 aliorum
1063 1193 1273 1250 murmurium
1292 1192 1423 1249 exclusus
1436 1206 1490 1247 ιι.

151 1274 203 1329 Die
221 1274 268 1332 26.
280 1266 347 1345 A'pr.
368 1276 465 1344 refert,
483 1278 607 1347 proxime
625 1294 656 1335 se
673 1296 734 1336 cum
753 1285 920 1349 ,generoeo“
939 1281 975 1337 ad
991 1290 1153 1337 conventum
1173 1280 1311 1337 indictum
1327 1279 1448 1335 Gradu
1458 1293 1490 1335 re

150 1378 322 1431 messmam,
342 1364 419 1419 illum
436 1382 500 1421 sero
518 1365 657 1436 dubitare,
676 1382 737 1421 cum
754 1367 872 1436 nesciat,
891 1368 956 1436 quid
974 1369 1123 1437 praeterita
1139 1369 1296 1439 septimana
1311 1376 1405 1425 aeta·
1420 1366 1489 1423 tras

153 1482 182 1493 -
209 1452 385 1509 Nativitatem
411 1453 635 1524 Zebentmajerus
664 1453 769 1526 expetit
794 1454 844 1510 lilii
874 1456 1075 1527 Herberstenii,
1109 1454 1249 1511 dominum
1281 1470 1364 1511 snum
1390 1468 1442 1509 asa
1459 1452 1488 1507 ἰ

150 1544 258 1607 gratum
276 1539 408 1597 futurum.
438 1540 491 1596 Dia
507 1541 550 1598 2⁴.
570 1542 638 1611 Mani
656 1542 777 1599 nondum
793 1550 906 1599 uenerat
927 1543 1152 1612 ZebentmaJ’erus
1176 1542 1313 1610 (iratinm,
1333 1541 1414 1612 ,quia
1427 1555 1488 1611 gna

150 1642 231 1683 rosus
249 1642 326 1683 meus
344 1627 522 1697 praepeditus
541 1630 613 1687 curis
633 1628 789 1687 domesticis
806 1637 835 1686 et
851 1631 941 1686 musis
957 1631 1018 1687 aliis
1035 1631 1132 1687 munit
1149 1630 1224 1686 domi
1234 1629 1410 1698 delitescere,
1424 1642 1487 1697 qa·

151 1715 180 1770 in
198 1715 278 1771 auiis
295 1715 436 1785 religionis
456 1715 711 1782 deliberationibus,
735 1733 806 1787 quae
824 1718 947 1789 periculo
966 1719 1011 1774 rix
1029 1725 1137 1788 carent,
1155 1718 1256 1775 ceteris
1275 1718 1358 1776 etiam
1375 1714 1488 1773 nabun

152 1799 264 1857 addere.
298 1801 480 1870 Prsepeditus
499 1819 559 1859 sum
577 1805 659 1861 variis
678 1805 920 1876 occupationibus,
944 1814 976 1861 ut
993 1805 1080 1862 literis
1098 1807 1154 1862 tuis
1171 1805 1326 1863 rescribere
1342 1820 1398 1861 non
1412 1810 1488 1873 potet·

152 1887 245 1945 simet
261 1888 344 1943 animi
357 1904 439 1945 sensa
452 1905 589 1960 exponere
602 1892 635 1948 de
648 1891 808 1949 doctissima
819 1901 868 1948 tua
879 1893 1072 1950 dissertatione
1090 1893 1131 1948 de
1148 1901 1324 1961 magnete,
1341 1899 1377 1949 et
1393 1890 1488 1946 altera

151 1975 192 2033 de
210 1977 395 2047 sapientia
414 1979 532 2033 divina
550 1980 585 2034 in
609 1979 792 2036 erectione
809 1979 946 2050 mnndi,
970 1986 999 2035 et
1021 1981 1141 2037 causis
1159 1980 1391 2050 obliquitatis
1406 1979 1435 2035 ia
1449 1990 1487 2033 ss·

151 2062 265 2121 diaco.
291 2065 368 2133 Quae
379 2067 505 2134 sequitur
516 2066 634 2137 epistole
645 2066 710 2123 duta
726 2075 769 2124 est
786 2068 830 2125 die
844 2068 885 2124 12.
897 2067 982 2133 Junii,
1001 2083 1035 2123 ex
1049 2085 1105 2137 qua
1123 2083 1156 2125 ea
1167 2067 1367 2136 excerpsimus,
1383 2062 1488 2134 eqeb

148 2152 215 2223 quid
232 2151 349 2209 voluerit
360 2154 497 2225 Koplerus
515 2155 559 2210 bis
580 2154 850 2220 πιὶίιιιιιιιιιίοιιίιιιιια
864 2153 1063 2224 quadamtenus
1078 2154 1233 2227 apparebit.
1257 2153 1336 2209 Haec
1347 2151 1426 2220 igitau
1437 2154 1488 2205 ut

148 2240 231 2298 rerba
249 2241 462 2310 Zebentmajeri:
482 2242 598 2309 ,Ordior
615 2242 649 2297 ab
668 2242 714 2297 illa
731 2242 880 2312 sententia,
903 2257 985 2312 quam
1003 2244 1163 2313 colophonis
1181 2243 1243 2300 loco
1261 2242 1402 2311 adjecisti,
1416 2240 1486 2297 lieu
1523 2242 1525 2259 '

147 2330 272 2387 nimirum
283 2331 313 2386 in
326 2331 437 2387 conditu
449 2331 543 2387 mundi
556 2349 617 2387 eum
629 2333 739 2390 modurn
751 2334 895 2402 invenisse,
912 2334 959 2403 qui
971 2332 1071 2388 rationi
1083 2333 1219 2387 hammes
1230 2329 1345 2385 omnino
1355 2324 1485 2385 messia

150 2418 224 2473 Dum
240 2418 312 2473 enim
325 2419 430 2488 priores
443 2427 500 2475 tres
512 2421 617 2487 modos,
634 2436 705 2489 quos
723 2421 818 2477 ordine
835 2434 971 2487 recenses,
988 2425 1101 2489 propter
1116 2417 1192 2474 varia
1203 2414 1385 2481 incommoda,
1401 2418 1487 2469 atat

149 2507 225 2563 nimii
243 2515 338 2563 cestim
357 2515 386 2563 et
402 2508 513 2580 frigora,
532 2517 666 2579 perpetue
682 2511 747 2566 item
765 2509 918 2580 aequalitas
936 2508 1041 2564 dieram
1059 2517 1088 2562 et
1105 2506 1237 2573 noctinm,
1256 2501 1304 2559 Sol
1316 2500 1437 2557 dimid·
1448 2514 1485 2569 er

148 2609 247 2665 parens
266 2595 340 2651 eirca
357 2594 445 2665 polos,
464 2596 540 2650 Deus
558 2596 723 2665 repudiarit,
743 2603 869 2666 quartum
888 2596 986 2650 rationi
1006 2602 1034 2649 et
1053 2594 1195 2648 uniuersae
1213 2596 1332 2645 naturae
1349 2586 1485 2645 οοιιιιιίο·
1522 2594 1525 2657 5

149 2682 285 2739 desimam
304 2682 448 2752 amplexus
467 2688 517 2753 est,
535 2699 590 2751 quo
608 2683 656 2739 Sol
673 2700 728 2738 uon
747 2698 797 2753 per
814 2690 902 2740 totum
920 2682 963 2737 vel
983 2680 1123 2738 dimidium
1141 2678 1335 2749 quadrantem,
1351 2688 1400 2733 ast
1412 2677 1483 2731 inae

147 2768 210 2827 bilis
230 2770 339 2825 omnino
352 2770 420 2826 nibil
432 2768 466 2823 ab
480 2776 629 2837 aequatura
642 2768 770 2840 deflectit,
788 2787 903 2840 qnorum
916 2786 1000 2825 unum
1011 2767 1163 2825 secundum
1175 2774 1234 2821 tres
1245 2765 1354 2835 priores
1365 2760 1484 2835 oportet&

146 2857 214 2928 lieri,
233 2856 283 2933 sad
301 2858 337 2914 ud
354 2866 480 2926 quartam
498 2857 658 2925 quadrantis
676 2866 780 2928 partem
800 2859 862 2927 (22⁰
879 2860 938 2925 30‘)
956 2856 1077 2912 inclinat.
1108 2855 1161 2911 llic
1177 2853 1278 2909 modus
1295 2852 1483 2919 industria·

146 2960 287 3015 excessus,
306 2945 388 3001 medii
400 2952 428 3001 et
440 2945 575 3010 deiectus,
595 2945 737 3001 constituit
748 2946 819 3001 inter
831 2945 964 3001 torridum
983 2954 1010 2998 et
1023 2942 1150 3012 frigidum
1163 2948 1289 2997 extrema
1305 2939 1420 2995 mediam
1434 2947 1483 2991 ιιι

148 3040 284 3104 peratum,
303 3033 428 3103 perbelle
446 3033 573 3089 convenit
591 3048 653 3088 cum
670 3033 743 3101 polis
760 3032 854 3089 mundi
872 3040 900 3089 et
916 3031 1057 3100 magnetis,
1077 3029 1124 3097 qui
1141 3028 1257 3084 inuicem
1269 3027 1374 3084 28⁰2&
1391 3027 1483 3087 usam

146 3122 186 3176 ita
203 3120 321 3193 quidem,
341 3128 373 3176 ut
385 3129 517 3193 punctum
536 3121 605 3175 illud
619 3120 731 3189 Τιιιιιο,
750 3110 767 3175 a
784 3137 838 3190 qno
853 3120 960 3177 initium
972 3123 1129 3175 sumserunt
1147 3116 1267 3185 reliqna,
1284 3117 1407 3186 praecise
1420 3109 1483 3181 rapi

148 3208 203 3262 ciet
219 3206 326 3265 zodiaci
347 3209 441 3279 polum
466 3216 495 3265 et
513 3208 720 3264 declinationem
739 3206 811 3265 Solis
828 3208 857 3263 in
875 3205 1039 3277 quadrante,
1063 3212 1094 3259 ut
1117 3203 1351 3272 quemadmodum
1374 3204 1417 3259 bie
1430 3198 1484 3257 um

148 3294 198 3353 22⁰
216 3295 259 3352 ³0⁴
278 3297 314 3352 ab
333 3305 482 3366 aequatura
500 3313 639 3367 nunqnam
653 3296 781 3352 deflectat
793 3301 821 3350 et
833 3295 1000 3365 tropicorum
1017 3293 1118 3349 limites
1135 3291 1308 3360 egrediatur,
1325 3293 1366 3347 sic
1376 3288 1484 3361 mags&

148 3383 247 3455 polus,
274 3394 370 3456 utputo
387 3403 451 3456 pars
470 3386 571 3441 Terrae
589 3384 715 3456 perfecta
732 3390 761 3438 et
777 3382 940 3459 principium
956 3380 1044 3449 globi,
1062 3379 1097 3435 ab
1114 3394 1168 3435 axe
1186 3394 1238 3435 seu
1255 3380 1323 3450 polo
1340 3390 1424 3436 motas
1437 3390 1486 3447 etr

148 3472 246 3529 tidiani
265 3474 378 3530 eandem
398 3475 553 3530 mamutium
572 3472 704 3528 obtineat.
733 3472 771 3527 Et
789 3477 820 3525 ut
837 3472 907 3528 baec
918 3468 1075 3525 conditricis
1093 3468 1247 3538 sapientiae
1265 3468 1381 3537 ueao'gia
1391 3465 1486 3521 banne
1523 3502 1525 3541 ,

148 3562 240 3630 captui
252 3560 331 3617 valde
342 3571 407 3617 sunt
416 3561 599 3629 accommoda,
608 3560 646 3615 sio
659 3559 682 3614 si
698 3557 840 3629 speciatim
851 3557 884 3612 de
898 3564 1012 3612 naturae
1025 3554 1117 3624 aliqua
1129 3562 1208 3625 parte
1221 3554 1374 3626 suscipitur
1385 3550 1486 3621 usq-'s
1523 3562 1525 3567 '

148 3647 197 3717 tio,
214 3650 328 3707 rationis
342 3650 473 3705 beneficio
486 3666 579 3705 aarum
592 3647 671 3703 facile
689 3647 748 3701 erui
760 3644 931 3713 etjndicium
948 3643 1036 3698 minus
1054 3641 1141 3699 fallax
1159 3642 1230 3697 sumi
1249 3652 1354 3710 potest.
1376 3636 1485 3711 cajasrc’

148 3753 211 3792 oum
223 3737 328 3793 infinita
341 3738 395 3792 sint
406 3735 540 3806 exempla,
552 3743 610 3792 tum
622 3749 753 3806 praesens
767 3733 802 3789 de
813 3740 940 3801 magneta
951 3732 1001 3787 abs
1013 3739 1041 3786 te
1053 3728 1226 3800 propositum
1239 3730 1390 3787 boeotiam
1400 3726 1485 3785 coar}

148 3825 196 3895 cit,
214 3827 248 3882 de
261 3827 339 3895 cujus
357 3825 478 3896 materia,
497 3825 523 3879 vi
541 3832 569 3878 et
588 3824 642 3879 situ
661 3838 722 3878 cam
735 3836 829 3876 omnes
846 3818 1073 3889 pbilosophorum
1090 3816 1153 3873 libri
1171 3818 1310 3873 haetenus
1332 3818 1485 3875 tarnum

148 3929 227 3969 nemo
239 3930 358 3984 unquam
370 3914 423 3968 boo
435 3911 592 3982 mysterium
610 3909 645 3965 ad
657 3908 831 3980 physicorum
844 3906 1038 3976 principiorum
1050 3906 1180 3962 trutinam
1198 3906 1360 3975 appendere
1369 3907 1403 3963 sit
1413 3914 1484 3965 Μ

148 4007 239 4055 temen
253 4015 285 4056 eo
298 4001 413 4070 porrigit
424 4000 533 4055 undem
547 3998 683 4052 humanae
694 3995 794 4051 mentis
811 3995 885 4051 acies
902 4004 931 4051 et
947 3994 1070 4063 diligenti
1082 3993 1178 4049 babita
1189 3993 1372 4063 inquisitione
1386 3993 1484 4049 usa·

149 4094 193 4144 est
203 4089 291 4144 omnis
302 4088 464 4145 obscuritas.
483 4088 528 4144 ldr
540 4087 583 4142 bis
595 4085 707 4141 tirmiter
718 4084 817 4154 arguit,
828 4082 936 4139 divinae
953 4082 1067 4138 rationis
1079 4081 1181 4137 riuales
1198 4080 1229 4135 in
1240 4080 1324 4137 nobis
1334 4096 1353 4136 a
1363 4078 1484 4147 innah

149 4174 259 4232 minime
271 4174 410 4245 dissidere,
429 4175 468 4230 uti
481 4174 587 4245 prolixe
600 4174 628 4229 in
641 4172 736 4239 literis,
753 4170 896 4228 occasione
908 4177 999 4225 motae
1017 4170 1186 4239 quaestionis
1198 4169 1234 4225 de
1245 4180 1384 4241 magneta,
1399 4168 1482 4225 du

150 4265 244 4321 euasti
247 4302 344 4322 .....
379 4265 460 4334 Quod
482 4266 563 4336 polus
589 4261 725 4333 magnetis
748 4278 766 4317 a
783 4259 848 4330 polo
873 4257 966 4315 mnndi
987 4258 1036 4313 23⁰
1057 4257 1100 4315 28⁴
1119 4257 1203 4313 distet
1232 4273 1270 4314 es
1292 4260 1425 4329 pri-sera
1440 4252 1481 4309 at·

150 4352 260 4421 Terrae,
279 4369 334 4408 non
352 4351 458 4410 levibus
475 4355 610 4409 rationum
622 4348 767 4406 momentis
785 4347 851 4403 mibi
868 4347 944 4402 risus
961 4361 992 4402 es
1010 4345 1172 4416 approbare,
1190 4362 1351 4416 quanquam
1366 4362 1399 4401 er
1412 4346 1481 4414 ps*

152 4438 271 4495 rioribus
289 4440 375 4496 literis
393 4440 525 4510 intellexi,
543 4446 572 4496 te
590 4440 660 4496 banc
671 4436 835 4494 seutentiam
848 4443 979 4504 mutasse,
998 4450 1031 4489 eo
1050 4433 1123 4503 quod
1141 4434 1171 4488 iu
1182 4442 1313 4502 magnete
1322 4448 1411 4505 aquas
1423 4432 1479 4485 ina
1520 4434 1525 4491 l

151 4530 229 4580 tante
246 4525 292 4580 uix
311 4529 342 4581 7⁰
360 4527 568 4583 declinationem
580 4527 777 4583 observaveris.
802 4524 856 4582 Sed
874 4525 939 4598 quin
956 4523 1060 4579 nullam
1078 4521 1169 4578 adbuc
1187 4522 1289 4579 dedisti
1306 4523 1387 4591 buius
1401 4520 1479 4577 d'ffl·
1519 4500 1525 4569 i

150 4613 206 4669 tiso
224 4630 343 4679 eausam,
361 4614 425 4670 iude
443 4616 576 4686 auspicor,
595 4623 623 4673 te
636 4631 733 4673 novam
744 4614 817 4671 bano
829 4613 985 4685 opinionem
997 4610 1118 4666 nondum
1132 4611 1244 4667 omniuo
1255 4610 1391 4681 amplecti
1413 4605 1476 4661 lam
1518 4596 1525 4667 Ι

152 4701 313 4758 stulterum
332 4702 365 4757 do
383 4703 640 4760 vitraotoriamibi
662 4704 824 4776 persuaderi
845 4719 945 4777 passus
968 4718 1043 4769 sum;
1070 4696 1135 4770 qaia
1157 4712 1259 4768 nempe
1284 4696 1413 4769 quaeliffl
1427 4698 1474 4759 Π
1518 4690 1525 4741 ¹

153 4790 254 4846 Terrae
277 4791 398 4861 perfecte
420 4798 527 4862 repetat
550 4790 712 4863 principium
730 4799 759 4850 et
775 4792 859 4849 sitnm
876 4792 962 4849 totius
981 4791 1098 4857 Terrae,
1123 4784 1197 4842 haud
1214 4801 1298 4845 κου
1315 4794 1346 4843 tt
1360 4770 1471 4853 W'fl‘
1515 4784 1525 4847 ¹.

153 4882 277 4939 manum
293 4877 427 4941 iuuatur.
459 4878 527 4937 cnm
538 4893 650 4953 magnos
667 4880 831 4954 principium
848 4894 956 4939 massae
971 4884 1099 4937 terrem
1110 4876 1300 4935 meatitmtar
1312 4872 1469 4933 ew
1514 4866 1525 4933 l
