3308 5534
42 362 45 369 Ι
149 405 214 477 878
661 411 724 466 Vita
738 408 854 468 letanie
871 408 994 481 Keplcri.

150 590 207 665 ipsi
239 590 425 649 consentiunt
455 589 585 665 mihique
615 591 794 666 suscipiendi
827 594 938 652 itineris
974 596 1109 650 auctores
1137 597 1168 652 et
1198 600 1338 650 suasores
1365 587 1477 649 mant

149 675 249 737 Unum
272 685 325 747 est,
350 679 379 733 in
403 695 461 753 quo
484 696 641 754 parumper
663 679 784 738 haerent
806 687 836 738 ct
856 682 887 736 iu
910 696 969 754 quo
992 678 1066 736 nibil
1080 678 1201 753 quidem
1215 678 1274 754 ipsi
1289 682 1425 745 statuunt,
1441 674 1478 734 at

150 782 235 825 suam
259 774 372 822 tantum
402 768 577 824 sententiam
602 766 761 835 dictantes,
793 783 854 825 rem
882 769 976 842 ipsam
1000 765 1217 825 Facultatis
1250 763 1478 837 theologicae

151 854 272 911 arbitrio
296 853 484 926 subjecerunt
507 854 645 929 illiusque
669 852 792 912 consilio
820 863 897 913 stare
927 853 1038 912 volunt
1086 852 1192 911 Malim
1219 869 1345 928 nempe,
1372 862 1480 910 menn

150 943 223 999 mois
247 939 430 1014 aequalibus,
456 943 530 998 inter
553 958 628 1014 quos
651 940 792 1000 hactenus
815 942 844 997 in
868 940 944 1000 hanc
967 958 1048 1016 spem
1072 943 1216 1001 enutritus
1238 957 1314 1011 sum,
1339 940 1370 997 in
1389 938 1480 997 tbeolo·

150 1030 229 1103 giam
252 1026 420 1086 incumbere
450 1045 628 1103 operamque
659 1027 729 1087 olim
753 1027 883 1087 adultam
906 1028 1057 1087 Ecclesiae
1088 1028 1200 1087 oticrre.
1246 1026 1313 1085 Non
1343 1023 1480 1101 loqnoelr

151 1114 249 1173 studio
273 1131 421 1172 sacrarum
444 1114 592 1174 literarum
617 1118 790 1191 praecipue,
820 1116 899 1190 quod
931 1115 1002 1174 mibi
1031 1132 1124 1191 usquc
1154 1114 1231 1174 adeo
1251 1112 1413 1190 jocundum
1431 1112 1480 1170 aa

151 1203 252 1261 divina
275 1205 379 1276 gratia,
404 1209 443 1271 ut,
468 1202 609 1278 quicquid
633 1203 751 1261 tandem
775 1202 811 1261 da
833 1221 879 1262 me
902 1202 961 1274 fiat,
985 1203 1072 1261 modo
1096 1205 1137 1260 ita
1160 1201 1232 1260 milri
1255 1208 1403 1278 protector
1420 1200 1480 1258 oen

150 1307 253 1348 sanam
277 1297 403 1348 mentem
428 1298 457 1346 et
480 1289 644 1349 libertatem
667 1297 813 1365 proroget,
837 1307 896 1348 non
913 1292 1040 1365 cogitem
1063 1288 1136 1348 illud
1152 1306 1284 1365 uuquam
1308 1290 1480 1348 intermittere.

151 1375 209 1437 Sed
233 1377 324 1434 oritur
348 1394 382 1434 cx
406 1376 564 1436 collatione
587 1376 710 1435 duorum
743 1380 821 1436 vitae
849 1394 989 1453 generum
1019 1377 1094 1436 baec
1116 1375 1285 1435 difficultas.
1332 1374 1404 1434 (lam
1422 1375 1480 1433 uh

150 1480 237 1522 nemo
265 1465 321 1522 sibi
349 1464 406 1522 soli
433 1467 594 1536 naiman,
626 1464 678 1523 sed
700 1464 843 1524 talentum
866 1464 992 1540 quilibet
1013 1467 1172 1540 acceperit,
1201 1481 1263 1538 quo
1291 1461 1361 1521 aliia
1387 1475 1480 1537 qnoqu

149 1553 256 1628 prosit:
281 1552 372 1609 tutius
395 1551 512 1625 quidem
535 1553 702 1611 loerreratur
724 1560 754 1610 et
775 1554 925 1624 sincerius,
949 1554 998 1626 qui
1023 1554 1059 1610 iis
1082 1554 1110 1608 iu
1127 1552 1215 1610 robus
1237 1557 1292 1621 est,
1317 1550 1481 1625 quiesse-e

148 1640 282 1714 jubetnr3
306 1639 446 1713 majorem
470 1647 567 1698 tamen
589 1643 713 1713 gratiam
736 1640 837 1718 habet,
860 1643 911 1714 qui
934 1638 1043 1710 decem,
1067 1656 1155 1713 quam
1178 1640 1231 1714 qui
1253 1636 1481 1713 qnatnortaleetr

151 1729 341 1800 comparavit.
388 1726 462 1784 Mihi
485 1744 555 1785 vcro
580 1737 783 1803 praeterquam
806 1727 886 1803 quod
905 1727 971 1802 June
995 1729 1158 1785 vocationis
1188 1724 1288 1784 aditus
1310 1723 1350 1784 ad
1378 1723 1481 1782 rueme

150 1830 217 1872 nem
242 1813 471 1872 ecclesiasticam
494 1822 590 1888 patet,
622 1818 740 1890 insuper
769 1817 857 1877 etiam
881 1814 1021 1873 Facultns
1043 1813 1227 1885 'l'lrcologiea
1256 1820 1328 1871 ante
1358 1811 1480 1871 biennius

154 1901 297 1959 talentum
321 1918 416 1959 nucum
441 1904 608 1960 aestimavit
630 1913 660 1961 ct
682 1902 888 1960 honestissimo
906 1902 1072 1960 testimonio
1096 1902 1125 1957 in
1145 1901 1211 1975 ejus
1223 1900 1316 1959 studii
1331 1894 1480 1976 protogeni
1523 1922 1526 1947 ε

150 1974 315 2046 subsidium
337 1987 373 2046 dc
398 1988 538 2047 Wilcusis
567 1988 705 2065 stipendii
735 1992 941 2065 prorogatione
970 1987 1107 2063 providit.
1152 1985 1267 2062 Quodsi
1295 1988 1325 2043 iu
1347 1986 1403 2046 boe
1421 1988 1480 2043 etta

149 2091 265 2151 genero,
292 2076 356 2134 lleo
376 2077 512 2151 juvante,
537 2085 635 2135 tantos
658 2094 813 2135 successus
835 2086 955 2154 sperant
977 2093 1051 2134 avus
1074 2092 1157 2134 meus
1181 2083 1321 2150 paternus
1344 2071 1480 2145 etreliqua

148 2165 371 2238 propinquitas,
396 2172 522 2239 (quantos
546 2181 597 2223 eos
620 2181 738 2239 sperare
761 2164 825 2222 vult
847 2163 949 2223 talium
973 2166 1101 2221 virorum
1129 2162 1307 2221 auctoritas:
1338 2172 1478 2233 anagnie

150 2250 269 2325 quidem
293 2266 343 2309 eos
368 2251 463 2310 dicere
486 2254 552 2326 qnia
576 2253 678 2328 possit,
704 2258 733 2310 et
756 2269 839 2310 suam
862 2253 961 2327 potius
985 2265 1163 2326 suorumque
1186 2264 1277 2324 quam
1302 2248 1359 2307 llei
1380 2247 1477 2323 glories

149 2345 178 2396 et
201 2337 350 2396 Ecclesiae
373 2338 559 2398 commodum
583 2348 779 2415 spectantem,
797 2338 849 2397 sed
878 2347 955 2397 certa
976 2340 1093 2397 veniam
1123 2336 1313 2396 merebuntur
1339 2333 1414 2411 apntl
1435 2346 1477 2399 ert,

150 2427 255 2500 quiin
279 2425 490 2484 humanitatem
520 2445 591 2502 erga
619 2443 689 2484 suos
716 2427 884 2485 humaniter
915 2433 1056 2486 statuunt.
1103 2424 1206 2500 Neque
1239 2432 1339 2482 umen
1369 2423 1435 2481 baec
1453 2434 1476 2477 te

148 2511 227 2570 dicta
250 2512 355 2584 velim,
391 2516 475 2589 quasi
508 2513 564 2573 hoc
587 2521 760 2587 argumento
784 2531 830 2572 ma
861 2515 977 2589 penitus
1005 2513 1044 2571 ab
1067 2511 1124 2570 hoc
1146 2512 1251 2571 itinere
1274 2509 1475 2570 dehortarentt.

148 2600 327 2658 Existimant
350 2603 441 2674 onim,
473 2617 538 2658 eum
562 2601 693 2675 alioquin
717 2603 805 2659 ctiam
828 2600 901 2660 baec
925 2617 991 2659 moa
1015 2597 1061 2659 vel
1085 2606 1168 2657 aetas
1192 2597 1242 2657 rel
1264 2598 1356 2657 lactes
1377 2594 1476 2656 nond·

146 2689 264 2762 penitus
287 2689 325 2744 sit
348 2698 418 2762 apta
433 2691 596 2762 suggestui,
622 2705 708 2763 posse
725 2688 794 2746 milri
818 2687 903 2747 facila
927 2689 955 2743 in
979 2686 1069 2745 literis
1086 2686 1336 2746 commendatitiis
1358 2678 1476 2760 (qarob

148 2775 186 2831 l).
205 2773 403 2833 Cancellarius
426 2775 528 2850 procul
551 2775 641 2834 dubio
665 2777 773 2834 scribet
795 2774 832 2833 nd
851 2776 887 2835 l).
904 2771 1182 2841 Zimmermannurnl
1204 2772 1242 2831 ds
1265 2769 1476 2833 examinante

147 2861 243 2936 logico
268 2865 409 2938 prospici.
441 2879 528 2937 posse
559 2881 605 2922 me
635 2865 772 2937 privatim
796 2862 921 2937 lectione
945 2861 1100 2919 bibliorum
1124 2859 1311 2934 aliorumque
1333 2862 1477 2935 scriptae·

147 2949 204 3008 hoc
225 2949 353 3008 studium
378 2953 556 3008 continuare.
604 2949 717 3024 Quodsi
739 2949 810 3007 milri
832 2968 884 3024 per
906 2948 1020 3023 aliquot
1043 2965 1136 3006 annos
1159 2966 1225 3007 cum
1249 2950 1278 3006 in
1303 2947 1368 3019 hoe,
1390 2942 1476 3005 tnn'·

147 3039 227 3093 omni
250 3055 355 3109 genere
380 3040 522 3095 bonorum
547 3045 697 3096 auctorum
722 3045 853 3105 versato,
885 3044 1041 3110 postquam
1067 3034 1211 3109 judicium
1235 3034 1412 3101 adoleverit,
1430 3042 1478 3106 spe

146 3132 225 3183 esset
246 3125 374 3182 adeundi
398 3128 548 3183 ministerii
566 3125 666 3194 Verbi,
691 3134 780 3199 atque
802 3125 872 3182 mibi
895 3123 1051 3182 dicaretur:
1076 3121 1212 3198 Spartam
1236 3132 1343 3181 nactus
1363 3138 1403 3190 ee,
1423 3119 1477 3177 tar

147 3211 233 3269 orual
259 3212 339 3269 lleus
363 3213 448 3281 bone,
473 3231 563 3286 quarn
587 3220 664 3271 essct
688 3211 761 3269 baec
784 3211 913 3269 eorrditio
936 3228 971 3268 ex
995 3213 1125 3284 ipsonrm
1148 3210 1306 3268 cernentia.
1346 3208 1479 3268 Veron!

148 3297 303 3356 videantur
325 3302 435 3374 pictum
460 3299 497 3357 ad
520 3317 605 3357 suum
628 3300 753 3357 lubitum
776 3298 837 3357 filio
860 3315 914 3356 suo
937 3296 1087 3374 postulare
1109 3305 1236 3368 statum,
1261 3296 1329 3356 ideo
1351 3313 1432 3372 super
1450 3292 1481 3351 l'e

144 3384 288 3460 judicium
320 3387 468 3446 facultatis
497 3386 696 3459 theologicae,
729 3397 760 3444 ut
788 3385 865 3455 dixi,
895 3392 1075 3459 exspectant.
1121 3383 1197 3443 Nam
1221 3392 1251 3443 et
1274 3374 1387 3457 'ingrati
1413 3379 1479 3439 tarni

148 3475 215 3542 sint,
239 3475 263 3529 si
289 3475 460 3532 inconsultis
485 3476 568 3531 vobis
593 3474 662 3532 mihi
687 3473 757 3547 quid
781 3473 981 3548 praescribant
1004 3475 1031 3529 in
1056 3475 1092 3530 iis
1115 3471 1230 3539 studiis,
1255 3473 1285 3529 in
1309 3474 1413 3547 quibua
1431 3468 1480 3543 opi·

151 3559 302 3629 tulatores,
328 3560 486 3619 directores
511 3571 539 3619 et
562 3570 767 3636 praeceptores
790 3560 932 3618 hactenus
955 3560 1068 3621 inistis:
1093 3568 1122 3617 et
1144 3558 1200 3618 hoc
1224 3561 1322 3634 ipsum
1345 3557 1482 3617 consiliu.

148 3646 229 3721 quod
258 3651 375 3723 scripsi,
399 3649 525 3707 latentur
554 3651 610 3724 ipsi
635 3658 665 3706 ut
688 3647 816 3706 illiterati
840 3664 898 3705 non
921 3649 1039 3721 penitus
1063 3645 1241 3718 intelligere,
1265 3664 1301 3705 aa
1325 3662 1356 3705 re
1377 3646 1481 3705 tntu

148 3735 187 3791 sit
208 3751 264 3793 nec
286 3752 332 3805 nc,
356 3745 385 3793 ct
408 3736 507 3794 fierine
531 3739 625 3811 possit
647 3754 685 3793 an
708 3752 777 3794 non.
818 3734 894 3793 Suas
910 3737 998 3805 igitur
1014 3742 1111 3809 partes
1127 3734 1224 3809 vobis,
1248 3740 1390 3809 tanquam
1403 3728 1481 3791 alterii

147 3823 221 3880 meis
237 3824 407 3896 parentibus
422 3824 615 3895 committunt,
639 3834 677 3887 et,
701 3825 764 3879 sivo
780 3821 836 3880 hoe
856 3823 916 3895 jam
933 3821 1042 3880 dictum
1057 3820 1194 3881 medium.
1219 3822 1285 3880 sire
1301 3819 1382 3881 alind
1396 3820 1481 3897 prob·
1520 3864 1526 3903 4

149 3910 265 3979 veritis,
290 3918 383 3967 ratum
408 3911 568 3970 habebunt.
615 3909 794 3968 l‘olliecntur
816 3912 918 3980 etiam,
943 3927 974 3968 se
997 3908 1053 3967 boc
1075 3926 1169 3982 genus
1192 3909 1348 3981 beneficii,
1368 3920 1478 3985 qnae·-
1519 3920 1526 3987 Ἰ

149 4012 206 4070 que
230 3994 300 4053 data
323 3999 492 4067 occasione,
523 4001 631 4057 mutuis
661 3997 764 4056 ciliciis
792 4014 843 4071 pro
873 3999 949 4054 virili
973 4006 1225 4072 compensaturus.
1271 3996 1356 4057 llaec
1376 3995 1479 4055 nota
1519 4002 1526 4077 i

149 4081 265 4140 illorum
288 4087 434 4143 sententia
456 4085 607 4143 reserenda
629 4093 719 4145 crant.
765 4083 880 4143 Valetc.

463 4171 498 4228 R.
525 4173 560 4233 V.
586 4173 617 4233 ll.

709 4259 942 4332 subjectissimus

749 4344 910 4421 discipulus

1091 4429 1135 4491 Μ.
1157 4428 1256 4490 Jonas.
1280 4430 1401 4508 Kaptae.

255 4615 402 4679 t'ollnaium
423 4618 560 4672 laerrltntis
578 4619 748 4686 theologicae
768 4618 956 4673 intercessisse
974 4634 1023 4685 pro
1043 4617 1171 4685 lieplero,
1190 4632 1225 4671 ex
1245 4617 1475 4689 hoepatetdeerrtt

149 4702 226 4757 ducis
246 4703 387 4772 Fridnrici,
407 4707 431 4758 d.
452 4706 476 4760 d.
497 4709 521 4759 b.
542 4706 646 4759 Martii:
663 4747 668 4757 .
685 4746 691 4760 .
706 4747 733 4759 ..
764 4705 825 4759 Wir
843 4704 932 4758 haben
952 4704 1056 4756 l'nsers
1076 4700 1476 4773 supereminentioris·

149 4789 328 4855 underthaulg
347 4791 529 4859 simplic-ierac
548 4791 671 4846 beneben
691 4792 814 4846 llwerem
833 4790 1078 4852 Vnderschreibeu,
1096 4791 1167 4845 anub
1184 4792 1222 4849 D.
1241 4793 1473 4851 zanua-w

151 4875 234 4931 orara
251 4875 423 4947 eingclegten
441 4877 534 4946 chel,
552 4877 596 4933 dic
614 4878 747 4949 erledigte
764 4878 961 4948 protensionem
975 4877 1184 4937 stomaticen
1202 4878 1330 4941 oman
1348 4866 1472 4941 ΜΗ
