3308 5534
725 416 803 478 tuat.
822 417 901 477 tata.
1339 410 1344 417 ’
1426 416 1492 489 m

133 590 390 650 maismacensem
407 593 494 649 achon
511 592 578 648 alles
596 591 775 662 angariesen
807 594 844 651 So
868 594 906 677 ist
930 591 981 651 aul
1002 591 1048 648 die
1066 592 1201 663 lanfftige
1220 592 1408 650 Reieisitilde
1424 591 1496 651 aaclr

131 678 254 737 albescit
271 680 324 735 niel
344 681 485 751 anticipirt
502 680 621 749 worden,
641 682 690 737 der
701 681 931 737 mauihtirlicheu
949 681 1091 737 schueren
1104 681 1269 738 eostbalrren
1287 681 1435 749 aureuma,
1452 680 1497 737 dia

134 766 200 823 Wir
218 768 344 826 bisshero
363 771 481 839 militen,
500 772 554 825 rud
573 769 655 825 derso
674 770 727 824 end
740 771 788 824 uir
805 771 876 825 noch
893 768 971 824 nicht
984 769 1069 823 sehen
1083 768 1209 834 konnen,
1230 769 1281 823 rrie
1293 769 1365 824 auch
1381 766 1499 823 audersr

130 854 382 924 mauchtalugen
400 857 648 912 vavermeideulich
666 857 720 911 und
736 858 906 915 merklicireu
924 856 1079 927 ausalapern
1099 855 1232 912 dariunen
1250 856 1311 911 Wir
1328 871 1392 910 unm
1410 854 1496 909 betin-

129 940 199 1011 dan,
221 943 454 1014 augeschweigen.
496 944 613 1015 Gelaugt
640 945 773 1001 demnaelr
799 962 835 1001 au
860 945 894 1001 Ε.
918 944 999 999 Rom.
1017 938 1093 1012 lisy.
1116 942 1204 1012 Mayt.
1233 957 1316 996 unser
1342 941 1496 998 Allerautlu

129 1028 233 1096 blitea,
249 1030 296 1087 Sia
313 1030 436 1101 geruhen
454 1046 519 1086 vnss
533 1032 590 1087 diss
609 1030 673 1087 falls
685 1029 807 1101 Allergn.
824 1032 870 1088 fiir
881 1028 1068 1097 entsclmldigt
1079 1028 1219 1097 anhalten,
1238 1028 1298 1082 Vnd
1313 1028 1388 1084 diese
1400 1042 1497 1084 ansere

128 1116 298 1175 vahrhaffta
315 1117 458 1186 erclerung
476 1119 505 1174 in
523 1119 666 1189 vngnaden
685 1119 726 1173 uit
744 1118 933 1179 vlaunshmem
952 1117 1104 1172 Woriunea
1115 1117 1150 1171 Ε.
1163 1116 1233 1189 Kay.
1246 1118 1333 1187 Mayt.
1350 1116 1378 1171 in
1396 1115 1497 1173 andem

128 1203 297 1276 maglichste
315 1222 375 1276 weg
392 1207 454 1261 Wir
471 1207 667 1264 Allervnterth.
687 1206 981 1276 dieustuillfahrigkcit
999 1205 1124 1273 erzaigen
1143 1206 1261 1277 konnen,
1280 1206 1418 1262 erkanneu
1437 1203 1497 1259 Wir

128 1308 198 1350 snas
217 1293 301 1351 durau
317 1295 456 1351 lederaeit
474 1294 655 1362 gehersamist
672 1295 811 1363 schuldig,
838 1293 892 1350 rud
911 1292 1011 1357 burcii,
1032 1291 1193 1348 deroselben
1210 1293 1284 1348 Voss
1301 1291 1356 1347 und
1374 1293 1497 1362 gamains

129 1381 210 1439 suta
226 1398 262 1437 su
279 1382 364 1453 Kays.
382 1383 491 1451 graden
510 1382 704 1437 Allcrvnterth.
723 1381 906 1453 cmpfehlcnd.
943 1382 1044 1435 Datum
1064 1380 1107 1435 12.
1125 1379 1250 1452 lanuarij
1269 1381 1350 1437 Anno
1370 1381 1446 1437 1625.

239 1468 276 1525 E.
292 1469 364 1540 Kuy.
381 1470 469 1541 Mayt.
488 1469 542 1525 rud
561 1468 624 1523 dess
641 1467 776 1538 Hcyligeu
795 1467 959 1524 Romischen
977 1468 1079 1525 Reichs

553 1554 671 1611 Getreue
688 1554 870 1611 unterthanen

822 1641 1040 1711 Burgermeister
1058 1643 1112 1700 rad
1130 1643 1202 1700 Rath
1220 1660 1255 1700 zu
1272 1644 1425 1716 Ntrnberp

241 1819 328 1887 itta.
362 1821 522 1880 Revelatio
546 1822 625 1881 anni.
650 1820 769 1893 ,Natus
792 1820 863 1881 milri
887 1820 964 1880 fliius
987 1819 1178 1881 Hildebertus
1203 1828 1231 1883 6.
1258 1821 1368 1898 Aprilis
1391 1821 1495 1883 bineli.

128 1910 308 1989 Baptisatus
330 1912 359 1967 in
382 1907 506 1970 aedibus
523 1907 708 1968 Aliensteinii
726 1927 744 1968 a
760 1926 806 1968 me
822 1908 974 1968 conductis
996 1928 1014 1968 a
1037 1908 1141 1970 decani
1157 1908 1371 1970 Altebrandani
1394 1909 1496 1987 capel·

128 1998 214 2075 lano.
260 1996 398 2056 Patrimi:
422 1996 461 2055 Ι).
486 1996 521 2053 Α.
546 1995 699 2067 Schwara,
732 1995 801 2059 Seb.
824 1994 1019 2070 Peumaister,
1044 1997 1080 2054 l).
1103 1995 1271 2074 Stephanus
1288 1995 1496 2071 Martrenciser,

128 2082 306 2149 werstanus
336 2084 527 2144 haereditatis
555 2092 671 2142 curator
699 2090 728 2143 et
758 2083 931 2143 advocatus.
964 2116 1002 2128 -
1034 2082 1068 2143 lu
1098 2082 1240 2144 Sueviam
1268 2086 1310 2142 ici
1340 2083 1436 2162 Aprili
1466 2093 1497 2144 et

128 2170 227 2251 Halo.
273 2173 384 2247 Accepi
407 2190 426 2232 a
447 2170 729 2245 Memmingensibus
757 2180 786 2230 ct
817 2169 1103 2248 campidunensibus
1128 2178 1213 2232 2000
1237 2173 1374 2231 florenos.
1418 2173 1496 2249 Sep-

128 2261 391 2323 maturaremus
407 2259 550 2317 lineium.
581 2258 686 2317 Editas
702 2266 790 2318 notae
805 2261 834 2319 in
852 2303 859 2319 .
877 2303 884 2319 .
901 2259 954 2334 .*)
979 2256 1143 2336 Obsignata
1159 2259 1230 2319 milri
1249 2259 1438 2323 bibliotheca.
1453 2291 1495 2306 -

238 2357 411 2425 Bemegqsro
430 2356 542 2427 scripsit
559 2356 709 2426 Keplerus:

239 2448 311 2511 Jam
334 2449 372 2508 ab
395 2467 473 2509 anno
496 2449 576 2527 apud
598 2450 698 2509 aulam
722 2450 859 2511 Caesaris
881 2453 991 2525 institi,
1015 2458 1048 2510 ut
1070 2451 1108 2512 ad
1131 2457 1245 2511 sumtus
1267 2451 1340 2510 mihi
1363 2451 1497 2513 Tabula·

129 2554 212 2611 ram,
245 2555 319 2614 quas
347 2537 540 2610 absolverim,
572 2539 872 2615 obseruatiouumque
895 2538 1059 2616 Tychonis,
1092 2556 1216 2616 quarum
1245 2540 1283 2599 ab
1314 2539 1379 2616 ejus
1401 2550 1495 2599 morta

129 2635 237 2687 eustos
259 2622 308 2683 iai
325 2627 430 2684 unicus
454 2625 586 2698 idoneus,
611 2633 663 2685 aut
685 2643 741 2685 sua
763 2624 940 2686 liberalitate
963 2625 1074 2686 Caesar
1095 2635 1285 2698 succurreret,
1308 2635 1361 2686 act
1383 2625 1497 2704 reliqua

128 2728 201 2773 maa
223 2710 414 2786 Rudolphiua
443 2715 615 2789 assignares
661 2713 775 2773 ln'ista
806 2729 981 2774 consensum
1011 2717 1167 2790 impetravi
1192 2713 1342 2784 Caesaris,
1373 2716 1445 2791 quia
1466 2715 1495 2773 id
1574 2768 1579 2781 ,

129 2799 236 2861 malui.
283 2798 404 2874 Aliquid
427 2801 515 2875 igitur
538 2799 666 2876 pendent
688 2799 936 2875 Memmingeuses
960 2795 989 2860 et
1012 2800 1276 2878 campidunenses,
1300 2808 1332 2860 at
1354 2798 1497 2861 Neriber·

129 2902 255 2965 mnam,
288 2886 409 2963 duplum
433 2888 511 2962 ejus,
544 2888 640 2946 idest
664 2894 748 2948 4000
772 2887 1011 2965 pendechussi,
1034 2898 1214 2951 recusarunt.
1259 2887 1368 2948 luscus
1396 2898 1495 2949 tamen

129 2991 210 3047 nm,
234 2974 388 3049 Augrrstae
411 2977 571 3049 quitertiae
594 2983 759 3051 permutare
783 2978 811 3034 in
835 2975 1031 3036 delalcatieue
1046 2977 1119 3052 eJ'us,
1144 2975 1222 3051 qnod
1238 2978 1370 3051 proxime
1392 2975 1495 3036 decer-

131 3068 223 3123 natm
244 3062 283 3120 ab
307 3064 464 3134 universis,
497 3061 576 3138 qnod
600 3063 736 3138 equidem
759 3064 842 3122 breui
871 3062 932 3123 fleri
955 3080 1076 3123 neeesse
1098 3070 1153 3122 est.
1200 3062 1368 3138 Augustani
1392 3066 1496 3123 aerarii

129 3148 275 3229 praelecti
299 3157 331 3207 ut
353 3148 453 3209 literas
476 3149 612 3210 Caesaris
635 3153 832 3225 resignarunt,
862 3153 965 3227 copias
989 3152 1017 3209 in
1042 3153 1077 3210 iis
1099 3149 1139 3209 ad
1160 3150 1390 3225 Noribergsnaes
1415 3150 1495 3210 desi·

130 3234 290 3309 durarum,
322 3237 434 3295 incuria
467 3237 621 3297 curialium
645 3237 856 3297 Viennensium
884 3241 1018 3297 omissas.
1065 3239 1110 3296 lta
1137 3238 1208 3296 milri
1239 3237 1417 3299 haerendum
1449 3246 1494 3298 est

129 3324 192 3398 iric,
218 3322 312 3382 donce
335 3322 451 3382 Vienna
482 3325 653 3400 suppleatur
682 3325 829 3399 delectus,
861 3334 890 3386 et
913 3324 1046 3397 tandem,
1077 3326 1129 3385 ubi
1158 3327 1335 3401 quitantiam
1362 3325 1495 3385 dederint

130 3412 312 3487 Augustani,
338 3410 469 3471 nondum
492 3430 663 3489 persuasum
688 3415 743 3472 crit
764 3413 1042 3490 Noribergensibus,
1065 3413 1162 3473 solum
1185 3412 1215 3472 id
1238 3413 1386 3487 beneficii,
1415 3412 1494 3489 quod

131 3501 165 3559 iu
187 3499 320 3559 laturum
342 3502 396 3557 erit
419 3499 490 3557 milri
513 3511 641 3560 cantum.

240 3584 360 3645 Interim
383 3603 439 3662 ego
455 3586 620 3665 Ttrbingum
642 3590 672 3645 in
688 3605 840 3649 musaeum
856 3588 1006 3648 llaestlini
1029 3590 1192 3648 conuocari
1208 3586 1363 3648 concilium
1379 3586 1495 3649 matire-

129 3674 308 3735 mucosum
332 3677 461 3733 omnium
479 3721 486 3734 .
505 3720 512 3733 .
531 3679 752 3747 ..(r.rol.V1.
772 3697 800 3749 p.
819 3681 889 3749 617).

240 3758 311 3819 Jam
334 3769 366 3820 tu
389 3760 514 3839 dispice,
547 3780 613 3822 curn
643 3763 774 3824 honestis
806 3769 836 3823 et
866 3766 1040 3824 necessariis
1069 3761 1106 3822 dc
1136 3764 1234 3821 earrsis
1265 3763 1495 3838 tergiversantur

129 3847 380 3922 liodbergeuses,
412 3853 548 3925 quamvis
576 3851 719 3910 admoniti
749 3853 849 3910 aritae
876 3869 949 3911 suae
977 3851 1104 3926 gloriae,
1135 3852 1268 3926 possitue
1297 3867 1349 3925 par
1380 3857 1494 3908 vestros

129 3936 367 4013 Amantiuenses
389 3937 459 3995 milri
483 3939 648 4013 subveniri,
679 3941 704 3997 si
728 3940 863 3996 nimirum
893 3938 941 3997 vel
971 3940 1027 4015 ipsi
1056 3939 1086 3995 in
1109 3936 1366 4011 Noribergensinm
1397 3936 1493 3996 locum

128 4021 294 4085 succedere
323 4029 521 4097 consentiant,
553 4027 719 4085 aCaesare
747 4026 895 4101 requisiti,
926 4035 979 4085 aut
1000 4025 1264 4099 Neribergensibns
1297 4023 1496 4101 persuadeant

128 4128 185 4191 per
209 4112 438 4185 intercessorias,
463 4123 514 4171 aut
536 4115 561 4170 si
585 4114 814 4190 Argentinenses
836 4129 941 4171 nomen
966 4113 1084 4190 quidem
1099 4115 1265 4172 sustineant
1286 4111 1366 4187 apud
1383 4110 1495 4173 Caesa-

128 4216 204 4273 rem,
229 4196 459 4274 Noribergenses
483 4217 562 4272 vero,
588 4203 638 4276 qni
660 4200 765 4260 nolunt
787 4201 956 4276 opinionem
978 4201 1097 4260 Caesari
1120 4201 1217 4276 petaci
1240 4200 1380 4276 praebere
1402 4217 1495 4276 peca-

128 4286 248 4346 nlariae
272 4289 384 4360 copiae,
409 4287 484 4347 elam
508 4288 579 4346 mihi
603 4288 688 4360 dent,
713 4295 765 4347 aut
789 4288 1053 4363 Argentinensibus
1076 4289 1206 4347 uicissim
1230 4294 1371 4359 caveant,
1396 4289 1494 4355 antei

128 4372 206 4451 quid
231 4375 411 4432 comminisci
435 4382 528 4451 potes.
567 4375 682 4435 Literas
705 4374 743 4434 ad
766 4373 978 4451 'l'ampachium
1002 4382 1105 4452 postue
1129 4372 1244 4446 tradidi,
1268 4383 1371 4451 petens
1394 4392 1495 4434 exem·

128 4459 199 4539 piar
213 4458 461 4535 Hyperaspistis;
484 4461 556 4521 nihil
573 4462 740 4539 respondet.
770 4462 856 4539 Rogo
879 4462 967 4537 hujus
990 4465 1031 4523 rei
1055 4480 1122 4522 cum
1137 4461 1296 4521 admoneas
1311 4480 1362 4538 per
1384 4462 1493 4532 literas,

128 4550 157 4609 ai
179 4547 256 4609 forte
280 4564 363 4606 meae
386 4567 443 4608 nen
473 4554 666 4626 pervenerint.
714 4549 867 4610 Chemlino
897 4550 963 4608 misi
988 4550 1240 4626 supplementum
1268 4547 1415 4609 Oisitiadis
1440 4566 1493 4609 seu

128 4635 170 4697 da
193 4651 262 4695 usu.
309 4634 425 4696 Excusa
455 4638 531 4696 enim
563 4645 608 4696 est
631 4634 742 4696 Obilias
770 4654 816 4697 me
845 4637 1011 4697 inconsulto
1039 4647 1069 4699 et
1097 4639 1199 4697 inscio.
1246 4635 1442 4696 Schiclrardus
1465 4645 1493 4695 te

130 4765 298 4777 ...μ-..-

241 4822 268 4890 *)
286 4823 412 4876 Libellum
431 4828 486 4876 atne
504 4827 582 4876 dublo
601 4827 672 4891 dicit,
692 4816 766 4889 quern
783 4841 850 4877 anuo
868 4829 1035 4891 praecedente
1047 4827 1200 4879 Schlohrdo
1219 4825 1356 4877 numadum
1374 4839 1420 4891 par
1430 4826 1493 4879 uu-

128 4908 271 4963 mmmm
288 4896 397 4947 mussat.
