3308 5534
699 400 776 458 aoso.
969 440 971 445 ,
1346 401 1411 472 919

155 574 292 646 Exempla
310 576 453 645 sportulae
473 574 598 632 distribui
616 576 762 645 intereos,
783 574 875 643 quiet
894 573 1085 646 Rudolpbiuas
1103 585 1275 647 acceperuut.
1312 577 1366 633 Sed
1385 585 1413 634 et

45 659 194 717 Sincnsem
221 662 364 732 epistolam
384 661 459 732 dedi,
485 663 583 733 quibus
602 661 759 728 destinasti,
785 661 831 730 qui
851 661 960 731 quidem
978 663 1046 718 actis
1064 660 1157 731 mattis
1184 664 1307 720 officiose
1324 672 1352 721 te
1370 680 1412 722 re·

45 748 182 804 salutant.

158 838 240 893 Salve
259 845 287 893 et
304 853 321 892 a
339 854 383 893 mc
402 839 500 893 iterum
519 839 672 907 iterumque
697 844 726 893 et
742 838 811 908 reip.
835 835 972 892 literariae
996 838 1068 894 bono
1092 837 1243 894 diutissime
1261 840 1413 910 prosperri-

43 938 149 995 meque
166 924 234 979 vale.

155 1011 278 1067 Siuensis
299 1013 431 1082 epistolae
450 1028 552 1083 quaeso
570 1013 613 1068 iae
632 1015 748 1070 habeam
766 1012 856 1068 adhuc
873 1029 957 1068 uuum
981 1018 1008 1068 et
1027 1011 1141 1068 alterum
1166 1013 1334 1084 exemplum,
1359 1016 1412 1072 uisi

44 1104 145 1154 tamen
164 1115 180 1153 e
197 1107 319 1155 mercatu
338 1100 562 1156 Francoinrtensl
581 1103 640 1170 ejus
659 1102 737 1172 eopia
755 1103 812 1158 liet.
843 1099 940 1154 Omnia
958 1100 1069 1154 miritiee
1087 1100 1259 1169 placuerunt,
1278 1102 1411 1170 praelatio

43 1200 115 1241 rere
129 1201 218 1257 supra
235 1188 357 1255 modum,
377 1189 459 1243 adeo
457 1187 659 1257 circumspecte
678 1188 870 1287 sapienterque
888 1188 1052 1258 perscripta,
1072 1196 1103 1241 ut
1121 1204 1182 1243 eam
1199 1204 1293 1243 veram
1310 1189 1412 1260 alioqui

43 1272 166 1327 mordax
185 1289 357 1343 nequaquam
381 1273 548 1343 dissimules,
575 1276 709 1329 nemiuem
733 1283 824 1330 tamea
843 1274 870 1328 in
889 1274 965 1330 bisce
990 1276 1157 1331 diversarum
1176 1277 1295 1347 partium
1313 1277 1411 1334 studiis

43 1350 183 1417 euenum.

154 1447 241 1503 Scrib.
259 1448 370 1517 Argeut.
391 1448 417 1505 d.
441 1450 535 1518 12.!22.
554 1448 647 1504 Martii
664 1448 729 1503 anni
747 1450 825 1506 1630.

124 1608 128 1615 ,
156 1540 347 1619 Keplerus
371 1542 616 1618 llerneggero
640 1540 671 1601 S.
695 1540 728 1600 Ρ.
752 1540 790 1599 D.
829 1540 998 1611 Clarissimo
1023 1542 1075 1614 vir,
1099 1542 1259 1601 amicorum
1275 1538 1424 1603 meorum*

43 1644 138 1705 apex.
175 1627 285 1704 Recepi
310 1628 428 1688 taudem
451 1637 480 1687 ot
502 1645 641 1704 generum
665 1627 813 1704 filiamque
829 1647 924 1688 meam
948 1637 976 1688 et
1000 1637 1066 1688 tuas
1089 1629 1189 1688 literas
1213 1636 1242 1689 ct
1264 1631 1355 1690 tetius
1378 1634 1407 1689 in

47 1717 88 1774 ils
111 1730 241 1792 pompae
265 1717 401 1791 geminae
424 1719 582 1792 imaginem
606 1715 801 1788 luculentam,
825 1719 954 1775 oratorio
976 1716 1071 1794 stylo,
1096 1715 1174 1791 quod
1199 1716 1235 1775 ad
1260 1717 1410 1777 cumulum

45 1802 263 1863 beneficiorum
292 1803 420 1875 accedit,
450 1807 493 1862 sic
516 1803 707 1875 delineatam,
739 1811 772 1862 ut
799 1804 920 1862 allectus
944 1820 1025 1862 meos
1057 1805 1240 1863 cessantibus
1264 1805 1358 1864 oculis
1381 1808 1410 1864 in

47 1906 115 1950 rem
139 1899 323 1967 praesentem
348 1891 514 1953 adduxeris.
545 1891 629 1948 Dixit
652 1889 772 1965 quidam
794 1890 873 1967 apud
897 1893 1050 1962 comicum,
1074 1891 1236 1950 domestica
1251 1891 1331 1952 mala
1346 1910 1411 1954 essa

47 1976 170 2053 majora
194 1977 339 2047 lacrumis,
364 1996 419 2054 ego
443 1978 564 2037 feliciori
588 1981 617 2034 in
641 1980 764 2036 rnatcria
786 1979 932 2049 imitabor,
958 1986 1008 2037 tua
1024 1977 1165 2037 beneficia
1187 1981 1340 2055 superiora
1356 1997 1411 2057 ag·

46 2078 189 2136 noscens,
215 2082 303 2140 quam
328 2072 360 2122 ut
383 2082 471 2140 saper
494 2068 528 2123 lis
552 2082 587 2124 ex
611 2064 753 2140 dignitate
769 2082 824 2123 sua
840 2082 965 2140 nreoque
980 2065 1085 2124 affeetu
1109 2066 1219 2141 possim
1236 2064 1410 2127 exclamare.

46 2150 118 2212 Hoc
142 2150 239 2211 solum
264 2151 329 2210 dice
354 2152 505 2227 edicoqne‚
529 2168 575 2210 me
604 2169 700 2228 neque
724 2151 887 2224 beneficiis,
918 2169 1014 2227 neque
1047 2155 1179 2212 oratione
1207 2170 1308 2229 parem
1336 2171 1411 2227 esse,

47 2240 101 2317 qni
124 2236 224 2298 tecuba
248 2248 365 2299 certem.
406 2238 493 2313 Quod
516 2250 658 2315 superest,
682 2238 753 2297 mihi
778 2238 854 2299 haec
877 2242 905 2297 in
929 2248 1079 2316 posterum
1103 2257 1172 2298 cura
1195 2241 1353 2314 incumbet,
1379 2249 1411 2300 ut

46 2334 79 2386 ct
101 2338 183 2403 'quae
205 2325 398 2385 commodasti
422 2326 596 2405 conjugibus
619 2328 712 2403 primo
736 2342 853 2402 qnoque
870 2336 999 2404 tempore
1014 2329 1176 2398 restituam,
1200 2332 1230 2386 et
1252 2327 1288 2386 de
1311 2327 1411 2405 aliqua

46 2414 152 2491 specie
173 2413 361 2487 gratitudinis
386 2417 512 2489 cogitem
536 2420 595 2472 tam
619 2417 648 2471 in
673 2424 701 2473 ta
716 2431 804 2490 quam
829 2417 857 2471 in
881 2414 997 2473 ailinem
1014 2423 1104 2486 tuam,
1129 2412 1256 2489 denique
1271 2416 1300 2473 in
1318 2421 1410 2475 totam

47 2500 253 2575 academiam
278 2510 307 2560 et
330 2503 401 2575 quia
424 2505 539 2577 privato
565 2500 707 2561 beneflcio
731 2501 849 2578 publica
873 2518 919 2559 me
942 2504 1077 2561 mactasti
1108 2501 1227 2577 duxque
1249 2502 1319 2561 lacti
1342 2503 1411 2561 uni-

47 2602 153 2649 versos
177 2590 206 2645 ia
230 2596 319 2663 caput
341 2604 438 2647 areum
463 2591 615 2648 coercitasti
639 2605 696 2647 non
721 2587 964 2665 exstinguendum
988 2589 1041 2647 sed
1064 2587 1283 2662 honorandum,
1316 2589 1410 2650 veluti

46 2673 187 2735 ultanus
210 2692 246 2733 ex
270 2692 417 2750 areopago
441 2684 543 2734 auetor
564 2675 711 2752 plebiselti
735 2679 763 2733 iu
786 2693 833 2735 me
857 2674 1152 2748 honorificentissimi,
1176 2677 1229 2734 tibi
1244 2679 1333 2735 etiam
1350 2682 1411 2737 nori

45 2762 192 2841 privatim
216 2769 349 2834 tanturm,
382 2763 433 2822 sed
462 2763 579 2839 publice
608 2765 696 2822 ctiam
725 2766 836 2839 gratias
859 2781 955 2838 agam.
1002 2763 1145 2838 Adeoque
1168 2764 1261 2843 prima
1282 2763 1358 2823 haec
1380 2760 1410 2821 i'n

46 2851 219 2927 proximum
244 2849 393 2908 octiduum
417 2858 517 2908 nostra
538 2850 588 2909 hic
611 2852 666 2910 erit
690 2849 871 2921 deliberatio,
896 2867 972 2925 qnae
996 2854 1163 2910 necessaria
1185 2866 1244 2908 non
1266 2859 1361 2923 essct,
1385 2852 1410 2909 si

48 2932 302 3013 (lampidunensis
325 2936 493 3013 respublica
515 2936 605 3014 paulo
628 2936 819 2997 tolerabiliori
849 2938 967 2996 fortuna
998 2945 1129 2996 uteretur
1158 2954 1254 3012 neque
1283 2938 1312 2994 iu
1335 2939 1408 2997 meis

46 3025 247 3101 pensionibus
270 3025 524 3099 repraesentandis
548 3024 744 3100 impediretur
776 3024 852 3082 Nam
878 3024 956 3101 quod
971 3024 1073 3084 cadem
1090 3033 1157 3083 utor
1171 3024 1287 3083 fortuna
1303 3023 1407 3100 Liuoii,

46 3110 114 3191 slus
138 3110 250 3170 doloris
274 3129 391 3170 sensum
414 3111 452 3170 ad
476 3120 504 3171 te
527 3114 680 3187 pervenire
702 3110 781 3170 uolo.
1464 3106 1467 3111 ’

161 3198 337 3258 clarissimis
368 3202 437 3258 siris
460 3200 497 3256 D.
521 3200 559 3257 D.
588 3199 706 3259 Sebizio
736 3199 910 3275 promoturi,
943 3197 980 3256 D.
1005 3198 1040 3260 D.
1071 3196 1259 3257 Saltzmanuo
1291 3200 1407 3274 privato

46 3285 212 3363 conjugum
236 3288 351 3360 patroni
375 3295 404 3345 et
427 3288 586 3345 consultori
611 3289 739 3362 optimo,
763 3285 800 3343 D.
824 3283 866 3342 M.
889 3284 1031 3344 Malleolo
1054 3284 1262 3344 mathematico
1285 3286 1408 3362 ejusque

46 3374 146 3445 tueri,
170 3373 208 3432 D.
234 3374 271 3432 D.
295 3371 406 3432 Joanni
430 3373 564 3434 Sebnridt
588 3373 737 3448 theologo,
764 3372 800 3430 D.
825 3371 935 3432 uto.
961 3373 1040 3431 l'rid.
1057 3371 1190 3431 Schmidt
1212 3373 1319 3432 lauteri
1344 3390 1409 3433 mee

45 3459 196 3537 singulari
221 3459 427 3519 benevolentia
457 3464 591 3536 cognito,
623 3462 660 3518 D.
685 3461 722 3519 D.
753 3458 886 3519 Bitscbio
914 3463 1032 3532 rectori,
1064 3461 1102 3517 D.
1126 3461 1164 3519 D.
1189 3459 1408 3536 Lingelshcmlo

45 3548 108 3609 utel
130 3547 360 3617 studiosissimo,
386 3556 414 3606 et
438 3549 544 3623 quibus
567 3564 635 3621 non,
659 3546 814 3623 plurimum
836 3566 854 3605 a
877 3564 922 3607 mc
952 3547 1078 3606 salutem
1100 3546 1244 3609 adscribo.
1289 3547 1326 3606 Et
1345 3548 1409 3623 jam

44 3635 100 3696 ubl
123 3632 163 3694 ad
187 3651 308 3694 uxorem
333 3644 413 3694 trram
437 3644 565 3709 neotum,
590 3637 617 3695 ei
640 3636 740 3695 lausia
763 3636 861 3694 omnia
884 3634 1006 3710 ejusque
1030 3642 1059 3694 et
1074 3632 1144 3693 tuac
1167 3632 1277 3693 filiolae
1292 3633 1408 3695 Susan-

45 3890 106 3927 ιω
124 3876 181 3925 tilia
199 3877 323 3943 Keppleri
341 3880 436 3936 nostri,
455 3879 556 3926 dotibus
575 3878 652 3924 animi
671 3877 832 3941 corporisque
850 3890 911 3924 sano
929 3890 1004 3939 qnam
1023 3878 1187 3925 oraratissima
1204 3878 1302 3936 virgins
1320 3879 1408 3924 tanto-

43 3962 98 4015 ψ
117 3952 192 4011 petre
211 3949 314 3995 omuino
333 3947 421 4006 digna,
444 3948 592 4010 propediem
611 3947 652 3995 bic
670 3947 843 3996 celebrandas.
879 3945 934 3994 Etsi
954 3951 1038 3994 aretem
1057 3944 1097 3995 vel
1119 3948 1146 3994 iu
1165 3948 1266 3994 neurius
1284 3945 1409 4009 chplerl

44 4018 114 4069 ntis
131 4016 255 4082 ponderis
275 4018 361 4064 estad
380 4023 404 4064 te
424 4020 471 4065 buc
496 4016 704 4080 pertrahendum,
729 4017 770 4063 cui
793 4030 839 4065 rrae
862 4017 957 4075 gratius
977 4020 1024 4071 (sat
1046 4017 1107 4072 scio)
1131 4030 1177 4063 nec
1201 4013 1407 4064 honorificentius

43 4084 163 4137 officium
187 4085 267 4134 ullrnu
291 4093 415 4148 praestare
440 4094 524 4150 laotos,
555 4091 654 4148 oportet
678 4092 761 4134 tamon
785 4091 813 4133 ut
839 4086 1037 4150 superpondinm
1060 4084 1165 4149 aliquod
1190 4085 1280 4134 addam
1306 4087 1408 4148 prabum

43 4170 176 4219 murum,
198 4157 302 4219 qulbus,
322 4161 367 4203 aut
386 4159 542 4204 vebeurenter
560 4153 645 4214 fallor,
671 4156 718 4203 boc
737 4155 822 4219 dabis,
846 4162 874 4203 ut
894 4171 925 4203 ue
942 4155 1095 4218 reipublleaa
1115 4157 1187 4218 huic,
1207 4169 1238 4202 ne
1255 4155 1408 4220 academiae,

43 4242 78 4277 ua
98 4227 163 4275 mibi
183 4226 292 4290 denique
311 4240 384 4284 neges
398 4228 634 4274 desideratissimum
648 4231 718 4273 tuum
732 4232 901 4289 conspectum.
939 4224 1028 4274 :ludeo
1042 4229 1118 4274 etiam
1131 4239 1232 4288 sperare
1251 4239 1405 4273 summorum

45 4299 163 4347 virorum
183 4296 285 4343 Besoldi
310 4302 335 4343 et
354 4298 437 4344 Lausii
461 4298 637 4360 permeantium.
675 4295 724 4344 Sed
743 4301 810 4343 tuam
829 4298 866 4344 ita
885 4310 971 4359 spero,
999 4302 1027 4344 ut
1049 4296 1112 4343 nibil
1131 4298 1267 4360 quiequam
1286 4295 1407 4343 dubitem.

44 4368 168 4433 Sponsus
188 4368 284 4426 rogarit
303 4375 346 4414 aut
365 4369 463 4426 rogabit
482 4372 547 4414 certo
566 4380 666 4414 carmen
685 4364 872 4430 epithalamion,
892 4366 967 4429 quale
986 4367 1008 4414 si
1027 4367 1102 4414 etlam
1117 4381 1131 4413 a
1145 4366 1237 4414 Lauslo
1256 4366 1408 4427 impetratis,

43 4435 203 4489 beneficium
223 4434 461 4500 duplicaveris...
498 4434 570 4487 Vale.
608 4437 710 4495 argent,
729 4437 754 4485 9,
772 4434 847 4488 Febr.
869 4438 945 4486 1630.

158 4506 324 4556 Sebiekardns
349 4508 493 4553 invitationi
512 4520 562 4553 nou
587 4506 732 4553 obsecutam
751 4519 816 4567 ossa,
843 4511 949 4568 apparet
975 4519 1004 4552 ex
1029 4506 1108 4552 literis
1128 4505 1153 4557 d.
1174 4509 1198 4553 1.
1218 4504 1296 4568 Maii,
1316 4505 1409 4566 quibus

43 4580 133 4640 rodon,
152 4592 179 4625 se
198 4578 231 4624 ab
250 4591 279 4624 co
298 4583 417 4639 tempora,
437 4591 487 4640 quo
508 4574 720 4639 ,epithalamiou“
741 4576 849 4640 miserit,
872 4578 1015 4624 universam
1035 4575 1086 4623 iere
1107 4576 1342 4635 Wiirttsmbsrglam
1362 4576 1408 4624 ob·

44 4649 191 4715 equitasse,
208 4647 307 4695 srlrolas
326 4648 427 4694 uisitare
443 4650 549 4706 jussum.

158 4716 332 4776 Berneggcrus
355 4718 430 4764 refert
452 4718 487 4779 (in
512 4715 592 4764 literis
615 4715 637 4764 d
659 4716 701 4766 18.
720 4713 795 4780 Mali)
818 4715 848 4763 de
871 4716 969 4779 rurptiis
996 4713 1129 4762 celebratis
1151 4715 1297 4763 absentibus
1321 4714 1409 4762 amieis

44 4788 268 4850 'l'rrblngcnsibus
294 4787 435 4834 absentiam
459 4800 517 4834 roro
536 4785 680 4835 Sebiclmrdi
700 4786 760 4832 satis
783 4790 927 4835 excusatam
947 4787 1022 4835 babet
1044 4786 1164 4847 periculis
1182 4783 1284 4834 illorum
1310 4789 1408 4861 tempo·

43 4870 113 4946 m,
151 4855 386 4922 ,Epithalamium
406 4870 458 4906 uon
475 4855 595 4904 traditum
612 4869 666 4911 essa
683 4856 807 4923 queritur,
