3308 5534
703 1779 950 1954 iiiogio

246 2032 291 2107 de
319 2034 459 2125 Nuptiis
486 2034 677 2109 doctissimi
705 2042 740 2109 et
766 2039 981 2127 integerrimi
1010 2033 1155 2108 Juveois
1184 2033 1222 2104 Ι).
1252 2031 1408 2121 Magistri

573 2140 762 2215 Joaonis
789 2143 1082 2228 Huideorici,

145 2304 227 2369 Joris
243 2308 408 2385 candidati3
433 2308 593 2371 Clarissimi
617 2313 680 2389 riri,
704 2311 789 2460 Pguii
812 2312 994 2461 Huiglauriei,
1018 2309 1186 2371 Consiliarii
1201 2307 1347 2386 Principis
1361 2306 1505 2369 wirren-

113 2434 119 2447 ··
749 2403 847 2479 ergisi,
901 2403 933 2462 ii.

145 2564 183 2623 Et
200 2565 408 2623 honestissimae
432 2567 680 2639 pudicissimaeqoe
703 2570 815 2639 uirginis
838 2570 970 2640 Annae,
993 2566 1114 2638 Philippi
1138 2562 1272 2634 Gossliui,
1297 2564 1460 2621 metatoris
1477 2570 1505 2619 et

389 2644 454 2701 ciria
472 2645 728 2719 Pfortzheimeusis‚
746 2649 796 2703 riri
813 2648 1027 2719 prudentissimi,
1045 2646 1175 2715 defuncti,
1194 2643 1258 2699 ulia

296 2766 404 2837 Scripta
421 2782 471 2837 pur
487 2768 622 2825 Josunem
640 2769 800 2840 Kapterum,
820 2770 886 2842 phii.
904 2771 1065 2841 studiosum,
1084 2767 1178 2839 sponsi
1195 2770 1349 2836 comatam.

363 2910 503 2976 Tublagra,
523 2912 601 2979 Apud
617 2915 789 2965 Alexandrum
806 2914 938 2965 Hoakium
955 2916 1030 2965 Auno
1048 2912 1153 2964 Domini
1171 2908 1280 2961 MDXO.

352 3263 501 3344 Nympha,
525 3265 639 3342 Charis,
663 3266 774 3342 Venus,
797 3276 848 3328 aot
870 3271 897 3329 si
919 3267 990 3345 quid
1013 3267 1170 3330 formosius
1192 3269 1256 3330 istis

438 3352 494 3415 Ilia
518 3366 604 3415 retus
626 3358 688 3417 rari
711 3372 801 3433 parea
822 3358 922 3433 podria
944 3355 1044 3430 habet,

352 3438 435 3517 Quae
458 3451 566 3503 sortem
589 3460 748 3520 exsuperas
771 3444 887 3520 opibus,
912 3445 1069 3505 virtutibus
1092 3446 1168 3521 illas,

440 3530 524 3604 Quae
546 3534 663 3608 gemina
685 3548 826 3608 sponsum
850 3531 917 3593 dote
941 3533 1030 3592 beata
1053 3534 1138 3594 beasr

352 3612 385 3675 Si
409 3618 462 3677 tibi
486 3616 607 3678 delicias
631 3622 705 3680 inter
726 3619 881 3697 lacumque
901 3619 1043 3697 jugalem,

439 3705 520 3766 later
542 3715 572 3767 et
594 3706 761 3784 hospitibus
783 3710 912 3786 compita
934 3708 1024 3785 pieua
1047 3715 1148 3767 vacat:

351 3789 437 3852 Hauc
461 3792 525 3871 iege
549 3794 586 3853 ab
610 3797 710 3873 ignoto
733 3797 868 3871 missam,
892 3795 945 3856 sed
967 3802 1113 3872 prompta,
1136 3792 1270 3869 salutem,

438 3881 504 3940 Nou
528 3884 616 3941 etiam
639 3884 726 3942 sortis
748 3886 865 3944 nescios
887 3883 937 3944 illa
961 3892 1029 3943 tuae
1053 3891 1107 3942 ost.

353 3964 406 4026 Sia
429 3972 541 4029 miuus:
567 3978 598 4029 ut
620 3973 716 4046 possis
740 3982 858 4032 nostrae
883 3987 978 4032 vacua
1001 3988 1066 4031 ease
1089 3967 1227 4042 tabellae,

440 4056 586 4117 Laetitiae
608 4059 716 4117 offusos
738 4062 811 4119 sisto
833 4077 989 4136 parumper
1012 4075 1114 4134 equos.

352 4141 411 4203 Hie
433 4147 522 4203 etiam
546 4147 686 4221 invenies,
709 4164 765 4205 sua
789 4150 840 4224 qui
863 4149 915 4207 tibi
939 4163 1060 4208 munera
1082 4153 1212 4222 portans,

440 4231 506 4292 Noa
529 4235 655 4293 conviva
679 4233 806 4311 quidam,
828 4234 882 4295 sed
905 4243 1003 4295 mutan
1026 4233 1130 4293 umbra
1153 4232 1244 4293 veuit.

353 4318 419 4379 Nou
443 4336 544 4379 ornnes
566 4322 694 4381 conviva
711 4321 808 4397 juvat,
833 4324 901 4399 quin
926 4339 1015 4398 saepe
1039 4322 1153 4381 voeatis

440 4406 559 4467 Gratior
580 4407 747 4486 hospitibus
770 4412 896 4469 cernitur
918 4409 1023 4469 umbra
1045 4408 1164 4486 loquax.

353 4492 388 4553 lu
410 4510 457 4555 ms
479 4512 538 4555 uon
560 4495 646 4557 ioorit
668 4496 812 4557 iucundae
834 4496 973 4575 prodigus
995 4498 1076 4569 artis,

442 4580 567 4659 Quaado
590 4601 660 4644 suas
681 4584 805 4646 Hermos
828 4584 1023 4645 distribuebat
1045 4602 1125 4661 opes,

352 4668 419 4731 Noa
443 4680 540 4731 tamam
563 4674 695 4749 inspecto
717 4672 841 4733 iroutsm
864 4689 968 4749 rogare
990 4671 1103 4746 libello,

439 4756 488 4837 Et,
510 4758 599 4821 modo
620 4778 710 4839 quam
732 4760 838 4836 imeras,
862 4763 972 4821 tristior
995 4777 1060 4821 ease
1082 4765 1178 4837 potos.
