3308 5534
129 386 212 476 ¹272
506 382 682 441 Collectanea
697 398 733 441 ex
750 382 891 441 codicibus
908 382 1142 441 Pulkoricusrbns.

147 564 341 642 quadriennio
363 564 496 637 abirent,
527 572 601 641 quot
623 563 808 625 sufficiebant
829 562 867 623 ed
890 563 1110 626 Mercedonium
1133 565 1248 641 justum
1270 562 1377 625 diebus
1399 580 1507 641 super·

147 654 213 712 iluis
236 652 486 726 constituendum
512 658 530 709 6
548 651 742 728 quadriennio
763 669 817 712 seu
839 655 907 711 anni
925 658 965 712 24
981 652 1104 711 totidem
1127 652 1190 713 dies
1204 652 1370 730 superfluos
1385 650 1505 725 habent,

146 748 230 800 sexto
254 742 353 815 itaque
376 738 568 814 quadriennio
590 755 643 815 pro
667 741 762 815 priore
778 738 967 799 Mercedunio
983 738 1203 800 blercedonium
1225 742 1421 816 posteriorem
1443 738 1507 799 die-

146 846 210 887 rum
234 834 274 887 23
299 829 477 900 omiserunt,
508 828 638 903 itemque
661 836 691 886 54
713 828 815 903 quinto
839 827 1031 902 quadriennio
1054 845 1107 904 pro
1130 831 1292 905 posteriore
1315 826 1506 886 blerecdonio

147 922 188 975 23
204 916 325 987 dicrum,
350 921 390 975 22
407 923 521 973 tantum
544 914 608 975 dies
630 912 853 975 intercalabant.
892 913 964 975 lude
989 917 1076 991 igitur
1098 924 1170 975 nata
1191 924 1237 976 cst
1251 916 1387 975 Romana
1407 916 1507 992 perio·

147 1002 201 1063 dus
225 1009 266 1063 24
290 1020 442 1075 asinorum,
467 1020 556 1078 quam
578 1001 685 1061 Livius
706 1002 821 1061 Numae
844 1000 993 1062 adscribit.

251 1090 343 1149 Porro
373 1090 557 1149 intercalatio
590 1092 684 1149 omnis
707 1088 745 1148 ad
769 1089 989 1165 exprimendum
1012 1106 1127 1149 cursum
1149 1090 1282 1149 lunarem
1304 1099 1350 1151 est
1374 1090 1504 1163 inventa,

147 1176 274 1238 Romani
298 1193 368 1237 uero
392 1177 476 1236 annis
499 1176 558 1235 illis
582 1182 623 1236 24
647 1176 747 1236 Solem
772 1175 890 1253 quidem
913 1180 1159 1253 assequebantur,
1184 1176 1237 1237 scd
1260 1176 1376 1237 Lunam
1399 1178 1506 1237 sensim

149 1264 334 1327 amittebant.
380 1264 508 1341 Propius
531 1267 608 1323 enim
633 1263 778 1340 quadrant
801 1263 903 1323 Lurrae
926 1264 964 1323 ad
987 1264 1065 1325 Solis
1091 1267 1219 1325 rationes
1242 1268 1328 1325 annis
1354 1270 1395 1325 19
1420 1282 1505 1341 quarn

148 1354 233 1414 annis
257 1358 309 1415 24.
346 1350 381 1409 ld
404 1352 454 1410 ubi
470 1354 609 1427 pensitari
633 1360 770 1429 coeptum
792 1360 845 1425 cst,
870 1350 988 1411 tandem
1011 1353 1085 1412 lracc
1106 1353 1298 1413 intercalandi
1314 1354 1392 1412 ratio
1409 1354 1506 1428 ponti·

145 1439 233 1501 licum
255 1439 380 1517 collegio
404 1442 498 1497 omnis
521 1441 664 1515 permissa
686 1446 745 1512 est,
776 1447 809 1498 54
831 1457 897 1499 eum
927 1457 1002 1516 opus
1033 1457 1099 1499 esse
1130 1439 1277 1501 videretur
1306 1456 1361 1499 suo
1386 1442 1504 1499 arbitrio

148 1527 366 1589 intercalarent.
397 1526 476 1586 Hine
495 1528 557 1603 jam
580 1534 661 1587 tanta
677 1527 803 1586 llomani
826 1531 966 1603 temporis
990 1528 1122 1587 conlusio
1144 1538 1247 1589 secuta
1268 1536 1330 1601 est,
1364 1542 1503 1605 quantam

147 1616 186 1675 ab
209 1617 319 1691 ignaris
342 1616 539 1675 astronomiae
570 1614 697 1691 odioque
720 1614 769 1674 vel
800 1613 912 1674 inuidia
940 1617 1164 1691 magistratuum
1187 1614 1250 1697 (qul
1273 1614 1383 1676 aemuli
1413 1616 1504 1689 erant)

146 1702 340 1779 flagrantibus
363 1705 508 1763 invectam
531 1719 595 1762 esse
618 1720 672 1780 par
694 1708 755 1775 cst,
783 1712 816 1761 ut
837 1719 976 1763 successu
999 1704 1137 1779 temporis
1159 1721 1274 1765 menses
1302 1704 1423 1781 penitus
1445 1704 1504 1761 auis

147 1790 269 1851 sedibus
292 1798 420 1851 errarent
441 1790 639 1865 Martiusque,
664 1808 771 1849 vernus
801 1792 923 1863 mensis,
955 1793 985 1848 in
1008 1790 1133 1850 mediam
1164 1790 1290 1851 hiemem
1317 1795 1504 1867 competeret.

149 1878 234 1939 Adeo
258 1878 377 1955 siquid
401 1878 545 1937 commodi
569 1878 678 1937 Caesar
705 1879 792 1937 rebus
814 1878 956 1937 Ilorrranis
983 1878 1095 1951 attulit,
1127 1878 1184 1939 hoc
1211 1888 1288 1940 certe
1318 1880 1503 1955 potissimum

148 1974 203 2039 est,
227 1964 306 2041 quod
330 1968 552 2025 vitiosissimum
577 1982 685 2025 annum
709 1962 885 2026 emendavit.
923 1964 993 2025 Jnm
1015 1966 1127 2042 pridem
1150 1974 1248 2025 autern
1272 1984 1344 2025 usus
1368 1966 1506 2025 obtinue-

146 2062 203 2126 rat,
226 2061 258 2113 ut
281 2054 352 2129 quia
368 2054 511 2113 Consules
534 2054 736 2129 magistratum
759 2053 872 2112 inibant
896 2052 1033 2113 Calendis
1048 2052 1215 2128 Januariis,
1237 2054 1294 2114 lroc
1317 2063 1408 2130 caput
1430 2054 1506 2123 anni,

146 2139 254 2199 Martio
277 2139 423 2219 neglecto,
447 2148 621 2201 censeretur.
661 2139 771 2200 Caesar
792 2142 883 2215 igitur
905 2157 940 2201 eo
964 2157 1050 2215 anno,
1075 2158 1162 2217 quem
1184 2142 1373 2219 confusionis
1387 2158 1507 2201 annum

147 2228 312 2305 appellant,
345 2229 429 2303 cnjus
458 2246 558 2289 mense
580 2228 741 2288 Februario
767 2227 830 2303 jum
859 2235 921 2288 erat
950 2246 1030 2288 more
1062 2231 1154 2287 ueteri
1177 2229 1399 2304 intercalatum,
1432 2230 1506 2287 inter

146 2316 343 2376 Nouembrem
367 2326 397 2375 et
412 2315 605 2377 Decembrem
629 2315 776 2387 (ultimum
799 2332 834 2375 eo
858 2324 989 2392 tempore
1005 2314 1147 2391 mensem)
1173 2322 1211 2375 64
1230 2316 1294 2377 dies
1317 2315 1395 2375 ultra
1417 2318 1506 2375 inter·

147 2403 266 2479 celavit,
289 2412 323 2464 54
344 2422 459 2463 summo
481 2404 546 2479 ejus
569 2405 636 2462 anui
661 2402 771 2462 dierum
795 2412 873 2463 esset
889 2406 967 2476 444,
991 2419 1050 2480 quo
1072 2403 1234 2464 Janrrnriae
1257 2402 1425 2476 calendae,
1448 2404 1506 2465 scl-

145 2490 214 2551 llcet
236 2494 306 2551 anni
329 2500 428 2568 caput,
452 2494 481 2549 in
506 2493 638 2551 brumam
661 2499 691 2549 ct
716 2492 802 2571 5θῇ
830 2490 979 2565 incideret,
1004 2508 1063 2567 quo
1087 2492 1152 2551 loco
1168 2490 1220 2551 Sol
1235 2513 1346 2569 eperum
1360 2490 1504 2551 conticere

147 2580 379 2640 existimabatur.
426 2576 524 2655 thue
547 2596 640 2637 annus
663 2594 750 2655 porro
774 2578 910 2655 sibiipsi
933 2587 1074 2656 perpetuo
1098 2586 1229 2638 maneret
1250 2578 1396 2655 eeqrralis,
1418 2579 1505 2639 luna·

147 2682 207 2725 rem
230 2684 361 2739 cursum,
392 2674 425 2724 ut
448 2668 497 2743 qui
521 2684 637 2743 semper
659 2665 769 2742 aliquid
793 2668 863 2725 rruui
886 2666 1015 2737 5445554,
1045 2668 1162 2743 penitus
1184 2666 1314 2743 neglexit
1336 2680 1504 2743 anuumque

148 2769 263 2814 omnem
286 2754 324 2813 ad
348 2753 447 2814 Solem
470 2748 715 2814 accommodavit.
761 2754 815 2813 Est
837 2760 935 2813 autem
965 2753 1069 2813 soleris
1101 2761 1133 2813 ut
1163 2752 1359 2815 (1454545545
1384 2752 1504 2827 dierum,

147 2840 258 2901 lunaris
290 2852 353 2901 emt
384 2849 497 2900 tantum
522 2848 584 2901 355
609 2840 734 2912 dicrum,
767 2849 905 2917 superant
937 2848 974 2900 10
999 2840 1061 2901 dies
1094 2844 1123 2899 45
1155 2858 1270 2901 menses
1299 2840 1503 2901 distribucudl.

148 2926 258 2988 Caesar
291 2928 483 2990 Februarium
513 2930 713 3006 superstitioni
744 2938 875 2987 veterum
907 2928 1039 3004 reliquit,
1070 2928 1189 3003 reliquis
1220 2936 1333 3007 septem
1364 2929 1504 2989 brevibus

146 3018 307 3090 mensibus,
332 3018 381 3093 554
406 3024 445 3076 244
471 3017 582 3076 dicrum
607 3023 702 3089 crunt,
733 3015 857 3091 singulis
889 3034 979 3075 unum
1008 3016 1084 3075 diem
1108 3014 1238 3091 adjecit;
1271 3018 1322 3093 qui
1353 3018 1505 3075 restabant

144 3111 211 3179 tres,
235 3121 287 3165 cos
310 3106 351 3164 ita
374 3105 536 3178 distribuit,
560 3112 593 3163 ut
615 3106 758 3163 mensium
781 3103 954 3162 vicissitudo
970 3112 1060 3167 esset.
1092 3102 1190 3179 quoad
1213 3104 1277 3178 ejus
1308 3102 1371 3163 lieri
1395 3112 1504 3181 posset,

562 3191 670 3251 relictis
693 3200 791 3251 tamen
815 3192 904 3250 ctiam
928 3198 1054 3267 quatuor
1074 3192 1220 3267 prioribus
1244 3194 1348 3249 auctis.
1388 3190 1504 3251 Tertius

361 3262 539 3355 „¹⁰⁴⁸
562 3281 651 3355 igitur
673 3279 711 3338 ab
736 3276 865 3351 Octobri,
891 3279 1061 3352 December,
1086 3288 1116 3337 54
1138 3280 1240 3338 tertius
1268 3287 1337 3338 5545
1353 3278 1503 3353 Martium,

359 3360 382 3408 ⁷·
489 3362 514 3412 ³·
562 3366 732 3435 Januarius,
756 3365 887 3442 singulos
915 3383 1069 3443 suscepere
1092 3365 1170 3439 dics,
1194 3373 1227 3425 54
1250 3382 1344 3425 annue
1367 3370 1504 3445 utrinque

198 3430 242 3548 ἐξ·
260 3456 294 3547 ’,8
340 3431 384 3549 3‘3'
405 3458 433 3465 “
472 3432 514 3481 ³¹·
563 3453 657 3531 plenis
680 3453 873 3513 clauderetur.
909 3452 1020 3514 Unicus
1042 3454 1181 3526 restabat,
1205 3470 1302 3529 acqua
1324 3456 1440 3515 ratione
1458 3452 1504 3513 rel

198 3570 303 3622 3131,
340 3536 383 3619 dr:
564 3541 656 3601 Junio
680 3540 728 3601 uel
751 3540 880 3617 Quintili
904 3550 1082 3618 competens,
1107 3558 1194 3617 qrrem
1219 3540 1357 3601 credibile
1382 3552 1427 3601 est
1449 3560 1503 3601 na·

198 3642 241 3689 24.
261 3664 295 3675 -
341 3644 384 3691 55.
565 3630 660 3689 4544445
684 3646 748 3703 sno,
773 3627 906 3704 Quintili,
929 3628 1125 3705 gratificatum
1148 3646 1222 3702 esse,
1246 3632 1292 3689 cui
1315 3630 1503 3706 postmodum

199 3712 241 3760 31·
260 3712 305 3763 ³¹·
342 3714 383 3760 ³¹·
565 3720 653 3777 etiam
683 3734 788 3776 nomen
819 3718 848 3774 in
871 3715 984 3776 ι1514554
1014 3718 1069 3775 4544
1099 3724 1259 3789 mutatum,
1290 3726 1323 3776 ut
1344 3716 1451 3778 Sextili
1474 3720 1502 3776 in

197 3784 291 3901 {⁸:3⁸
339 3784 379 3899 ἴῃ
405 3880 431 3887 -.
470 3856 498 3903 Ἡ
567 3805 743 3879 rlrrgrrstum.
790 3804 895 3863 Cetera
917 3804 1034 3880 reliquit
1058 3803 1210 3878 inuiolata,
1233 3822 1285 3863 sen
1308 3804 1425 3877 Nonas,
1453 3804 1502 3863 ubl

199 3924 304 3974 31³1.
338 3885 384 3975 ⁸31.
469 3886 511 3903 ''
566 3895 701 3951 arentin
724 3894 815 3951 veteri
838 3891 1028 3963 Calendario,
1057 3890 1134 3951 diem
1163 3901 1345 3951 ctmcnsem
1372 3894 1500 3953 interea·

197 3996 242 4045 eu.
263 4018 291 4029 -
342 3998 383 4044 55,
565 3979 657 4050 lanrli,
684 3978 886 4051 ,ternrinelia“
905 3988 959 4041 545.
998 3979 1090 4037 Annis
1113 3984 1248 4039 554554
1265 3998 1353 4057 supra
1370 3986 1434 4041 3445
1451 3998 1501 4041 er·

199 4066 242 4115 11·
262 4066 305 4117 111·
342 4070 384 4113 511·
566 4066 725 4140 crescebat,
749 4076 781 4125 ut
803 4076 905 4126 notum
928 4076 982 4139 est,
1005 4068 1120 4139 454555
1142 4066 1218 4137 dics,
1242 4084 1328 4143 qrrem
1352 4066 1401 4127 dle
1424 4068 1501 4127 dicto

199 4138 293 4253 23*
342 4140 384 4251 3¹3·
410 4230 433 4239 „
476 4206 504 4253 Ἡ
562 4156 653 4229 jussit
675 4163 778 4230 qrrarto
803 4172 921 4231 qrroque
944 4172 1021 4213 anno
1045 4155 1219 4229 intercalari,
1248 4156 1294 4213 bis
1316 4154 1395 4216 dicto
1418 4168 1501 4217 sexto

184 4237 546 4283 -'-‘·-·——--'--'--'-
565 4240 712 4301 Culeudns
728 4242 836 4314 blartii,
861 4252 893 4302 ut
914 4242 1025 4303 scilieet
1048 4244 1136 4301 etiam
1160 4244 1189 4301 in
1214 4242 1270 4303 boc
1291 4260 1324 4303 ec
1346 4260 1500 4323 compara·

183 4296 244 4343 ³⁵³·
267 4318 294 4331 ““
315 4296 376 4343 ³⁰²·
396 4320 429 4329 “
448 4296 510 4344 ³⁶⁵·
564 4338 608 4389 rot
630 4328 668 4390 ad
691 4332 929 4408 superstitionem
953 4338 1092 4391 veterum.
