3308 5534
524 404 859 482 antemnaque.
1310 404 1373 476 bul

128 594 183 655 erl
204 592 280 654 libro
303 592 386 672 (Job.
408 591 531 672 Kepler.
554 593 577 652 l.
616 592 724 667 stuttg.
753 588 867 667 taus),
890 594 919 650 et
942 605 977 650 ex
1000 582 1215 666 monograplria
1236 580 1375 660 Apelti

149 690 228 743 suat.

128 770 232 829 Forma
253 769 341 845 bajus
364 770 442 828 vitae
466 787 485 828 a
508 768 593 828 nobis
616 766 798 843 compositae
821 763 969 825 estbasc:
993 763 1201 824 Praemisimus
1224 776 1275 834 ea,
1300 760 1376 833 quae

128 874 169 917 ns
189 858 253 934 lpse
275 856 313 916 ds
328 857 391 915 ulta
412 872 468 915 suu
489 856 605 931 scripsit
628 856 737 931 quippo
760 855 890 913 maxima
912 851 969 911 fids
993 850 1091 929 digna,
1115 866 1239 927 quorum
1255 855 1376 925 partem,

128 944 151 1004 .d
174 946 408 1021 praetermissum
432 942 577 1015 videatur,
601 944 760 1018 repetimus
779 941 842 1016 J'am
870 948 939 999 tom.
956 939 980 1000 1.
1006 958 1035 1016 p.
1062 945 1122 999 311
1154 940 1233 1016 typis
1256 950 1378 1011 expres·

128 1031 265 1092 nonnulla
290 1048 365 1108 quae
382 1029 548 1090 addidimus
561 1048 597 1089 ex
613 1028 757 1106 epistolis,
782 1045 858 1105 quaa
880 1028 968 1087 tomis
989 1027 1049 1103 jam
1072 1026 1159 1086 editis
1182 1025 1377 1094 continentur,

128 1128 162 1179 ut
191 1122 323 1197 repetita.
370 1118 455 1176 Hanc
477 1117 616 1177 tabellam
640 1125 673 1175 ut
694 1118 737 1175 ita
764 1115 860 1175 dicam
892 1117 1066 1175 statlsticam
1089 1115 1377 1191 sequiturcontem·

137 1209 218 1268 vitas
240 1224 412 1282 morumque
428 1206 557 1283 Keplcri,
582 1222 642 1280 qua
656 1204 743 1263 fucrit
759 1205 868 1280 ingenii
884 1205 1033 1279 animique
1050 1205 1097 1278 νὴ
1120 1214 1277 1280 postremo,
1302 1214 1378 1273 quae

128 1298 168 1354 ris
190 1295 353 1371 profecerit,
378 1297 540 1370 exponitur.

128 1381 211 1457 Quae
233 1381 378 1457 Keplerus
402 1380 437 1440 de
461 1383 523 1439 vita
545 1378 716 1453 familiaque
738 1395 793 1437 sua
815 1380 974 1439 memoriae
996 1377 1124 1451 tradidit,
1148 1394 1184 1436 ex
1206 1384 1286 1437 tomo
1302 1375 1378 1436 XX.

128 1471 284 1546 criptorum
300 1468 539 1528 Pullovlensium
555 1476 624 1525 suut
639 1473 785 1542 excerpta.
824 1464 907 1527 Haec
923 1467 1022 1524 omrria
1037 1482 1125 1524 manu
1141 1468 1258 1541 propria
1271 1467 1380 1540 scriptu

128 1574 172 1616 rus
194 1556 332 1634 deposuit
354 1566 425 1633 apta
447 1557 506 1615 fore
528 1562 625 1627 ratus,
655 1571 689 1612 ex
714 1554 822 1629 quibus
843 1554 880 1613 ad
905 1556 1011 1613 certius
1034 1552 1183 1629 quoddam
1205 1552 1379 1612 fundamen-

128 1643 290 1721 strologlae
313 1647 494 1720 perueniret,
524 1659 613 1719 quam
636 1656 721 1700 nemo
750 1643 845 1700 nescit
870 1642 1043 1716 jubentibus
1065 1639 1224 1717 Rudolplro
1247 1648 1277 1699 et
1298 1639 1381 1698 Mat·

128 1732 350 1809 operatoribus,
382 1731 532 1789 ordinibus
555 1729 671 1806 Styrlae
702 1730 899 1804 riustrlaeque
925 1730 1084 1805 superioris
1112 1736 1143 1787 ct
1164 1727 1380 1788 Wallonsteuio

128 1837 209 1896 rper
236 1836 330 1878 annos
353 1819 391 1877 ab
415 1834 450 1879 eo
473 1834 538 1877 esso
561 1815 686 1888 cultam,
718 1831 776 1891 qno
799 1819 984 1893 potissimum
1008 1832 1127 1875 munere
1156 1834 1202 1875 res
1224 1815 1263 1875 ud
1290 1819 1380 1874 ultam

128 1910 206 1967 arias
229 1907 285 1965 sibi
308 1908 438 1982 paravit,
463 1922 552 1981 quum
569 1920 645 1979 quae
661 1903 752 1962 literis
766 1904 889 1979 profecit
911 1921 947 1964 ea
969 1912 1067 1963 aetate
1083 1907 1179 1979 parrvi
1195 1904 1380 1963 lrabcrentur.

131 2011 184 2070 pro
207 1993 339 2052 consiliis
362 1992 547 2068 astrologicis
562 2009 581 2050 a
596 1992 719 2068 privatis
742 1993 856 2068 accepit
880 1990 972 2065 dona,
995 1990 1074 2051 baud
1098 1993 1206 2067 exigua
1221 1999 1304 2051 erant
1326 1989 1381 2049 ad-

128 2089 187 2140 rnta
207 2080 308 2141 salarii
331 2081 494 2152 mediocris,
518 2077 597 2155 quod
614 2077 718 2151 Gratil,
742 2078 865 2155 Pragae,
888 2078 993 2153 bineli,
1017 2079 1126 2155 Sagunl
1149 2080 1338 2155 magistratus
1353 2087 1382 2136 et

128 2187 156 2228 es
178 2186 231 2245 pro
254 2185 373 2227 munero
395 2167 515 2245 publico
539 2166 584 2225 vel
607 2167 724 2242 privato
748 2169 775 2224 el
797 2169 1005 2242 promiserant,
1039 2167 1145 2243 quibus
1175 2165 1381 2225 additamentis

129 2264 311 2315 sustentatus
328 2264 381 2326 est,
405 2273 495 2331 quum
512 2252 590 2312 baud
606 2269 671 2312 raro
686 2253 751 2328 ejus
767 2257 873 2313 aetatis
888 2254 1061 2313 tumultibus
1085 2254 1232 2313 ordinario
1253 2255 1382 2312 muueris

128 2345 195 2403 tario
211 2350 332 2402 cureret.
373 2340 525 2417 Ejusmodi
550 2339 629 2400 dona
650 2350 733 2400 erant
755 2343 891 2417 pecunia,
917 2342 1032 2417 fruges,
1057 2344 1248 2414 uestimenta,
1271 2341 1381 2400 nummi

128 2438 153 2490 st
165 2433 307 2506 argentei,
331 2439 458 2506 torques,
481 2428 597 2505 poeula.
637 2425 708 2487 darn
724 2426 771 2487 bio
786 2446 845 2489 non
862 2445 1018 2505 possumus
1032 2446 1091 2488 non
1106 2429 1265 2503 affirmare,
1288 2432 1382 2504 scrip-

128 2516 279 2595 qnosdum,
304 2522 354 2594 qui
370 2516 489 2593 Kepleri
512 2518 603 2575 vitam
625 2522 796 2574 enarrarunt
809 2514 993 2597 (Kistnerus,
1018 2517 1103 2593 cuius
1118 2518 1282 2593 exemplum
1298 2515 1382 2576 multi

133 2604 228 2681 sunt),
249 2604 444 2664 lamentantes
460 2622 520 2680 qua
534 2604 651 2661 miseria
666 2602 812 2679 Keplerus
826 2604 912 2663 faerit
927 2604 1064 2678 afflictus,
1075 2638 1117 2648 —
1130 2604 1290 2682 Keplerum
1305 2604 1381 2662 fama

128 2710 148 2753 e
169 2692 333 2752 Klistnerus
356 2692 641 2751 comminiscitur-
657 2689 744 2750 valde
759 2708 961 2769 exaggerasse.
1000 2691 1149 2770 llplstolae
1166 2693 1252 2765 enim,
1276 2693 1383 2768 quibus

128 2798 172 2839 rus
187 2787 419 2855 oratrogatque,
443 2788 475 2838 ut
497 2777 635 2837 salarium
658 2777 789 2837 debitum
812 2779 944 2838 solvatur
967 2789 1019 2839 aut
1041 2789 1074 2838 ut
1096 2780 1134 2839 ad
1157 2796 1248 2855 opera
1269 2778 1384 2838 edenda

128 2876 201 2941 stur,
232 2884 290 2927 nen
313 2869 399 2925 nimis
422 2876 490 2925 sunt
512 2865 683 2938 habendae,
716 2884 806 2942 quum
828 2870 996 2943 graviorum
1023 2867 1209 2943 querelarum
1231 2870 1382 2928 certiorem

128 2965 258 3015 ruentum
282 2970 366 3015 nemo
389 2957 510 3013 nesciat.
556 2953 716 3029 Keplerum
739 2971 949 3031 nonnunquam
980 2958 1106 3032 pecunia
1135 2957 1263 3015 caruisse
1286 2963 1315 3014 et
1338 2955 1383 3010 irr-

128 3050 259 3102 rexatum
283 3059 347 3101 essa
371 3058 429 3100 non
452 3058 604 3117 negamus,
628 3058 717 3116 quum
741 3044 923 3102 miseriarum
939 3043 1009 3103 belli
1024 3045 1144 3119 triginta
1158 3060 1301 3102 annorum
1317 3058 1383 3101 eum

139 3138 287 3206 expertem
310 3129 410 3201 fuisse,
434 3146 499 3187 cnm
523 3145 732 3205 nonnunquam
754 3146 813 3188 non
835 3131 964 3206 graviter
986 3131 1022 3189 ils
1046 3148 1110 3190 esse
1133 3131 1281 3201 afflictum,
1305 3128 1382 3189 baud

128 3218 189 3277 nile
211 3219 263 3292 slt3
288 3215 338 3276 sed
364 3216 493 3276 tabulam
517 3233 611 3275 rerum
634 3218 673 3275 ab
696 3233 731 3275 eo
747 3217 913 3277 relictarum
936 3221 1125 3295 inspicientes
1149 3223 1184 3290 (r.
1202 3221 1285 3290 infru)
1305 3217 1384 3277 baud

128 3324 153 3363 rn
175 3306 203 3364 ei
225 3304 402 3380 superfuisse
425 3306 568 3380 pecuniae
596 3306 726 3380 copiam,
757 3305 956 3380 majoremque
979 3308 1067 3365 etiam
1089 3309 1116 3369 ci
1139 3305 1269 3366 debitam
1292 3306 1383 3364 fuisse

128 3410 164 3451 us
186 3393 283 3469 (eraut
304 3390 439 3451 undecim
471 3391 563 3451 millia
585 3391 786 3469 florenorum),
817 3394 901 3469 cujus
929 3394 1067 3469 majorem
1093 3380 1210 3471 'partem
1241 3392 1384 3454 redditam

129 3497 178 3539 sse
201 3479 398 3541 concedimus.

134 3566 329 3627 Revortmur
352 3566 389 3625 ad
412 3574 498 3626 notas
520 3585 538 3625 a
562 3565 689 3641 Keplero
712 3566 891 3643 astrologiae
915 3585 1004 3628 causa
1026 3571 1159 3646 scriptas.
1204 3568 1325 3646 Keplerl
1348 3568 1384 3630 de

128 3656 194 3731 ogia
212 3653 355 3730 judicium
372 3653 519 3729 evulgari
535 3655 725 3731 plurimorum
739 3656 907 3731 aequalium
924 3659 1129 3733 superstitione
1151 3655 1239 3732 longe
1256 3659 1385 3717 abfuisse

128 3759 191 3802 nm.
216 3742 238 3803 l.
260 3759 290 3817 p.
315 3749 374 3801 291
401 3760 440 3801 ss.
472 3740 614 3815 diximum
646 3760 733 3817 qnam
765 3746 848 3819 parvi
871 3743 1060 3819 astrologiam
1090 3746 1317 3818 existimaverit,
1350 3762 1385 3805 ex

128 3846 170 3888 rus
192 3829 257 3905 ejus
282 3828 464 3905 astrologicis
481 3837 553 3899 (tom.
566 3833 587 3886 Ι,
607 3832 728 3901 passim.)
746 3847 836 3906 saepe
858 3840 995 3909 apparet3
1018 3833 1186 3890 testimonio
1210 3841 1279 3891 sunt
1294 3834 1386 3892 verbu

128 3920 197 3987 [tom.
217 3921 253 3974 ll.
271 3920 323 3976 657
342 3921 376 3976 ds
395 3919 480 3975 Stella
498 3921 599 3987 Norat:
631 3915 728 3991 „Quid
752 3921 874 3994 ringerls
890 3918 1046 3978 delicatulo
1068 3918 1255 3994 philosophe,
1279 3923 1304 3979 al
1321 3937 1386 3979 ma·

128 4006 376 4080 sapientissimam
400 4004 451 4064 sed
475 4022 632 4082 pauperem
655 4006 747 4063 stulta
768 4005 837 4077 fllia,
860 4005 956 4082 qualis
973 4006 1026 4063 tibi
1041 4005 1165 4078 videtur,
1190 4010 1304 4068 rraenlla
1325 4010 1387 4067 suis

128 4099 182 4150 rtat
204 4100 234 4152 et
257 4091 333 4151 alit?
363 4095 387 4151 sl
411 4092 508 4151 locum
531 4091 660 4151 debitum
689 4092 739 4151 illa
757 4092 836 4170 apud
865 4095 1015 4153 bominum
1038 4101 1139 4152 coetus
1162 4093 1250 4171 longe
1273 4094 1387 4155 stultis-

148 4177 234 4239 aliter
256 4195 313 4237 non
336 4181 458 4253 invenit,
481 4181 537 4237 nisi
560 4197 611 4256 per
634 4175 721 4256 hujus
744 4180 938 4256 simplicitatis
961 4182 1208 4240 intercessiones?
1232 4183 1294 4242 Nisi
1310 4184 1386 4240 enirn

128 4269 183 4325 lam
206 4266 284 4326 alius
306 4270 386 4343 prius
410 4269 452 4326 itu
474 4266 608 4326 credulus
624 4269 735 4341 fuisset,
759 4278 792 4327 ut
814 4285 879 4329 sese
902 4287 938 4327 ex
952 4267 1036 4327 coelo
1059 4268 1156 4327 futura
1171 4271 1387 4344 praedicturum

128 4362 175 4425 et,
198 4370 349 4430 uunquam
372 4362 403 4413 tu
427 4358 469 4413 ita
491 4357 609 4431 sapiens
631 4357 726 4414 faetus
749 4373 842 4429 esses,
872 4363 904 4414 ut
925 4359 1132 4415 astronomiam
1156 4352 1277 4435 (quippe
1300 4360 1388 4431 igno-

128 4442 217 4518 )per
240 4458 272 4500 ss
296 4441 463 4502 discendam
495 4459 559 4501 esse
587 4459 730 4504 censeres.
776 4442 808 4501 Si
831 4442 887 4501 nlsi
910 4460 961 4519 per
988 4446 1163 4521 sapientium
1192 4445 1231 4503 ad
1254 4444 1388 4522 pbiloso-

128 4523 219 4589 rao'n
241 4528 421 4601 adducimur,
445 4547 594 4605 nunquam
617 4530 655 4589 ad
678 4547 742 4589 eam
766 4526 973 4591 adduoemur.“
1022 4532 1105 4609 Quas
1128 4532 1219 4591 verbu
1241 4529 1387 4607 Keplerus

128 4632 171 4675 rro
200 4615 337 4691 ,Tertius
367 4619 583 4677 interveniens“
608 4620 649 4677 itu
681 4620 768 4677 vertit
790 4620 879 4688 (Tem.
901 4622 922 4676 1.
940 4621 1019 4691 560):
1057 4620 1116 4701 „Es
1146 4621 1185 4678 ist
1207 4619 1285 4680 wobl
1309 4616 1388 4673 dleau

128 4704 208 4779 logie
241 4705 287 4762 ein
316 4704 447 4763 niirriscb
470 4704 673 4777 Tbclrterlein,
703 4706 774 4766 aber
795 4703 889 4767 fiebat
910 4704 996 4780 Gott,
1027 4726 1074 4769 wo
1096 4706 1178 4767 wollt
1197 4707 1245 4782 jbr
1267 4704 1388 4773 bfutter,

128 4790 377 4867 ocbrernilnfftige
394 4794 581 4853 astronomia
600 4792 725 4866 bleiben,
748 4810 833 4852 wenn
855 4795 899 4854 sie
922 4794 1003 4856 dless
1024 4798 1084 4858 lbra
1100 4796 1246 4856 niniscba
1260 4789 1391 4851 Toebter

128 4886 190 4957 atta,
213 4880 254 4939 lat
275 4878 352 4941 docb
375 4879 423 4941 dis
439 4880 520 4941 Wolt
542 4880 618 4943 noeb
642 4881 700 4943 rial
723 4878 886 4943 nantario
909 4882 967 4947 vad
990 4902 1024 4948 so
1047 4883 1187 4962 ultmlsub,
1210 4882 1280 4945 dass
1301 4876 1392 4939 deru-
1436 4906 1452 4935 ο
