3308 5534
398 420 1050 491 sannanmsnanaeamoaoasnnem
1065 427 1139 489 xes.
1391 418 1455 499 est

128 620 144 658 s
157 603 255 660 videre
266 604 361 674 possit,
374 618 425 659 uos
437 620 493 660 nou
505 604 574 661 scire
585 621 682 677 posse,
701 608 748 678 qui
760 607 890 677 qualesve
900 608 947 663 isti
959 606 1080 664 aetherei
1093 610 1173 664 orbes
1187 608 1255 679 siut;
1274 602 1382 663 stellam
1395 620 1458 663 esse

128 692 255 747 usinrem
267 699 373 763 partem
387 694 429 747 sui
443 694 524 763 orbis,
542 694 659 750 lucidum
671 704 700 750 et
712 697 863 767 globosam,
882 696 941 751 orbi
953 712 1004 752 suo
1017 704 1092 752 certo
1109 696 1138 751 lu
1155 695 1216 752 loco
1235 694 1353 765 affixam,
1372 708 1456 765 aquo

128 780 186 835 iam
205 780 287 837 sinh's
303 788 332 837 ct
350 782 432 837 certis
451 781 557 850 legibus
576 784 744 841 circulariter
755 786 972 843 circumferatur.
998 782 1152 853 ,Spbacrac
1172 784 1304 839 ctaclestes
1319 798 1349 839 sc
1360 788 1455 837 mutuo

128 868 187 923 luti
205 870 316 925 tunicae
335 885 480 939 caeparum
499 871 647 929 ambiunt.“
684 874 716 928 In
736 874 814 929 coelo
832 881 898 930 sunt
916 870 1009 943 plures
1027 870 1175 943 regulares,
1193 868 1339 926 circulares
1357 876 1458 926 motus.

128 974 207 1027 gnra
223 958 294 1015 cccli
313 966 356 1015 est
372 959 533 1029 sphaerica,
544 948 547 953 ’
560 959 662 1014 Terrae
680 961 768 1029 ligura
786 959 908 1030 globosa.
946 960 1032 1015 Terra
1049 960 1078 1014 iu
1095 957 1185 1015 medio
1203 956 1297 1013 meandi
1314 958 1459 1013 immobilis

128 1058 160 1101 'a'
171 1052 227 1102 est.
263 1046 355 1101 Locus
373 1046 401 1102 in
420 1054 512 1102 centro
532 1047 575 1103 his
594 1047 734 1104 stabilitur
750 1049 932 1118 argumentis:
952 1048 1038 1105 Terra
1050 1050 1170 1121 undique
1182 1066 1200 1105 a
1212 1048 1288 1106 coeio
1301 1047 1460 1119 'aequaliter

128 1140 194 1203 cst,
213 1134 327 1189 horizon
346 1141 422 1190 secat
439 1149 533 1189 omues
550 1136 684 1192 coelestes
704 1137 819 1193 circulos
839 1136 976 1204 hitaliam,
1003 1138 1097 1206 grauia
1116 1137 1287 1195 descendunt
1311 1136 1460 1193 secundnm

128 1228 268 1281 metrum
285 1220 393 1291 mnudi,
421 1230 542 1277 centrum
559 1224 619 1290 ejus
639 1226 811 1295 appetentia.
831 1225 924 1295 graula
941 1225 970 1281 in
988 1224 1074 1280 Ter-ru
1091 1232 1226 1296 oppetunt
1249 1224 1309 1293 ejus
1328 1230 1459 1293 centrum,

128 1324 167 1381 gc
179 1310 285 1366 Terrae
296 1318 418 1366 centrum
431 1310 524 1365 muudi
537 1320 660 1367 ceutnrm
672 1320 729 1383 est;
746 1311 921 1367 immobilitas
933 1310 1035 1368 Terrae
1048 1314 1100 1370 sic:
1123 1314 1151 1382 t)
1164 1320 1285 1369 centrum
1300 1310 1395 1367 circuli
1409 1325 1458 1365 seu

128 1394 223 1453 chi-in
234 1399 412 1453 conversione
424 1398 561 1453 immobile
588 1400 714 1467 quiescit,
735 1398 820 1453 Terra
838 1406 959 1455 centrum
977 1400 1071 1456 muudi
1091 1410 1141 1469 est,
1161 1416 1235 1470 ergo.
1249 1443 1254 1455 .
1267 1441 1291 1456 ..
1321 1400 1352 1467 9)
1367 1413 1459 1453 omnes

128 1492 192 1541 ntes
217 1484 321 1541 Terrae
343 1486 507 1541 naturaliter
532 1486 659 1541 feruntur
680 1495 756 1541 motu
781 1494 857 1541 recto
883 1486 918 1541 ad
935 1486 1055 1543 medium
1077 1486 1169 1556 ibique
1192 1486 1295 1543 moueri
1322 1484 1458 1556 desinunt,

128 1572 169 1641 rgo
184 1572 287 1629 ebidem
305 1580 334 1627 et
349 1574 428 1643 ipsae
446 1580 474 1629 et
491 1578 550 1628 tota
566 1575 652 1628 Terra
674 1573 830 1643 quiescnut3
855 1575 885 1641 3)
904 1573 1012 1629 Terrae·
1024 1576 1083 1646 toti,
1103 1580 1238 1646 quatenus
1258 1582 1317 1628 tota
1336 1581 1390 1641 cst,
1409 1589 1459 1628 uec

128 1668 192 1716 tans
210 1676 263 1716 uec
284 1660 426 1717 circularis
443 1668 534 1716 motus
556 1661 698 1729 competit,
726 1676 791 1730 ergo
814 1661 906 1717 nullus
938 1664 1061 1731 omniuo;
1087 1679 1150 1719 uam
1169 1664 1193 1718 si
1210 1670 1365 1717 moveretur
1382 1668 1458 1717 motu

130 1754 187 1817 ecto,
203 1748 322 1804 ierretsn
339 1749 474 1816 deorsum,
493 1748 565 1803 unde
581 1748 667 1816 fleret,
685 1754 717 1802 ut
733 1749 823 1803 miuus
844 1749 937 1817 gravia
955 1750 983 1803 iu
1002 1755 1065 1805 aire
1083 1757 1214 1823 tauquam
1227 1764 1363 1821 suspensa
1379 1748 1460 1805 reliu-

128 1844 258 1907 paenam,
275 1837 443 1911 relinqueret
461 1838 526 1892 item
544 1844 667 1893 centrum
689 1837 797 1907 mnudi3
824 1852 931 1892 sursum
950 1852 1014 1892 nero
1032 1836 1135 1892 moueri
1153 1855 1209 1894 nou
1226 1846 1328 1908 potest,
1348 1854 1407 1893 cnm
1426 1836 1462 1892 sit

128 1938 207 1978 nume
224 1914 371 1995 gratispsi
384 1926 469 1979 Terra
487 1924 521 1977 ab
541 1932 603 1979 ortu
621 1924 649 1978 iu
669 1940 796 1981 occasum
814 1926 985 1980 circulariter
1001 1926 1127 1997 ierretur,
1148 1944 1203 1982 nou
1215 1928 1371 1983 acciderent
1383 1932 1460 1981 ortirs

128 2010 265 2081 quotidiani,
283 2028 335 2068 uec
352 2019 446 2067 essent
464 2012 568 2068 dierum
586 2019 615 2066 et
632 2013 754 2067 uectium
772 2012 982 2082 vicissitudines,
1001 2014 1024 2066 si
1042 2029 1107 2069 sero
1126 2013 1180 2067 alio
1194 2030 1358 2083 quocunqne
1376 2014 1462 2067 circu·

128 2095 162 2150 lui
177 2108 248 2155 motu
266 2100 393 2167 meretur,
413 2101 501 2155 nubes
519 2113 628 2168 semper
644 2099 674 2153 iu
692 2099 847 2169 oppositam
860 2106 966 2169 partem
979 2100 1072 2156 volare
1084 2101 1248 2159 viderentur.
1266 2100 1391 2170 pruJecia
1403 2116 1463 2154 sur·

128 2198 172 2239 nu
186 2202 324 2257 uunquam
342 2189 531 2244 relaberentur
548 2188 577 2242 in
595 2186 712 2241 eundem
729 2188 835 2256 iocum,
855 2194 948 2257 partes
967 2189 1069 2243 Terrae
1087 2190 1123 2244 ob
1139 2187 1353 2259 insuperabilem
1371 2186 1464 2242 celcri-

128 2276 190 2326 utcu
212 2289 307 2329 omnes
333 2274 560 2343 dispergerentur
582 2281 611 2328 et
634 2279 693 2327 tota
717 2274 804 2327 Terra
829 2274 962 2343 dissipata
984 2276 1043 2343 Jam
1070 2277 1171 2332 dudum
1200 2274 1278 2332 coelo
1306 2275 1464 2333 excidisset.

128 2356 222 2423 litium
238 2369 339 2417 astruo
357 2362 474 2432 simplici
493 2361 602 2431 corpori
621 2361 730 2416 nonnisi
749 2376 831 2415 aruum
855 2370 960 2417 motum
985 2363 1135 2433 simplicem
1161 2363 1340 2427 concesserit,
1364 2360 1465 2416 Terrae

128 2454 197 2501 enen
218 2455 359 2518 competat
381 2458 472 2503 motus
496 2457 588 2503 rectus
615 2449 704 2517 (quod
728 2448 822 2503 videre
845 2456 887 2504 ost
910 2450 938 2503 in
957 2450 1080 2520 partibus
1099 2451 1186 2521 ejus),
1212 2464 1278 2520 ergo
1303 2449 1463 2505 circularem

128 2538 285 2607 cumipse
302 2536 353 2592 sihi
370 2536 509 2592 vindicare
527 2552 582 2589 uon
601 2534 710 2604 poterit.
912 2592 915 2597 ,

202 2626 239 2679 ·lu
258 2624 413 2695 appendice
431 2623 542 2678 exbibet
560 2624 724 2679 biaestliuus
737 2624 932 2680 Eratosthenis
950 2632 979 2680 et
996 2624 1136 2694 Posidonii
1153 2626 1286 2680 rabonem
1305 2624 1464 2681 dimetiendi

128 2708 181 2777 dohi
196 2714 296 2771 terreni
320 2718 348 2765 et
372 2726 501 2777 mouens,
527 2710 692 2766 recentiores
717 2711 763 2765 nni
787 2711 884 2782 gradui
910 2711 1005 2767 circuli
1023 2715 1124 2769 terreni
1146 2714 1269 2770 tribuere
1289 2716 1321 2771 to
1338 2714 1466 2769 milliaria

128 2801 270 2870 mco,
294 2800 426 2854 ambitum
444 2800 546 2853 Terrae
569 2798 635 2853 dicit
653 2814 715 2854 esse
734 2800 804 2857 5400
821 2798 956 2856 milliaria.
977 2830 1009 2841 ·-
1027 2802 1105 2859 Ilaec
1124 2811 1275 2872 sequuntur
1292 2802 1464 2858 definitiones

128 2885 264 2943 nautarum
282 2889 420 2958 sphaerae
438 2887 587 2943 materialis
612 2896 744 2944 consueto
767 2889 862 2944 ordine
880 2896 909 2945 et
930 2889 1052 2955 ,orbium
1070 2889 1272 2957 theoriarum“,
1300 2904 1370 2959 quus
1394 2906 1465 2945 enu-

128 2982 205 3031 anu:
222 2975 378 3031 deserentes
396 2989 528 3045 apogeea,
547 2974 694 3045 epieyclns,
713 2982 891 3045 aequantem.
913 2978 1080 3034 ecceutricos
1100 2976 1218 3031 eeccutri
1242 2984 1270 3032 et
1287 2976 1367 3032 orbes
1392 2976 1464 3033 deie-

128 3068 196 3119 uutes
211 3063 356 3131 nodorum,
376 3078 410 3115 ex
429 3078 546 3131 quorum
565 3062 727 3117 definitione
746 3069 774 3118 et
793 3079 828 3119 ex
847 3063 962 3134 adiectis
981 3064 1076 3135 figuris
1095 3064 1200 3128 eluceat,
1218 3064 1395 3120 biaestliuum
1414 3066 1466 3120 bus

128 3152 218 3209 ‚now
237 3151 328 3204 reales
347 3157 375 3204 et
393 3151 550 3205 materiales
569 3149 717 3218 accepisse.
747 3152 956 3221 in,s1thaerica
974 3151 1113 3206 doctrina“
1134 3152 1284 3220 praemittit
1303 3151 1465 3207 Maestliuus

128 3238 276 3297 leisitiones
294 3240 494 3295 astronomicas
512 3239 716 3307 ascensionum,
742 3236 851 3295 ortuum
869 3246 897 3295 et
915 3254 1063 3296 oceasuum
1089 3240 1244 3308 stellarum,
1263 3238 1369 3295 dierum
1388 3247 1466 3294 uatu-

128 3327 199 3385 rliun
217 3333 247 3382 at
266 3326 448 3381 maidcialinm
468 3334 495 3380 et
515 3327 689 3395 apparentiae
709 3327 831 3395 explicat
849 3342 899 3395 pro
918 3328 992 3381 vario
1011 3326 1104 3396 positu
1123 3325 1264 3395 sphaerae,
1284 3340 1353 3393 ques
1372 3324 1466 3380 delini-

128 3415 192 3472 iouss
209 3424 365 3485 sequuntur
382 3426 474 3470 motus
494 3424 522 3469 et
542 3415 717 3484 ,passiones‘
737 3416 912 3484 planetarum
930 3414 1000 3469 duce
1018 3413 1185 3470 Ptolemaeo.
1223 3414 1328 3469 Eadem
1345 3412 1402 3467 iere
1420 3414 1466 3468 hic

128 3503 333 3576 ltpreheudimus
352 3516 425 3573 quae
444 3504 471 3556 in
484 3502 637 3559 Purbacbio
656 3512 685 3556 et
697 3503 758 3557 siliis
777 3504 823 3573 qui
842 3511 900 3557 tum
917 3501 1054 3557 florebant
1072 3501 1245 3569 astronomia
1264 3501 1389 3571 nuspiam
1402 3516 1465 3555 vero

128 3595 221 3651 inauli
238 3594 342 3649 mendo
361 3592 517 3661 Cepernici‚
545 3592 624 3659 quasi
649 3590 750 3646 oblitus
773 3593 809 3645 sit
826 3590 990 3645 Marcellinus
1014 3606 1124 3658 eorum,
1149 3604 1219 3660 quae
1244 3591 1272 3645 iu
1295 3590 1406 3659 scriptis
1431 3589 1466 3643 de

128 3682 216 3737 ametis
238 3678 355 3734 dixerat.
404 3678 496 3731 Secnli
518 3678 560 3732 sui
587 3679 656 3731 mori
676 3679 782 3746 pariter
804 3683 888 3745 atque
913 3678 959 3730 alii
983 3676 1043 3745 ejus
1068 3678 1198 3745 aequales
1222 3677 1329 3732 videtur
1352 3677 1465 3731 obseou-
1560 3700 1568 3713 ·

128 3784 154 3823 ns
173 3784 245 3839 esse,
270 3768 309 3822 ua
332 3774 363 3821 nt
387 3767 473 3820 uirium
500 3781 554 3819 non
579 3780 758 3835 agnoscamus
776 3765 910 3819 liberioris
932 3763 1043 3833 judicii,
1069 3765 1176 3832 qualem
1203 3782 1232 3819 sc
1256 3765 1420 3835 praebuerat
1439 3766 1466 3819 in

128 3856 190 3919 hus,
206 3872 278 3929 quos
295 3856 378 3910 modo
398 3855 531 3923 diximus,
555 3861 582 3910 et
599 3856 627 3919 iu
645 3854 771 3923 epistolis
789 3853 824 3907 ad
843 3852 992 3921 liepiernm
1012 3858 1192 3920 senatumque
1210 3851 1412 3920 Tubiugeusem
1432 3852 1467 3906 dc

128 3944 253 4001 hodrcmo
279 3943 353 3998 datis
370 3948 431 4006 (sol.
451 3946 468 3994 1.
488 3963 514 4009 p.
534 3949 569 3995 ‘30
586 3948 640 4004 ss).
676 3932 886 4010 Theologornm'
905 3939 1054 3993 auctoritas
1079 3939 1165 3992 virum
1190 3939 1279 4007 ipsum
1305 3938 1465 4009 theologum

128 4034 221 4089 musso
236 4032 360 4100 videtur,
384 4032 487 4087 utalia
506 4032 622 4101 diceret,
648 4030 702 4086 alia
720 4030 836 4086 sentiret
854 4034 909 4091 (cir.
928 4028 979 4080 iol.
999 4030 1019 4079 1.
1038 4046 1062 4093 p,
1084 4032 1126 4078 eb.
1147 4031 1204 4091 bii,
1230 4027 1282 4078 etsi
1308 4032 1416 4082 constat
1440 4034 1468 4081 et

128 4136 164 4188 pse
186 4120 323 4192 Keplerns
346 4127 478 4187 testatur,
507 4118 690 4189 professorem
715 4116 937 4173 mathematicum
961 4114 1105 4182 Tuhiugae
1129 4114 1301 4169 auditoribus
1329 4115 1386 4168 suis
1416 4114 1466 4168 Co-

128 4210 208 4265 eruici
231 4209 366 4264 rationem
392 4206 606 4261 commendasse.
645 4206 771 4260 Ceterum
790 4203 931 4271 Tubiugao
955 4208 985 4255 ut
1009 4201 1086 4270 prius
1106 4201 1287 4269 llachuaugae
1311 4206 1339 4256 et
1356 4201 1466 4255 lleidel-

128 4310 205 4366 eisne
227 4284 467 4368 diligentissimum
492 4310 601 4364 serrrper
618 4310 647 4347 se
667 4292 780 4363 gerebat
798 4296 979 4359 spectatorem
1002 4287 1073 4343 coeli
1091 4288 1265 4355 siderumque
1285 4295 1313 4343 et
1330 4304 1466 4358 quaecun-

128 4398 163 4450 que
178 4383 328 4439 mhoucmi
346 4383 376 4437 iu
394 4380 471 4436 coeio
490 4380 660 4441 detexerant,
679 4381 712 4432 iis
730 4379 850 4434 ausimum
870 4374 1037 4433 advertebat
1064 4379 1159 4433 ‹ltdidu
1174 4379 1324 4428 bisicstunus
1336 4380 1467 4439 Tuhtugae

128 4482 206 4535 Mt
223 4476 358 4541 lipitomsu
376 4474 451 4521 tertio
470 4486 581 4519 recusam
600 4486 667 4519 auno
683 4474 758 4521 loto.
777 4471 968 4519 dissertationes
990 4470 1088 4532 aliquot
1107 4469 1290 4515 mmortomieas
1308 4468 1374 4515 haud
1392 4468 1465 4530 parvi

128 4566 226 4613 maseati
237 4564 269 4611 sd
282 4562 472 4620 astronomiam,
491 4574 555 4624 quas
566 4561 660 4623 passim
673 4558 868 4608 memoravimus
881 4558 906 4603 in
920 4550 1092 4604 statuminibus
1105 4556 1271 4618 praemissis)
1307 4551 1465 4619 Discipulos

128 4654 212 4716 ntem,
236 4664 353 4719 quorum
372 4645 450 4701 multi
471 4645 557 4713 magis
576 4645 699 4697 minusve
717 4643 916 4705 inclaruerunt,
935 4641 974 4692 its
991 4639 1044 4693 sibi
1063 4639 1197 4706 devinxit,
1216 4647 1247 4694 ut
1265 4657 1319 4695 uon
1339 4640 1418 4694 modo
1437 4641 1465 4694 iu

128 4736 263 4799 asmentia
279 4734 358 4787 illum
377 4735 549 4803 susspicerent
567 4740 595 4784 et
614 4730 822 4793 admirarentur,
842 4727 890 4780 sed
908 4742 958 4797 per
970 4734 1057 4781 tritam
1069 4727 1152 4781 ritem
1170 4728 1288 4796 quodam
1303 4728 1380 4796 quasi
1394 4742 1465 4781 com·

128 4821 208 4877 nemo
231 4822 370 4892 conjuncti
394 4821 429 4875 de
454 4822 536 4875 rebus
561 4818 760 4873 anathematicis
785 4826 814 4869 et
831 4814 1022 4870 astronomicis
1047 4820 1094 4868 aut
1117 4814 1207 4883 ipsum
1226 4814 1334 4869 adirent
1352 4822 1399 4867 aare
1415 4829 1465 4883 per

130 4902 206 4965 linas
220 4909 403 4967 consulerent
440 4907 519 4978 Quod
537 4922 599 4963 cium
618 4905 653 4962 ab
671 4905 733 4962 aliis
750 4912 808 4960 tum
828 4918 844 4961 a
863 4901 984 4977 iteqtlem
1001 4901 1104 4987 minut
1126 4916 1189 4961 esse
1212 4902 1289 4959 sides
1305 4903 1333 4957 iu
1352 4901 1465 4956 volumi·
