3308 5534
464 1970 640 2030 araerrsaso
661 1936 705 2031 ed
727 1970 940 2031 aerumnosa
961 1970 1207 2043 persumere.

785 2161 888 2171 -·-

262 2280 406 2345 Ursinus
429 2291 510 2345 totus
532 2284 571 2344 ad
594 2285 677 2344 sinus
700 2302 802 2347 omnes
830 2285 931 2346 ordine
955 2282 1158 2343 distantiarum
1180 2300 1199 2343 e
1222 2283 1332 2345 rertiee
1357 2284 1387 2343 irr
1411 2284 1512 2345 Terras

153 2370 307 2449 superlicio
330 2374 565 2446 observaturum,
596 2374 638 2432 ita
666 2374 748 2433 sinas
777 2373 962 2451 parallaxees
991 2370 1182 2430 lrorirontelis
1209 2370 1248 2429 ad
1277 2372 1361 2431 sinus
1388 2376 1510 2433 omniun

156 2460 257 2521 ordino
288 2459 491 2537 parallarium.
539 2462 578 2519 At
600 2467 633 2519 ut
655 2463 736 2520 siuns
767 2469 846 2522 totns
875 2464 904 2520 iu
926 2459 1079 2537 sphaerico
1103 2455 1290 2535 parallactieo
1313 2459 1352 2518 ad
1378 2460 1510 2521 utriusvis

155 2548 329 2626 angulorum
351 2550 447 2621 sinus,
476 2552 518 2608 ita
541 2552 623 2607 sinrrs
646 2548 754 2610 baseos
783 2566 836 2609 eeu
858 2548 1017 2626 parallaxis
1038 2545 1205 2623 implicatae
1227 2546 1266 2608 ed
1288 2548 1371 2607 sinus
1393 2546 1511 2609 lateran

156 2634 347 2713 longitudinis
375 2644 404 2695 et
434 2635 607 2695 latitudinis.
654 2635 731 2713 Ergo
761 2648 794 2696 ut
823 2640 904 2695 sinus
932 2632 1122 2695 lroriaontalis
1150 2634 1338 2711 parallaxeos
1364 2636 1405 2695 ad
1433 2636 1510 2695 sinu

152 2723 343 2800 parallaxeon
359 2740 410 2800 per
431 2722 565 2799 angulos,
590 2724 675 2799 quasi
697 2741 748 2801 per
771 2723 940 2783 altitudines
956 2729 1165 2797 excerptorum,
1188 2723 1230 2781 ita
1251 2722 1333 2781 sinus
1349 2722 1510 2801 implicatas

154 2810 341 2887 parallaxeos
363 2810 401 2869 ad
424 2812 507 2870 sinus
529 2810 718 2888 parallaxeon
741 2810 933 2887 longitudinis
956 2817 984 2870 et
1007 2807 1180 2868 latitudinis.
1226 2808 1300 2868 Cum
1328 2826 1400 2885 ergo
1428 2810 1509 2871 stult

153 2897 254 2975 anguli
276 2900 335 2957 sint
357 2899 489 2974 proxima
520 2900 607 2971 recti,
635 2905 751 2976 oportet
772 2902 860 2973 igitur
889 2901 919 2955 in
949 2895 1065 2969 tabule,
1094 2898 1144 2956 ubi
1172 2896 1362 2957 horizontalis
1387 2906 1432 2957 est
1454 2896 1509 2971 oo',

151 2994 382 3063 petulcumque
406 2985 483 3045 latus
506 2986 585 3062 long.
610 2994 639 3045 et
661 2985 713 3045 lat.
738 2985 867 3046 exhiberi
892 2985 965 3045 duas
987 2983 1143 3044 distantius
1158 3002 1176 3044 a
1193 2986 1309 3058 vertice,
1334 3002 1412 3061 quae
1427 3000 1508 3061 quara

150 3075 283 3150 proximo
305 3074 416 3133 iaciunt
431 3080 482 3133 90.
522 3074 560 3131 Et
584 3090 650 3133 cum
672 3073 761 3133 ambo
784 3071 884 3150 anguli
907 3075 965 3132 sint
988 3072 1055 3149 plus
1078 3082 1167 3145 recto,
1190 3074 1211 3131 ii
1236 3074 1286 3148 qui
1310 3081 1380 3131 suut
1402 3090 1508 3149 aequ·

151 3161 194 3221 les
217 3168 296 3221 recto
319 3162 415 3220 mione
443 3168 600 3237 excerpent
630 3178 718 3237 quam
740 3177 794 3237 per
816 3168 869 3220 est.
917 3161 955 3219 Et
984 3176 1037 3236 per
1064 3159 1339 3238 aequipollentiam,
1373 3168 1405 3219 ut
1434 3162 1507 3219 siuas

150 3247 337 3326 parallaxeos
351 3248 542 3309 horizontalis
565 3248 602 3308 ad
624 3250 720 3307 sinum
736 3247 921 3326 parallaxeos
944 3264 996 3325 per
1018 3246 1172 3323 angulum,
1196 3250 1282 3325 quasi
1304 3264 1358 3325 per
1380 3246 1506 3309 altitudi-

150 3352 216 3396 nem
240 3344 403 3413 excerptae,
428 3340 469 3396 itu
492 3338 574 3395 sinus
597 3336 764 3417 implicatae
787 3336 946 3414 parallaxis
968 3335 1007 3396 ad
1030 3338 1125 3394 sinum
1148 3336 1300 3412 quaesitae
1320 3334 1505 3413 longitudinm

148 3433 178 3485 et
199 3423 373 3483 latitudinis.
427 3425 463 3483 Et
486 3431 712 3500 consequenter,
747 3431 780 3483 ut
801 3422 991 3484 horizontalis
1020 3421 1180 3500 parallaris
1211 3422 1250 3483 ad
1271 3421 1438 3499 parallaxiu
1459 3436 1504 3501 pao

149 3510 304 3587 angulum,
329 3514 414 3588 quasi
436 3528 488 3589 per
511 3511 695 3571 altitudinem
719 3520 902 3588 excerptam,
932 3514 975 3570 ita
998 3510 1147 3588 implicate
1175 3510 1334 3588 parallarls
1358 3510 1397 3569 ad
1419 3526 1504 3589 quw

149 3602 236 3658 sitam
259 3600 338 3675 long.
363 3608 392 3659 et
413 3599 609 3659 latitudinem.
649 3598 747 3673 Quare
763 3601 851 3659 etiam
879 3608 912 3657 ut
933 3600 1015 3659 sinus
1039 3606 1117 3658 totus
1140 3598 1177 3657 ad
1207 3602 1303 3659 sinum
1326 3598 1503 3675 angulorum,

149 3688 191 3747 ita
220 3687 378 3764 parallaris
408 3686 559 3764 implicata
587 3685 625 3745 ad
657 3688 822 3747 extricatus.
873 3686 914 3745 rit
944 3689 1032 3747 etiam
1061 3695 1095 3746 ut
1120 3688 1201 3747 sinus
1236 3694 1316 3748 totus
1347 3686 1386 3747 ed
1415 3688 1504 3745 siau

149 3774 305 3835 distantiae
321 3794 339 3833 a
355 3778 473 3848 vertice,
498 3778 539 3835 sic
554 3773 746 3834 horizontnlis
768 3775 806 3834 ad
822 3776 993 3834 extricatus:
1018 3789 1087 3849 ergo
1110 3776 1185 3835 ratio
1205 3774 1398 3835 horizontelis
1412 3774 1505 3851 paral-

148 3860 249 3923 laneos
273 3862 311 3921 ad
334 3863 490 3923 extricatae
514 3871 558 3922 est
581 3865 744 3939 composita
758 3881 795 3922 ex
817 3862 1004 3937 proportione
1026 3864 1108 3919 sinus
1125 3865 1215 3921 totius
1230 3862 1268 3922 ad
1284 3865 1382 3923 sinum
1397 3860 1505 3921 distau-

148 3952 207 4009 tiae
230 3968 249 4009 a
272 3951 381 4009 vertice
405 3959 434 4009 et
457 3968 492 4010 ex
514 3954 703 4028 proportione
724 3954 806 4009 sinus
830 3948 962 4025 ejusdem
985 3950 1076 4009 totius
1098 3950 1137 4007 ad
1159 3952 1254 4009 sinam
1277 3950 1391 4027 anguli.

252 4036 469 4113 llultiplicandi
493 4054 563 4111 ergo
579 4040 704 4095 inuicem
720 4040 802 4096 sinus
818 4035 975 4097 distantiae
998 4038 1139 4097 avertice
1163 4046 1193 4097 et
1214 4038 1386 4100 alterutrius
1409 4032 1504 4115 anull

148 4124 178 4181 lu
201 4140 343 4183 summam
366 4123 571 4196 horizontalis,
600 4123 697 4201 prodit
719 4126 854 4184 intricate
876 4124 1000 4199 abjectis
1026 4131 1064 4184 10
1088 4124 1188 4199 liguris
1211 4125 1332 4189 ultimis.
1379 4126 1418 4187 Et
1439 4126 1504 4204 (μὴ

147 4218 181 4269 ut
202 4209 391 4269 lroriaontalis
407 4217 458 4271 δυ’
475 4211 512 4272 ad
528 4211 705 4287 quamlibet,
729 4214 771 4272 sic
786 4214 869 4272 sinus
892 4220 972 4273 totus
995 4211 1033 4271 ad
1056 4214 1151 4271 sinum
1175 4212 1335 4275 distantiae
1357 4234 1377 4275 a
1392 4216 1502 4283 aonios

149 4313 217 4371 ergo
239 4297 452 4374 multiplicandi
483 4302 608 4360 inuicem
638 4301 721 4357 sinus
749 4300 907 4361 distantiae
931 4302 1082 4361 avertice
1111 4308 1140 4360 et
1162 4300 1332 4362 alterutrius
1355 4302 1502 4379 angullet

148 4386 240 4444 totius
262 4386 291 4442 in
315 4402 468 4461 sumtuum,
491 4385 560 4447 hinc
582 4386 707 4461 abjectis
733 4393 772 4446 10
796 4386 897 4463 figuris
921 4390 1032 4448 ultimis
1053 4396 1144 4448 restat
1166 4389 1310 4449 extricata
1332 4390 1363 4447 ln
1386 4402 1503 4469 propor-

147 4474 227 4532 tlono
249 4473 375 4546 sinuum,
399 4474 456 4534 hoc
479 4482 539 4547 est,
568 4473 733 4551 multiplica
755 4476 882 4534 invicem
905 4479 987 4535 sinus
1011 4476 1168 4536 distantiae
1191 4493 1210 4536 a
1233 4478 1344 4538 uertice
1367 4492 1397 4537 cr
1419 4476 1503 4537 altar·

146 4562 240 4619 utrius
262 4560 363 4637 anguli
386 4561 511 4637 abjectis
533 4560 635 4639 figuris
652 4568 680 4633 ti,
704 4562 879 4639 productum
901 4562 1065 4641 multiplica
1087 4565 1118 4622 iu
1140 4565 1236 4621 sinum
1256 4572 1362 4641 totum,
1385 4564 1502 4643 abjetffl

148 4648 247 4724 liguris
273 4656 306 4709 t:
331 4647 408 4707 idem
432 4656 477 4708 eet
500 4666 566 4708 cum
588 4650 687 4727 priori.

250 4736 400 4796 Debemus
424 4754 492 4811 ergo
515 4736 625 4797 habere
646 4738 743 4795 sinum
766 4735 925 4797 distantiae
949 4756 968 4797 a
990 4738 1100 4799 vertice
1122 4744 1151 4799 et
1173 4736 1311 4813 angulos.
1357 4738 1391 4801 lu
1415 4742 1501 4801 trias-

145 4820 216 4901 gulo
238 4822 320 4885 vua
342 4831 376 4885 ut
396 4822 479 4887 Vtin
500 4822 540 4887 ad
561 4824 616 4887 vt.
640 4826 789 4903 ignotum,
813 4826 856 4887 lta
879 4824 961 4889 viti
983 4828 1103 4905 ignotus
1124 4823 1163 4890 ad
1185 4824 1242 4888 vti
1265 4830 1410 4909 ignotum.
1453 4826 1501 4889 ls-
