3308 5534
782 400 860 462 1⁰09·
946 430 949 437 ·
1430 401 1497 478 787

129 583 217 639 emet
244 576 326 640 Dira
353 578 540 641 Nummonis.
587 581 649 643 lise
677 582 781 643 abnuit
811 582 977 661 Imperator
1005 582 1329 662 maguifleeutissimus,
1361 586 1497 649 eoelestis

128 667 279 728 scientiae
301 669 456 745 iamneque
478 673 616 746 perennis
639 672 811 732 aestimator
832 673 1084 748 sapientissimus,
1116 674 1187 749 quin
1213 676 1318 734 aerarii
1340 675 1498 753 praefectis

128 754 164 811 in
186 754 337 816 mandatis
360 756 456 831 daret,
479 774 538 816 uon
562 766 678 818 tantum
700 758 818 818 residua
840 775 971 819 meorum
994 758 1224 837 stipendiorum,
1248 778 1325 838 quae
1348 763 1386 822 ad
1410 769 1495 824 0000

128 850 275 904 monetae
297 852 453 923 argenteae
476 847 596 923 majoris
618 854 818 927 excreverant,
841 847 913 906 mlhi
937 848 1089 908 confestim
1114 847 1308 923 exsolverent,
1332 850 1498 911 sedetiam

128 928 195 990 aila
218 936 305 991 2000
328 930 477 1006 adderent,
503 951 578 1010 quae
602 922 682 1009 mihi,
709 935 840 994 lucrosus
863 941 941 995 artes
966 936 1109 1013 obsequio
1133 935 1175 999 Μ
1196 936 1275 997 Suae
1296 940 1497 1016 postponenti,

128 1016 244 1078 solatio
266 1020 356 1095 inque
378 1022 538 1083 recreanda
561 1022 686 1096 familia,
719 1021 864 1082 diutumls
893 1022 1007 1082 damnis
1036 1024 1162 1105 afflicta,
1192 1024 1365 1103 adjumento
1389 1033 1496 1087 errent.

128 1102 168 1165 ts
192 1122 254 1210 0οο
283 1110 380 1167 minna
410 1108 510 1186 fieret,
542 1111 726 1213 sequentium
755 1127 898 1171 annorum
928 1111 1114 1186 infelicitate,
1147 1128 1212 1172 000
1242 1128 1301 1172 000
1329 1112 1496 1182 suldeerent

128 1195 242 1253 aerarii
264 1195 405 1271 praelecti
429 1204 473 1255 tot
496 1200 586 1273 curis,
617 1207 647 1258 et
670 1197 797 1275 denique
821 1200 916 1259 vitae
913 1198 1113 1276 Imperatoris
1144 1200 1202 1260 fine
1225 1203 1346 1261 nimium
1374 1220 1497 1280 propera

128 1284 403 1360 appropinquante,
427 1284 562 1345 offertum
586 1293 639 1346 est

239 1378 504 1452 Tongnagelius
523 1386 675 1455 praemittit
694 1385 902 1442 Commentariis
919 1384 953 1440 de
972 1385 1068 1441 Martis
1087 1364 1206 1443 motibus
1224 1390 1327 1458 pauca,
1346 1388 1374 1444 in
1393 1380 1493 1459 quibua

128 1474 227 1525 mouet
243 1468 382 1536 lectorem,
401 1469 555 1529 nemorosi
568 1490 630 1529 eum
642 1474 781 1546 Kepleri,
785 1472 923 1530 aBraheo
937 1473 1124 1530 dissentientis
1142 1473 1270 1530 libertas“
1275 1491 1371 1545 ,quae
1384 1476 1496 1531 Tabulis

128 1554 322 1635 Rudolphinis
341 1575 396 1613 non
415 1559 517 1631 obstet;
538 1560 686 1631 Keplerum
704 1563 800 1618 000000
820 1561 936 1628 ,0000100
958 1561 1061 1616 Brahei
1080 1568 1107 1615 et
1126 1578 1194 1631 opus
1213 1563 1266 1616 hoc
1286 1561 1494 1632 ,prodromum“

128 1658 194 1701 ense
212 1644 379 1703 Tabularum
399 1654 426 1703 et
445 1648 666 1705 obseruationum
684 1650 896 1705 Braheanarnm.
933 1649 1058 1704 Excusat
1076 1664 1115 1716 se,
1136 1646 1209 1717 quod
1222 1664 1312 1718 pauca
1329 1648 1497 1721 praemittat,

128 1730 281 1805 impeditus
300 1735 526 1805 occupationibus
544 1737 664 1806 politicis
683 1746 711 1793 et
728 1752 913 1808 praepropera
925 1734 1038 1805 chleri
1052 1735 1184 1806 discessu,
1206 1736 1274 1802 ,hoc
1285 1736 1345 1807 ipso
1358 1742 1496 1793 momento

128 1816 345 1879 Francosnrtum
363 1823 454 1880 ituri.“
485 1824 518 1879 In
530 1825 744 1883 Introductione
756 1828 811 1889 (111.
827 1830 975 1885 lto-iol)
992 1823 1129 1894 lieplerns
1141 1824 1228 1879 multa
1240 1823 1320 1879 uffart
1332 1840 1367 1880 ex
1378 1824 1495 1881 historia

128 1909 324 1976 astronomiae,
343 1918 483 1980 comparat
502 1913 591 1967 varias
612 1913 645 1968 de
662 1913 763 1969 mundo
780 1912 963 1984 hypotheses,
982 1913 1102 1983 palmam
1121 1912 1189 1968 dans
1209 1913 1374 1983 Copernico,
1395 1920 1422 1968 et
1434 1912 1498 1968 iude

128 1994 233 2051 mansit
251 1995 286 2051 ad
305 1997 472 2063 ,doctrinam
490 1997 523 2053 de
546 1990 713 2071 gravitatm,
739 2015 810 2069 qnae
833 2000 892 2071 ipse
905 2000 1078 2070 praestiterit
1096 2001 1123 2054 000
1142 1997 1311 2057 restituenda
1334 2000 1500 2057 astronomia

128 2084 183 2141 tibi
200 2086 336 2141 conscins‘
350 2095 489 2158 recenset,
516 2104 569 2143 non
595 2087 695 2143 oblitus
719 2103 827 2158 eorum,
858 2105 927 2157 quae
952 2088 1046 2159 Tyoho
1065 2090 1093 2143 in
1118 2088 1353 2144 observationibus
1378 2086 1498 2143 siderum

128 2174 305 2247 praestiterit
341 2175 438 2231 Insunt
463 2176 527 2231 huic
546 2175 621 2246 gravi
639 2175 802 2244 praelationi
825 2174 1003 2232 fundamenta
1026 2177 1209 2232 0000000000οο
1226 2175 1423 2245 Kepleriaqae,
1447 2190 1499 2231 neo

128 2260 274 2333 qnisquam
293 2277 326 2317 ea
343 2261 415 2320 lecta
436 2262 534 2319 dubins
551 2264 603 2319 0000
622 2263 656 2318 00
676 2262 788 2333 Kepleri
805 2261 914 2332 ingenio
938 2280 1032 2320 omnes
1057 2264 1186 2333 aequales
1211 2270 1358 2334 superante
1381 2279 1498 2334 eumque

128 2346 243 2420 10000000
262 2350 385 2406 censebit
401 2351 519 2423 nomine,
538 2368 592 2421 quo
609 2351 691 2407 hodie
710 2351 874 2420 celebratus·
888 2352 1127 2409 Restitutoris
1146 2353 1401 2408 Astronomiae.

236 2436 379 2506 Epistulae
398 2438 511 2509 Keplerl
535 2440 588 2495 hoc
607 2456 680 2496 anno
698 2438 780 2495 datae
799 2438 834 2495 ad
852 2439 953 2495 amicos
971 2456 1077 2510 paucae
1096 2446 1254 2511 supersunt.
1291 2439 1424 2508 Causam,
1449 2454 1498 2494 cur

128 2523 310 2580 intermiserit
327 2525 362 2580 ab
382 2541 454 2582 anno
474 2527 543 2585 teos
561 2526 680 2596 colloqui
699 2544 762 2582 eum
779 2526 948 2582 Fabricio
967 2543 1017 2597 per
1034 2526 1136 2593 literas,
1154 2526 1182 2580 in
1201 2525 1385 2597 Ephemeride
1403 2526 1432 2581 in
1451 2540 1497 2580 an·

128 2614 288 2669 00001617
307 2613 377 2668 hanc
404 2610 882 2684 0000οΚ001000008000000000ῑί
906 2613 1131 2684 connumerati,
1163 2608 1215 2669 sed
1239 2618 1268 2669 et
1290 2610 1424 2686 fatigasti
1448 2628 1495 2670 re·

128 2704 334 2773 sponsantem,
359 2697 439 2758 Echo
464 2716 529 2757 mea
552 2714 691 2773 germana
695 2742 801 2760 .....
847 2698 962 2772 Dolor,
974 2699 1082 2771 luctus,
1106 2708 1194 2781 00000,
1219 2698 1340 2770 orbitus,
1366 2697 1445 2756 bella
1466 2707 1495 2757 et

128 2778 211 2858 lites,
243 2786 381 2861 migratio
414 2795 443 2845 et
466 2787 582 2845 miseria
613 2804 658 2846 me
689 2784 896 2889 impedierunt.
943 2785 1092 2858 Crudelis,
1124 2787 1174 2862 qui
1206 2784 1357 2844 silentium
1388 2802 1495 2858 meum,

128 2871 187 2933 sub
210 2889 270 2949 que
293 2889 349 2932 eeu
370 2871 531 2950 ligamento
556 2872 685 2976 quodam
709 2876 759 2932 vir
783 2891 871 2951 aegre
895 2874 1103 2933 coalescebaut
1126 2874 1232 2932 mentis
1256 2871 1393 2947 vulnera,
1416 2873 1495 2950 pub-

134 2954 199 3019 litis
221 2960 368 3019 machinis
391 2961 518 3020 admotis
541 2963 622 3020 nisus
647 2980 678 3021 00
702 2977 879 3037 expugnare.
918 2957 1091 3026 (lauricius
1083 2982 1109 3016 00
1127 2967 1298 3032 prognosticis
1323 2968 1375 3015 suis
1392 2964 1496 3032 publico

136 3065 247 3104 00000000
267 3054 403 3118 lieplsium
423 3056 536 3113 adierat.)
559 3083 585 3092 -
608 3053 762 3121 Supersunt
781 3050 915 3120 epistolae
939 3051 974 3106 ad
997 3051 1196 3107 Harriotum
1225 3049 1259 3105 de
1287 3051 1371 3104 rebus
1399 3050 1497 3120 opticis

139 3138 177 3199 01.
196 3142 253 3206 ts),
272 3139 307 3194 ad
327 3139 475 3194 Calvisium
494 3140 526 3194 dc
545 3155 616 3194 anno
637 3138 738 3194 Christi
763 3138 849 3193 natali
868 3144 922 3202 (lv.
942 3145 1012 3202 4010.
1048 3139 1081 3192 10
1106 3137 1193 3193 literis
1211 3139 1398 3208 llerwarti,
1425 3138 1496 3193 datis

141 3224 285 3293 00010000
303 3227 366 3279 anni
391 3226 459 3281 haee
479 3226 718 3295 deprehendimus:
747 3226 800 3282 tiit
822 3226 992 3283 0100110000
1011 3226 1177 3281 iiurlttrsten
1201 3240 1254 3281 ron
1273 3225 1345 3281 Koln
1368 3226 1496 3282 00000010

143 3311 257 3369 obarster
270 3314 511 3370 blarsoliallambts
526 3315 674 3370 Verwaltcr
686 3314 735 3368 der
747 3314 876 3369 Freiherr
887 3330 941 3370 rou
954 3315 990 3369 W
992 3315 1078 3383 enzin,
1089 3328 1170 3367 roser
1183 3312 1277 3367 Obrist
1288 3314 1495 3383 Jttgermaister.

141 3394 217 3457 oeus
243 3400 365 3475 habich
391 3401 444 3455 deu
462 3402 538 3457 llern
566 3402 706 3458 mdndlich
732 3402 786 3456 rud
806 3401 953 3456 siderumb
978 3400 1138 3455 sehrititlich
1163 3397 1385 3455 rekoumandirt.
1424 3399 1495 3455 Wan

141 3501 189 3543 teu
205 3488 256 3544 der
267 3490 340 3545 llerr
352 3489 492 3545 0001000010
509 3490 535 3544 00
555 3490 650 3544 000000
663 3491 796 3560 Obliegen
816 3490 863 3544 des
878 3490 953 3544 11000
965 3487 1132 3543 Κο00000000
1150 3487 1294 3556 gntdigste
1312 3488 1496 3543 Intercession

140 3572 288 3655 btdtriitig,
308 3579 362 3633 han
382 3577 430 3632 der
449 3579 521 3632 Herr
538 3577 668 3633 solliches
687 3577 774 3632 durch
793 3577 990 3648 petzgemelten
1008 3577 1085 3631 Hern
1103 3575 1221 3630 Wenzin
1239 3591 1274 3629 00
1292 3576 1335 3630 100
1354 3575 1497 3629 Kuritirst-

138 3658 403 3722 litheDurchlaucht
422 3667 556 3736 gelangeu
575 3666 675 3722 lussen.
692 3696 723 3705 -
736 3666 798 3722 Non
816 3665 920 3720 irritum
938 3665 1024 3720 luisse
1042 3664 1113 3719 hanc
1133 3663 1406 3732 commendationem,
1424 3659 1495 3718 liaeo

139 3746 271 3809 1000000000
288 3750 402 3824 11001000
420 3755 518 3824 rerba,
546 3755 648 3822 scripta
667 3769 726 3821 seq.
746 3769 832 3808 anno:
865 3752 1112 3822 ,archiepiscopus
1133 3751 1318 3819 coloniensis,
1336 3750 1450 3805 Elector
1468 3758 1495 3804 et

135 3826 262 3895 Bdrariua
281 3841 345 3895 Dux
364 3843 509 3911 Ernestus,
529 3842 637 3897 Vienna
653 3843 742 3897 redux
760 3842 970 3898 instrumentum
988 3841 1054 3895 mihi
1073 3840 1268 3908 commodavit,
1294 3837 1366 3906 quod
1385 3854 1402 3892 a
1422 3835 1494 3892 Gali-

134 3922 191 3981 lato
210 3926 263 3983 sibi
281 3928 395 3983 missurn
413 3929 544 3986 dicebat.“
584 3929 664 3998 Quod
683 3930 749 3985 dicit
769 3929 1024 3998 ,instrumentum“,
1049 3928 1234 3983 0000001000
1262 3927 1415 3996 opticus,
1441 3925 1494 3981 hoe

133 4012 174 4069 rol
187 4013 281 4084 priore
306 4033 378 4071 atino
401 4017 429 4071 in
447 4017 594 4073 Ilollandia
618 4019 744 4073 iuventus
769 4026 831 4073 eta
854 4018 1013 4074 Galilaeo
1039 4017 1102 4073 0000
1124 4016 1308 4072 astronomico
1334 4013 1493 4084 adoptatus,

134 4114 185 4171 qtto
201 4101 249 4156 ille
267 4100 345 4159 doris
365 4105 499 4160 satellites
518 4115 569 4162 etc.
588 4108 692 4176 primus
713 4106 864 4176 conspexit.

234 4190 266 4245 ln
284 4190 379 4246 codiee
397 4192 569 4250 Pulcoviensi
589 4194 817 4265 deprehendimus
841 4194 992 4264 longiorem
1011 4190 1146 4248 calculum
1165 4198 1288 4247 motuum
1313 4191 1494 4260 planetarum,

132 4288 184 4345 qno
201 4276 337 4348 Keplerus
359 4294 391 4333 eo
398 4298 494 4349 ,quae
512 4283 540 4338 in
559 4285 647 4338 110000
667 4284 702 4337 ad
720 4291 813 4337 toturn
833 4287 1033 4349 successerant,
1061 4279 1096 4335 od
1115 4281 1184 4334 alios
1203 4279 1328 4348 planetas
1347 4277 1496 4333 transferre

133 4354 231 4421 0000100
266 4365 374 4435 100ορ00
399 4368 471 4422 10000
487 4370 628 4423 calculum
651 4370 754 4426 010020.
774 4369 912 4436 Octobris,
939 4369 988 4424 scd
1012 4369 1121 4438 scriptis
1147 4367 1252 4436 aliquot
1276 4366 1347 4422 foliis
1365 4366 1496 4434 relinquit

134 4448 265 4522 Keplerns
284 4453 354 4508 riam
362 4455 708 4525 ,quaingressuslucrat,
729 4456 837 4514 diceris:
859 4457 999 4524 ,10000000
1013 4454 1267 4509 multumarcritat
1256 4462 1284 4508 ta
1302 4452 1414 4522 recedit,
1433 4470 1496 4509 cou-

136 4536 281 4597 tlderemus
306 4555 385 4611 erge,
409 4542 474 4610 quid
493 4551 639 4610 sequatur,
663 4559 724 4597 cuin
743 4560 903 4616 usurparem
920 4542 1141 4613 proportionem,
1166 4557 1237 4611 quae
1255 4540 1380 4596 consistit
1399 4557 1432 4594 ex
1450 4542 1495 4611 ³l„

138 4626 176 4703 ¹13,
187 4628 233 4700 ⁸),
251 4644 339 4700 usque
358 4629 393 4684 ad
412 4632 538 4700 Ter·,ram
563 4630 591 4686 h.
612 4647 635 4686 e.
660 4649 693 4686 ex
708 4633 773 4701 ml„
801 4631 912 4687 nimium
937 4630 1137 4686 descenderunt
1161 4629 1316 4700 superiores
1337 4627 1493 4698 planetae.t

138 4712 203 4779 dim
220 4720 282 4777 abit
298 4717 334 4773 ad
354 4712 543 4786 ,0000000000
547 4762 554 4792 ,
580 4720 662 4775 000010
685 4704 791 4777 ratione
812 4734 989 4793 progressus,
1014 4736 1069 4790 qua
1087 4718 1141 4774 rol.
1160 4719 1192 4773 V.
1218 4735 1244 4787 p.
1263 4717 1316 4775 288
1334 4733 1370 4774 00.
1392 4714 1495 4772 -Die

1227 4823 1282 4881 00·
