3308 5534
519 397 693 457 0011QO
710 413 744 453 ex
763 396 902 456 codicibus
919 399 1157 459 Puikotionsibua.

740 588 855 677 Caput
887 582 944 657 10.

602 723 653 780 lio
673 720 813 793 origine
832 722 1072 780 numerorum.

265 840 308 900 ils
331 842 438 916 quibus
458 840 520 915 jam
544 838 629 900 dictis
653 844 703 901 sia
725 842 811 899 uobis
834 842 977 916 aperitur,
1007 839 1044 900 de
1072 844 1183 921 origine
1206 842 1356 903 facultatis
1378 856 1521 903 numera·

160 932 241 989 tricis
262 938 292 987 et
313 944 497 987 numerorum
520 930 648 1005 ipserum
671 930 779 988 altiora
800 926 987 1005 speculandi,
1021 946 1098 1006 quae
1121 930 1290 1007 Aristoteli,
1320 938 1426 1007 utpote
1455 930 1519 991 rari

161 1018 217 1079 Dei
242 1018 354 1093 ignare,
378 1023 462 1075 orant
483 1018 644 1075 inaccessa.

265 1104 380 1163 Etenim
402 1102 623 1163 Platonicorum
654 1106 718 1179 ipsa
747 1101 924 1177 antiquitate
955 1102 1196 1164 commendabilis
1226 1112 1289 1163 erat
1318 1104 1394 1166 baec
1417 1102 1518 1181 pbilo-

159 1191 274 1269 sophia,
297 1190 375 1267 qued
399 1190 537 1257 dicerent,
562 1192 657 1251 ileum
680 1199 774 1249 tetam
797 1206 892 1249 rerum
907 1192 1136 1251 universitatem
1159 1191 1326 1252 condidisse
1349 1189 1388 1252 ad
1411 1192 1518 1265 ideam,

161 1283 190 1337 in
215 1278 272 1337 liei
295 1290 392 1337 mente
415 1277 590 1338 relucentem
613 1282 699 1355 eique
723 1284 918 1337 coaeternam.
955 1276 1042 1338 Hanc
1063 1282 1238 1339 sententiam
1261 1282 1328 1338 tuiti
1351 1290 1421 1339 sunt
1443 1282 1520 1339 intet

159 1365 341 1426 Christianos
363 1366 530 1425 scholastici
553 1366 697 1437 doctores,
721 1365 945 1424 subtilissimum
967 1382 1062 1441 genus
1082 1366 1333 1443 pbilosophorum.
1363 1366 1426 1427 llos
1440 1366 1519 1427 baua

158 1452 281 1513 eandem
303 1456 487 1517 sementiam.
511 1464 544 1511 ut
566 1470 602 1511 eo
624 1456 720 1511 minus
737 1455 944 1529 impingamus,
967 1456 1110 1530 tantisper
1131 1464 1279 1529 tueamur,
1303 1466 1336 1513 ut
1358 1465 1517 1530 statuatur,

158 1542 256 1601 ideam
279 1540 368 1607 iliam,
393 1540 430 1597 od
454 1558 541 1616 qnam
565 1541 691 1598 mundus
714 1550 759 1599 cst
783 1538 929 1612 conditus,
953 1557 1011 1599 nen
1034 1558 1099 1602 esse
1122 1541 1270 1601 dirermm
1293 1543 1364 1618 quid
1387 1542 1427 1602 ab
1450 1544 1517 1619 ipso

157 1628 233 1688 ileo.
278 1626 346 1703 Quo
367 1630 479 1703 posito,
503 1632 527 1685 si
551 1640 708 1703 quaeratur
730 1646 750 1685 a
772 1627 858 1686 nobis
882 1644 973 1687 causa
994 1645 1180 1688 numerorum
1203 1632 1232 1687 in
1254 1632 1358 1701 rebus,
1381 1646 1435 1689 cur
1456 1632 1518 1689 aci·

157 1716 227 1775 licet
249 1714 376 1775 mundus
397 1730 456 1773 non
477 1717 515 1773 sit
538 1716 633 1773 iactus
655 1715 712 1774 sibi
728 1717 785 1790 ipsi
802 1713 991 1790 undiquaque
1006 1718 1166 1789 uniformis,
1189 1725 1270 1777 totus
1285 1726 1315 1776 et
1331 1734 1417 1788 unus,
1441 1732 1516 1777 nus·

157 1820 246 1879 quotu
269 1822 288 1863 a
308 1820 341 1862 so
364 1804 428 1877 ipse
451 1801 643 1879 discrepans?
666 1799 924 1877 respondebimus,
948 1803 1045 1862 Deum
1068 1806 1173 1880 ipsum,
1197 1806 1248 1880 qui
1270 1802 1413 1863 mnndum
1434 1802 1516 1865 huuc

155 1890 194 1952 ad
217 1907 289 1950 suae
313 1888 529 1966 quodammode
553 1888 672 1949 deitatis
695 1889 791 1947 ideam
814 1888 892 1959 iecit,
916 1905 980 1948 esse
1002 1906 1060 1949 nen
1082 1908 1181 1964 unam,
1204 1890 1257 1951 sed
1279 1900 1337 1951 tres
1359 1907 1514 1969 personas,

155 1994 280 2055 cumque
302 1978 458 2037 distinctae
479 1978 538 2035 sint
560 1980 754 2054 proprietates
778 1978 807 2033 in
824 1991 883 2035 una
897 1974 1114 2052 simplicissima
1135 1978 1191 2037 Dei
1209 1982 1345 2051 essentia,
1367 1996 1422 2055 per
1436 1995 1514 2055 quaa

153 2082 280 2143 persona
303 2064 398 2123 differt
419 2082 438 2123 a
459 2080 601 2141 persona,
630 2064 758 2139 ideoque
780 2064 869 2123 etiam
893 2064 1032 2122 mundum
1056 2064 1192 2125 debuisse
1215 2066 1395 2126 diiierentias
1417 2084 1514 2143 quas·

154 2154 222 2213 dum
245 2156 408 2229 suscipere,
439 2168 492 2229 per
519 2170 594 2227 quaa
624 2154 752 2211 nrnrrcris
779 2149 878 2209 aditus
905 2152 1065 2227 patefieret.
1112 2152 1226 2212 Etenim
1250 2156 1326 2213 sicut
1347 2158 1460 2213 creatio
1483 2163 1513 2215 ei

152 2244 327 2301 sustentatio
350 2250 539 2315 temporanea
562 2241 662 2299 mundi
686 2249 730 2299 est
745 2242 851 2315 exigua
868 2238 1013 2313 quaedam
1030 2242 1127 2315 image
1142 2243 1341 2317 generationis
1361 2251 1511 2315 aeternae,

153 2347 212 2406 qrra
235 2337 318 2407 peter
339 2330 434 2403 gignit
454 2326 556 2399 illium,
580 2340 609 2387 et
631 2328 827 2405 processionis
850 2336 996 2397 aeternae,
1021 2344 1079 2402 que
1100 2330 1221 2403 spiritus
1244 2330 1282 2385 ab
1299 2340 1424 2404 utroque
1440 2346 1512 2405 pto-

153 2418 247 2477 cedit:
272 2420 314 2476 ita
336 2418 434 2481 etium,
459 2418 528 2491 quie
552 2416 634 2474 Deus
657 2432 709 2492 per
731 2416 948 2491 generationem
972 2424 1001 2471 et
1016 2418 1232 2489 processionem
1256 2418 1390 2473 trinunus
1413 2424 1512 2477 estet

152 2504 325 2575 declaratur,
349 2502 415 2561 ideo
439 2514 468 2561 et
491 2520 537 2561 res
559 2502 725 2563 mundanae
748 2518 801 2577 per
823 2504 1000 2559 creationem
1022 2513 1051 2560 et
1066 2506 1310 2562 sustentationem
1326 2518 1450 2563 necessa
1466 2512 1512 2563 est

151 2590 283 2651 diversas
306 2602 335 2649 et
358 2590 553 2649 rrrrmerabiies
581 2590 651 2647 lieri.
699 2588 913 2659 Veruntamen,
944 2590 1020 2645 sicut
1043 2588 1123 2647 ileus
1154 2588 1284 2649 infinitus
1313 2599 1344 2649 ct
1372 2598 1511 2651 astemus

149 2687 203 2751 est,
227 2690 376 2738 creaturae
400 2688 429 2735 et
451 2676 551 2737 finitae
575 2688 604 2735 et
627 2686 834 2753 temporaneae
856 2683 886 2733 et
909 2676 938 2731 in
960 2674 1042 2733 nulio
1070 2680 1299 2753 comparationis
1321 2676 1415 2753 gradu
1440 2696 1508 2737 cunr

151 2765 233 2837 Deo,
257 2768 299 2823 ita
321 2768 410 2825 etiarn
433 2766 461 2821 in
485 2764 541 2822 hoc
563 2768 710 2841 praesenti
734 2764 853 2837 negotio
876 2778 996 2820 neeesse
1019 2771 1078 2835 est,
1101 2762 1158 2822 hoo
1181 2765 1326 2823 inlinitum
1351 2763 1508 2827 discrimen

150 2870 224 2915 ease.
247 2852 326 2929 qued
344 2852 434 2923 Deus,
457 2855 592 2926 qrrameis
608 2855 699 2911 trinus
717 2854 745 2907 in
760 2852 903 2926 persenis,
927 2866 1002 2906 unus
1026 2858 1123 2910 temen
1147 2860 1192 2910 est
1215 2854 1244 2909 in
1260 2854 1399 2923 essentia,
1422 2868 1509 2913 ctea·

150 2948 233 3000 turae
258 2958 327 2999 uero
349 2956 401 3017 per
423 2942 580 2997 aeserniam
603 2950 672 2999 sunt
694 2938 830 2997 diuersae
853 2945 883 2995 et
905 2933 1100 2997 rrrrmerabiies
1125 2940 1313 3015 ipsarumque
1337 2943 1437 3000 unitas
1460 2958 1510 3001 re·

149 3038 251 3105 spectu
275 3027 393 3087 divinae
416 3028 537 3085 unitatis
565 3038 610 3085 cst
632 3044 742 3085 merum
766 3024 911 3083 accidens.
959 3022 1072 3083 ileinde
1096 3026 1236 3085 dir-initas
1264 3030 1293 3085 in
1317 3043 1510 3103 personarum

150 3118 279 3175 trinitate
301 3118 443 3173 subsistit.
468 3130 523 3173 nec
545 3114 621 3172 ultra
644 3123 832 3191 propagatur.
880 3110 919 3169 At
942 3128 997 3183 res,
1022 3113 1105 3170 initio
1129 3126 1217 3189 capte
1239 3132 1259 3173 a
1281 3132 1336 3173 sua
1359 3116 1510 3177 creatione

148 3202 187 3262 ad
208 3203 483 3273 numerabilitntem,
506 3204 536 3259 in
553 3202 697 3260 inlinitum
713 3218 779 3257 sese
801 3196 1006 3273 multiplicant.
1037 3200 1135 3258 Causa
1157 3211 1210 3271 est,
1234 3203 1304 3275 quia
1326 3202 1408 3259 solus
1425 3202 1510 3263 Deua

151 3291 296 3367 perlectus
319 3300 372 3361 est,
396 3306 441 3347 res
463 3306 565 3347 omnes
589 3292 791 3366 imperfectae:
816 3284 893 3344 unde
915 3288 944 3343 in
967 3285 1031 3344 seio
1056 3287 1107 3345 iiie
1125 3290 1285 3363 perlectam
1308 3288 1510 3364 pluralitatem

150 3394 340 3455 personarum
364 3376 518 3441 eredimus.
542 3387 572 3434 at
596 3380 625 3434 in
650 3378 738 3435 rebus
761 3382 805 3433 est
820 3374 987 3449 imperfecta
1003 3372 1167 3449 prirrraiitas.
1198 3374 1317 3433 Numeri
1335 3378 1412 3435 enim
1428 3394 1509 3435 nun-

150 3481 238 3541 quam
261 3465 414 3525 llninntnr.
438 3464 490 3522 sed
513 3482 627 3540 semper
649 3464 749 3537 superi
773 3470 913 3537 pessunt,
941 3472 971 3518 at
994 3463 1108 3519 trinitas
1132 3478 1167 3520 eo
1191 3464 1256 3537 ipso
1279 3462 1393 3525 linitur.
1424 3464 1507 3538 quod

150 3554 333 3629 principium,
357 3552 485 3610 medinm
509 3562 537 3609 et
561 3553 627 3608 linis
649 3566 771 3609 numere
795 3552 849 3606 tria
870 3556 947 3605 stent.
995 3547 1070 3605 Vide
1094 3549 1181 3606 sinist.
1200 3548 1221 3607 l.
1248 3549 1292 3607 lie
1316 3550 1407 3609 t'oeto
1431 3568 1458 3609 c.
1479 3560 1507 3613 i.

255 3640 314 3699 Sed
336 3640 443 3697 clarius
464 3638 537 3697 baec
559 3638 747 3713 piriiosopiria
769 3636 879 3693 lucebit
902 3637 930 3692 in
955 3633 1120 3707 indaganda
1137 3639 1249 3713 origine
1272 3630 1422 3696 incnit'atis
1446 3656 1506 3697 nu·

148 3730 319 3786 meretricis.
366 3727 479 3784 Etenim
510 3736 623 3783 constat
652 3726 736 3784 nobis
763 3739 821 3780 nen
850 3724 891 3779 iia
919 3724 1043 3779 tenuiter
1064 3732 1175 3779 tantum
1205 3741 1256 3799 per
1285 3724 1506 3801 philosophiam

148 3812 341 3883 Platonicam,
365 3812 417 3871 sed
440 3812 529 3870 iatius
554 3830 604 3887 per
626 3812 731 3871 Sarnus
755 3810 881 3873 Litcras,
905 3806 1051 3865 hominem
1075 3826 1139 3867 esse
1162 3810 1311 3871 conditum
1335 3810 1373 3871 ad
1395 3814 1508 3889 imagi·

149 3918 216 3961 nem
241 3902 295 3959 liei
313 3902 399 3973 chn.
421 3908 446 3963 1.
464 3896 540 3979 ⁴22).
586 3898 641 3957 llio
663 3896 823 3957 similitude
840 3896 895 3953 liei
912 3898 940 3951 in
956 3898 1048 3953 tribus
1065 3900 1164 3971 quaeri
1188 3910 1296 3973 petest,
1319 3908 1370 3957 ant
1393 3902 1422 3957 in
1438 3917 1508 3959 cor·

149 4006 229 4065 pore.
253 3997 303 4045 ant
328 3992 356 4045 in
380 3990 488 4050 anime.
511 3996 562 4043 aut
586 3988 614 4043 in
639 3986 806 4044 virtutibus.
854 3984 885 4041 in
909 3998 1029 4057 corpere
1052 3994 1097 4041 ert
1120 3985 1244 4043 obscura
1262 3986 1316 4043 lici
1341 3985 1508 4047 similitudo

148 4084 177 4133 et
200 4074 428 4147 generalissima,
454 4074 535 4131 licus
558 4092 584 4131 n.
603 4091 709 4151 corpus
731 4090 788 4130 non
812 4071 910 4129 babet.
948 4070 1050 4129 l’otins
1073 4074 1101 4127 in
1125 4088 1246 4148 corpore
1269 4084 1373 4149 regnat
1395 4078 1507 4135 simili-

147 4162 219 4221 tudo
242 4162 341 4221 mnndi
372 4162 417 4221 rel
442 4160 623 4221 animalium.
670 4162 702 4219 ln
726 4159 882 4217 virtutibus
912 4168 941 4217 et
969 4159 1054 4216 bonis
1083 4157 1234 4217 habitibus
1262 4169 1292 4220 et
1319 4162 1505 4237 perleciiene

147 4262 269 4309 naturae
301 4248 418 4325 quidem
447 4268 499 4327 per
528 4268 560 4307 se
584 4260 612 4307 et
636 4252 751 4325 proprie
781 4247 915 4305 consistit
946 4246 1019 4303 ilaec
1046 4246 1222 4309 similitudo.
1253 4248 1504 4324 ortemadmoduttt

147 4338 226 4395 iiiam
250 4340 337 4395 etiem
360 4338 490 4413 theologi
513 4336 714 4397 considerant:
737 4333 789 4391 scd
813 4351 870 4392 mm
894 4342 937 4391 eat
960 4333 1090 4403 dubium,
1114 4336 1182 4409 quin
1207 4334 1309 4394 eadem
1328 4336 1383 4395 ilai
1399 4338 1503 4397 simili·

147 4426 217 4481 tado
240 4428 368 4501 consopiri
391 4437 480 4501 queat
503 4428 592 4485 etiem
616 4428 644 4482 in
667 4420 872 4481 essentialibus
895 4421 1085 4479 facultatibus
1114 4424 1218 4483 animi.
1249 4440 1315 4481 eum
1338 4424 1431 4489 (Gen.
1457 4428 1503 4499 i.)

147 4512 234 4569 inemo
263 4526 329 4589 port
359 4514 474 4589 lapsum
502 4516 662 4573 etiamnum
686 4510 741 4569 liei
770 4512 869 4579 inraso
899 4508 1020 4565 dicatur.
1069 4506 1118 4565 Est
1147 4510 1235 4579 igitur
1264 4512 1364 4587 imago
1390 4512 1446 4571 liei
1470 4514 1498 4569 lu

145 4600 282 4659 iacrrltatc
313 4606 472 4663 nrrtriente.
504 4604 666 4661 sentiente.
704 4608 856 4655 merente.
890 4594 941 4653 scd
971 4596 1067 4653 aeilnre
1096 4596 1251 4671 ignobilior
1281 4606 1311 4656 et
1333 4602 1499 4657 eommunis

146 4690 249 4745 een-ris
279 4690 485 4747 animantibus.
534 4688 702 4757 intelligens
730 4698 828 4741 aretem
857 4682 981 4741 incultas
1010 4686 1123 4741 unirrrue
1147 4683 1263 4742 derebus
1292 4696 1423 4744 constat:
1454 4688 1501 4745 iu·

146 4776 263 4833 telieetu
280 4788 309 4833 et
326 4778 486 4835 uoluntate.
519 4774 632 4849 itaque.
655 4772 733 4848 quaid
750 4770 930 4829 reitrntatem
950 4772 1063 4829 attinet.
1087 4772 1161 4829 sicut
1185 4772 1267 4829 licus
1289 4783 1333 4831 est
1356 4770 1500 4845 scorrios-

146 4882 220 4937 oree,
251 4864 295 4919 sie
315 4863 463 4923 bemineru
486 4859 616 4924 condidit
638 4876 704 4919 cum
726 4858 866 4919 iacultute
889 4860 992 4931 animi,
1016 4874 1093 4933 quae
1115 4859 1221 4917 dieitur
1243 4862 1419 4937 principium
1443 4876 1500 4923 ro·
