3308 5534
141 421 207 491 878
656 418 721 474 Vita
737 416 854 475 tomus
871 414 993 486 Kepleri

250 600 375 661 Hiermit
397 599 432 658 Ε.
456 605 512 661 etc.
535 615 572 657 an
596 597 662 659 dem
684 596 976 660 vuliberwlntlllchcn
992 595 1103 657 Schnts
1126 594 1179 656 ‹lss
1201 596 1414 675 altroeehngso
1426 596 1500 659 ller-

144 708 212 750 rcus
235 689 286 750 der
308 687 510 760 heerscherm,
535 685 594 744 and
618 685 777 747 denralhen
800 687 911 747 hebens
933 684 1012 745 mich
1035 701 1090 744 sue
1113 684 1212 744 hohen
1234 683 1375 747 Ghnrten
1400 686 1501 747 nte·

143 774 287 839 ienstlich
310 773 526 836 einheiehlentl.

247 864 359 922 Datum
381 861 454 921 Lina
477 861 534 921 (lan
558 867 610 922 80.
635 859 746 938 Aprilis
772 866 866 922 teau.

823 980 826 985 ·
875 945 1287 1008 numentanorum
1311 947 1500 1009 vnum-

875 1035 935 1095 lich
950 1035 1131 1112 pemmonem
1146 1033 1291 1094 rretlandt
1306 1033 1498 1097 teneura

873 1120 968 1201 Kays.
993 1122 1059 1185 Mtr.
1082 1121 1235 1199 Redolphi
1266 1121 1327 1181 rud
1349 1122 1498 1199 Matthiae,

876 1210 935 1269 end
947 1211 1029 1286 jetro
1045 1210 1121 1269 noch
1137 1209 1209 1269 dero
1224 1208 1377 1271 liihliehen
1395 1211 1499 1271 uou-

873 1298 978 1358 schafft
1008 1300 1037 1355 in
1068 1294 1255 1357 Oesterreich
1285 1298 1327 1357 oh
1352 1297 1407 1359 tier
1427 1298 1498 1359 Bau

1079 1383 1315 1444 Mathematikus

1064 1471 1172 1532 Johon
1195 1470 1322 1546 Kepler.

253 1560 382 1622 Eandem
411 1559 567 1636 epistolem
597 1561 781 1618 inseruerunt
808 1559 880 1618 socii
915 1559 1046 1617 historici
1075 1559 1264 1618 Palatinatus
1294 1562 1453 1639 superioris
1471 1572 1497 1620 et

148 1650 332 1711 Batirhonae
355 1646 468 1719 libello,
491 1664 578 1722 quom
602 1662 680 1704 anno
698 1646 780 1707 ttae
806 1644 843 1706 dc
858 1645 989 1721 Keplero
1005 1645 1168 1718 ediderunt,
1192 1648 1280 1723 qnasi
1303 1646 1342 1706 sd
1366 1647 1497 1709 Senatum

150 1737 397 1798 Ratisbonenscm
422 1734 534 1807 datam,
560 1737 719 1793 omiserunt
741 1742 840 1793 autem
863 1743 1027 1806 auctorem,
1051 1736 1098 1791 cui
1122 1732 1266 1793 deberent
1288 1735 1374 1794 illam
1396 1739 1498 1814 episto-

147 1824 217 1899 lam,
241 1840 330 1900 quam
353 1822 392 1880 ob
414 1838 474 1880 rem
491 1823 648 1895 nescimus,
672 1838 742 1880 num
766 1838 836 1881 vera
859 1823 898 1879 sit
921 1822 1070 1897 inscriptio
1093 1821 1132 1879 acl
1147 1820 1386 1882 Ratishonenaes
1407 1840 1498 1885 mene.

253 1909 335 1974 lh‘ll.
359 1907 621 1969 Resolutio.enni.
667 1908 746 1967 Nata
767 1908 838 1967 mihi
860 1915 907 1967 cst
933 1906 993 1966 lilla
1018 1908 1146 1968 cordula
1168 1915 1219 1968 22.
1243 1907 1384 1969 Janusrii
1406 1910 1499 1970 naru-

147 1997 254 2059 honae.
301 1997 457 2073 Baptisata
478 1995 660 2055 Rntisbonae
683 1995 884 2067 aMintlerlin‚
908 1998 1116 2056 concionatore
1137 1995 1332 2073 reipublicae.
1370 1998 1498 2058 Paniai:

144 2083 183 2144 D.
208 2085 246 2145 D.
269 2082 390 2145 Johann
414 2082 628 2155 Obarntlorii'cr,
652 2087 724 2159 reip.
748 2091 778 2143 et
799 2085 939 2160 principia
969 2083 1115 2159 medicor,
1146 2083 1184 2142 D.
1208 2083 1342 2144 Cordnls
1364 2084 1498 2145 Gnrsliis

143 2173 210 2250 gab.
233 2170 412 2232 Randollfin.
460 2170 606 2231 Descendi
629 2170 825 2230 Ratiabonam
848 2187 873 2231 e.
897 2170 927 2230 d.
952 2177 1001 2233 20.
1024 2170 1176 2243 tannarii,
1201 2179 1231 2231 ct
1253 2187 1356 2231 sursus
1379 2176 1409 2231 in
1431 2173 1498 2233 Sae-

144 2261 224 2319 slam
257 2261 342 2317 initio
376 2257 459 2333 Maji.
506 2258 615 2316 'l’otum
649 2275 758 2317 annum
791 2260 820 2316 in
853 2275 944 2317 cauas
975 2261 1076 2317 matris
1107 2260 1232 2317 insumsi
1268 2261 1298 2316 in
1330 2256 1498 2339 imperio')

145 2346 331 2406 Francolurtl
361 2345 438 2404 edidi
470 2345 621 2421 Epitomes
655 2345 745 2404 libros
770 2345 807 2420 V,
831 2344 885 2416 Vl,
907 2344 979 2418 Vll,
1011 2354 1041 2404 et
1065 2345 1241 2423 Mystcrium
1269 2362 1338 2406 cnrn
1370 2350 1448 2407 notis
1471 2358 1497 2407 et

147 2432 326 2511 Apologiam
350 2432 539 2492 Harmoniae.
571 2432 731 2493 Novembri
755 2449 891 2492 reversus
907 2432 1049 2508 Lincium,
1073 2433 1232 2493 Deccmbri
1256 2434 1497 2497 aCsesaroPn·

145 2520 274 2582 dinanuo
298 2539 364 2579 sum
387 2520 528 2580 adscitus.

249 2610 292 2668 Ad
319 2613 524 2680 chcggcrum
553 2612 704 2667 Ratiabona
730 2611 757 2666 (l.
787 2614 829 2668 tn.
852 2610 934 2669 Febr.
963 2612 1032 2666 hoec
1060 2611 1108 2666 dat
1133 2610 1289 2682 lieplerur:
1309 2609 1496 2671 Rsrtrsosu

146 2712 283 2757 reversus
306 2694 344 2753 ed
366 2696 519 2767 familiam,
545 2713 622 2771 quae
644 2713 691 2754 rne
714 2694 769 2753 suit
790 2710 826 2754 eo
848 2712 942 2772 nsque
965 2704 1075 2768 secuta,
1100 2704 1167 2756 tuas
1183 2700 1286 2756 inveni
1302 2697 1416 2758 literas.
1449 2696 1497 2756 Par

145 2791 179 2843 tu
202 2782 320 2860 quidem
352 2784 479 2859 henigne
508 2800 620 2859 perque
651 2783 817 2842 humaniter
847 2800 893 2840 me
922 2784 1069 2842 invitabar
1093 2785 1122 2842 in
1144 2787 1310 2860 gratuitum
1337 2784 1496 2863 hospicia

145 2878 177 2932 st
199 2871 317 2930 torenna
338 2869 406 2947 pius
430 2889 518 2946 quam
542 2869 668 2930 crudelia
690 2869 826 2929 inducias
848 2886 906 2930 non
930 2873 1083 2929 concessit.

253 2968 402 3024 Consilium
421 2976 518 3038 petens
538 2969 716 3039 hennagoni,
742 2984 806 3023 num
823 2968 852 3023 in
871 2968 996 3036 Angliam
1015 2975 1152 3038 transeat,
1172 2969 1304 3026 hortante
1322 2971 1415 3043 Anglo
1430 2970 1495 3025 wor-

146 3062 225 3127 to'no,
249 3058 317 3112 hoec
340 3056 374 3111 de
393 3055 496 3110 familia
521 3072 571 3111 sna
594 3057 747 3126 subjungit:
773 3054 893 3114 Praetor
916 3053 1005 3112 filium
1031 3054 1231 3127 leudoricnm,
1260 3056 1325 3132 jum
1355 3062 1392 3116 ta
1416 3070 1495 3115 armes

144 3151 254 3214 natum,
279 3141 340 3199 lilia
362 3141 433 3199 milri
457 3143 565 3201 nubilis
590 3153 649 3215 cst,
674 3143 752 3202 filins
775 3158 812 3201 ex
835 3140 927 3200 altero
951 3142 1088 3218 conjugio
1112 3142 1261 3213 bimulus,
1285 3142 1390 3220 puella
1412 3144 1494 3201 inians

144 3238 237 3288 matre
260 3245 414 3304 puerpera.
460 3228 681 3289 Haeroditetcm
710 3238 871 3289 maternam
902 3228 1058 3287 liberorum
1085 3230 1292 3306 reliquamque
1315 3249 1414 3290 meam
1434 3232 1495 3288 salr-

145 3317 284 3375 stantiem
308 3317 507 3390 pecuniariam
540 3325 640 3376 tenent
670 3324 765 3376 statos
790 3317 951 3387 huctrieci,
981 3332 1104 3392 qnorum
1137 3318 1265 3376 concilio
1295 3319 1496 3377 ordinariam

143 3403 304 3473 dissoluto,
330 3403 408 3478 quod
433 3406 480 3479 agi
505 3402 607 3474 video,
638 3413 728 3464 restat
756 3410 789 3462 nt
811 3408 1003 3464 communitos
1033 3403 1118 3462 bonis
1143 3405 1239 3464 cedat.
1289 3405 1396 3465 Vetuit
1417 3420 1496 3483 napa

145 3490 281 3550 Bavares
305 3489 353 3549 rel
376 3490 495 3549 obolum
519 3494 634 3567 erogari
658 3494 821 3567 cuicunque
844 3489 1008 3550 debitorum
1032 3499 1061 3550 et
1084 3493 1232 3568 stipendia
1256 3496 1439 3553 haerentium
1467 3488 1495 3553 ll

144 3577 263 3654 qnidam
295 3577 413 3637 mollius
437 3596 453 3638 c
477 3596 507 3637 rc
529 3582 675 3655 praesenti
700 3583 886 3656 interpretor,
918 3581 987 3654 qula
1010 3578 1144 3637 molliora
1169 3580 1231 3638 iata
1257 3592 1348 3658 opto,
1380 3582 1495 3658 sospitat

144 3673 242 3726 tamen
274 3667 406 3738 interim,
441 3668 511 3742 quie
534 3678 632 3725 metuo
664 3677 837 3743 perpetuum
860 3668 900 3727 ic.
924 3666 993 3725 iore.
1042 3665 1125 3725 Haec
1148 3684 1189 3727 ac.
1221 3667 1284 3726 aiio
1307 3679 1356 3728 est
1378 3670 1493 3733 materis.

147 3769 235 3828 qrram
258 3754 386 3811 scrihere
410 3752 445 3812 de
469 3763 539 3831 typo
563 3755 699 3830 imaginis
723 3770 815 3813 aeneo
839 3760 868 3813 et
891 3752 1045 3812 similibus.
1093 3753 1151 3812 Sed
1176 3763 1276 3814 tamen
1301 3760 1379 3814 scire
1394 3754 1493 3813 rellan.

144 3856 182 3897 an
204 3837 296 3898 libelli
313 3838 449 3917 Prosperi
472 3841 608 3914 edantur,
632 3842 725 3900 altera
748 3845 824 3901 enim
847 3839 949 3900 charta
964 3839 1141 3914 Plenorii('?)
1164 3841 1300 3902 Senecae
1322 3845 1441 3903 minoris
1458 3850 1494 3899 est

144 3930 294 3985 momenti.

250 4012 465 4089 Gringalletus‚
489 4018 519 4073 ni
542 4015 635 4087 fallor,
659 4014 791 4074 libellum
815 4016 868 4074 tihi
886 4018 1056 4087 (Epitomcn)
1079 4012 1234 4092 &recolor
1263 4016 1347 4077 tlerlit
1369 4016 1493 4095 physicae

144 4099 289 4162 coelestis.
335 4101 472 4179 Tuhinga
494 4105 586 4179 igitur
608 4122 625 4162 e
648 4104 812 4179 professore
827 4101 965 4162 Hebraeo
989 4109 1040 4160 aut
1059 4103 1122 4178 jam
1137 4105 1290 4164 snbmlsas
1304 4116 1352 4166 est
1373 4116 1494 4181 surpr-

249 4271 275 4340 Ἴ
294 4277 322 4322 ln
341 4273 434 4323 librum
454 4279 588 4326 memorias
605 4290 703 4326 sacrum
721 4278 785 4326 hace
802 4278 905 4340 scripsit
923 4273 1063 4339 Keplerus:
1181 4272 1187 4279 '

445 4358 468 4413 0
487 4376 569 4415 corros
586 4362 735 4427 hominurn,
754 4376 771 4415 o
789 4366 923 4429 quantuor
941 4366 981 4413 eat
998 4361 1029 4412 r‘n
1045 4360 1128 4414 sehse
1147 4360 1250 4417 marre!

441 4429 579 4486 Dominos
595 4433 741 4500 recipiunt,
759 4431 825 4485 dum
842 4431 978 4498 repellunt
995 4431 1123 4484 mammo.

249 4516 377 4580 Stephano
397 4517 499 4578 Laterio,
517 4519 717 4569 hniso·hustrio
734 4522 824 4583 scripsi
841 4519 954 4568 Josnnes
972 4520 1104 4582 lieplcrur.
1125 4520 1243 4568 ordinum
1259 4520 1491 4588 assutus-prat·

144 4599 221 4719 ἷξε
236 4585 461 4708 {tithffitiffi’l
476 4591 595 4653 publicae
619 4590 770 4641 calamitatis
793 4591 888 4639 lntnltu
912 4591 1038 4653 privatum
1063 4589 1347 4644 moeroremtolcrans.
1381 4593 1491 4651 ΜΨ

250 4724 344 4776 Eodem
364 4727 456 4775 dicad
475 4731 552 4777 alium
571 4732 692 4779 amicum:

443 4810 533 4866 Haud
550 4816 634 4869 sentit
652 4810 725 4881 hene,
743 4815 793 4886 pari
810 4814 922 4871 disserit
938 4812 1018 4870 hauri
1034 4812 1109 4871 brae.

441 4880 465 4938 0
482 4897 565 4939 caros
582 4884 742 4942 minuas!
771 4884 919 4956 Oprosls'o
935 4885 1054 4943 imici
