3308 5534
148 379 234 457 tote
588 402 594 422 ·-
657 385 721 447 rra
737 384 853 449 tuuis
866 384 987 459 seara
1061 413 1067 423 ·

147 584 184 631 aa
211 564 297 625 noris
326 564 565 642 inquisitionibus
593 565 730 628 inductus
758 584 825 631 eam
850 566 915 635 sthi,
938 569 1077 645 proponit
1097 567 1329 644 quaestionem,
1359 567 1496 645 quom

147 654 275 714 numeris
298 671 317 712 a
339 653 479 731 Tychoue
503 656 644 727 inventis,
666 655 705 716 ab
728 656 793 731 ipso
815 655 966 729 surrectis,
993 654 1033 714 ad
1055 654 1246 734 probandam
1269 673 1358 715 snam
1380 654 1417 715 ds
1437 655 1497 717 hu·

147 744 247 803 monia
267 739 368 800 mnndi
392 743 560 818 opinionem
583 745 692 820 optime
714 742 808 821 possit
830 742 883 806 nti.
919 741 1025 818 Itaque
1045 760 1139 819 quum
1160 760 1179 802 a
1201 743 1414 821 complurihu
1427 746 1496 823 prb·

148 827 719 993 biiii'iiiriiiiluitibi
743 829 1497 995 iiiiiiiuiaiiitiibiffi

148 1020 208 1065 uon
229 1002 415 1063 harmonicas
442 1004 584 1080 praebent
612 1006 829 1082 proportiones,
861 1003 1019 1065 distantiae
1041 1022 1061 1064 a
1082 1003 1170 1078 Sole,
1199 1014 1307 1065 motus
1335 1004 1498 1083 quatiant

151 1092 290 1168 temporis
312 1092 417 1168 spatia,
441 1090 548 1165 quibus
571 1108 655 1153 arcus
678 1090 811 1168 ejusdem
833 1091 1041 1167 magnitudinis
1064 1094 1257 1165 ematiuntur,
1280 1110 1343 1153 non
1365 1096 1497 1153 mni

150 1186 219 1239 suut
240 1175 454 1252 magnitudine,
478 1176 530 1237 sed
554 1180 660 1254 quovis
683 1181 823 1258 temporis
845 1187 992 1241 momento
1013 1186 1166 1239 mutantur
1186 1179 1323 1256 ideoque
1346 1181 1423 1241 salii
1440 1192 1498 1243 Ι

149 1267 234 1339 usui3
256 1281 308 1326 aee
331 1270 431 1325 autem
453 1267 641 1340 quaestiones
663 1284 763 1328 omnus
778 1269 997 1346 comparatione
1011 1283 1197 1329 numerorum
1214 1267 1279 1328 huo
1292 1270 1499 1345 pertinen

86 1416 94 1431 Ν
148 1354 200 1430 qui
222 1353 305 1411 vario
327 1349 415 1410 modo
438 1353 662 1428 conjunguntur,
685 1357 805 1432 copiose
820 1354 1011 1417 illustrantur.
1040 1353 1155 1425 Restat.
1178 1361 1214 1413 ut
1229 1357 1498 1415 ncommo-

149 1439 343 1518 planetarum‚
367 1437 471 1514 quales
486 1458 504 1499 a
520 1439 589 1502 Sole
605 1441 815 1519 contemplanti
828 1460 863 1505 se
877 1441 1044 1515 ostendunt,
1067 1443 1288 1504 examinantur.
1322 1442 1394 1503 Hae
1413 1452 1498 1503 ast·

151 1528 325 1603 quaestione
347 1525 476 1602 Keplaro
501 1527 575 1587 haec
597 1528 701 1589 confici
723 1529 875 1591 videnturr
901 1534 929 1590 1.
953 1528 1020 1610 „his
1036 1541 1170 1589 mutuum
1192 1531 1497 1605 proportionibus!-

149 1631 251 1692 pressa
273 1630 338 1673 esse
359 1631 467 1689 genera
490 1624 593 1675 cantus
616 1616 715 1675 mollis
736 1624 767 1678 et
788 1613 882 1679 duri.“
929 1621 957 1677 ι.
980 1615 1082 1675 Motus
1104 1616 1303 1691 quotidianos
1325 1617 1498 1694 pisum

150 1705 180 1761 iu
202 1699 326 1777 apheliis
355 1709 385 1761 et
406 1701 554 1777 periheiiis
583 1700 800 1779 quodammodo
830 1703 955 1781 siugulis
976 1701 1140 1763 intervallis
1161 1706 1290 1764 musicis
1315 1704 1498 1781 ιηοιὴις

150 1789 277 1851 Saturno
300 1788 402 1847 tribuit
423 1793 508 1864 qnasi
532 1792 647 1850 tertiam
670 1791 819 1868 majorem,
842 1790 916 1853 duri
937 1793 1053 1851 tertiam
1076 1791 1234 1862 minorem,
1258 1790 1354 1853 Marti
1369 1795 1498 1869 quim

150 1875 258 1939 'l'errae
291 1875 491 1952 semitonium,
525 1877 633 1938 Veneri
668 1877 778 1952 diesin,
815 1879 962 1942 Mercurio
995 1885 1133 1938 octavam
1167 1895 1239 1938 eum
1274 1881 1367 1940 tertia
1396 1881 1497 1939 m'ui

151 1969 179 2029 Β.
202 1961 300 2038 Quum
322 1970 421 2024 autem
444 1963 474 2025 hi
496 1973 594 2027 motus
616 1982 675 2025 uon
698 1966 803 2027 eodem
823 1974 955 2043 ternpore
977 1965 1067 2038 nant,
1095 1982 1162 2025 oum
1188 1972 1363 2043 systemate
1391 1968 1498 2037 ιώ.

151 2050 230 2127 quod
252 2053 417 2127 quaeritur,
438 2069 541 2128 parum
564 2062 736 2129 congruunt.
781 2052 854 2115 ideo
876 2060 973 2115 motus
1000 2052 1187 2130 planetarum
1210 2056 1419 2130 proximam
1437 2057 1499 2115 U

150 2155 184 2200 se
206 2137 395 2216 comparandi
419 2145 447 2199 et
470 2138 507 2198 ad
530 2140 695 2201 intervalia·
716 2143 829 2203 musica
850 2139 991 2202 referendi
1012 2147 1091 2202 suut.
1135 2139 1194 2201 Sed
1219 2144 1378 2203 aadssims
1398 2140 1499 2211 aad&

151 2231 184 2291 ut
206 2224 281 2300 duo,
303 2227 397 2285 rarius
420 2235 452 2286 nt
485 2234 542 2288 tres
564 2228 702 2305 planetae
725 2227 828 2291 eodem
850 2214 981 2305 tempore
1003 2229 1034 2285 in
1057 2225 1178 2303 aphelio
1199 2236 1258 2289 aut
1280 2228 1427 2306 perihslis
1443 2244 1499 2289 rra·

150 2321 265 2390 tentur3
288 2319 413 2389 quatuor
436 2313 572 2391 planetae
597 2315 722 2390 seculis,
746 2318 875 2393 quinque
894 2314 1075 2393 myriadibus
1098 2313 1220 2376 demum
1249 2332 1400 2377 annoru-
1423 2319 1499 2377 iura·

151 2403 256 2478 positis
279 2417 315 2461 eo
337 2404 529 2477 perreninut3
553 2409 586 2463 ut
608 2419 678 2464 vero
701 2420 803 2465 omues
825 2421 877 2465 sex
897 2405 942 2465 sie
955 2405 1145 2474 conveniant,
1167 2401 1198 2461 id
1224 2403 1499 2483 „longini-isaari

151 2491 255 2567 spatiis
277 2490 467 2565 interceptum
491 2498 521 2550 et
542 2492 655 2564 nescio,
687 2509 724 2551 an
747 2493 865 2568 penitus
886 2488 1070 2567 impossibiie
1097 2491 1155 2562 sit,
1188 2491 1238 2550 bis
1269 2494 1441 2569 contium
1457 2506 1500 2568 μ

76 2610 80 2616 ·
152 2585 286 2639 arsetam
309 2575 524 2651 evolutionem,
554 2580 711 2654 potiusque
734 2580 907 2656 principium
935 2575 1085 2655 quoddam
1112 2579 1260 2653 temporis
1283 2578 1499 2647 demonstrata

152 2681 212 2741 quo
234 2667 329 2724 omnis
350 2664 451 2724 mnndi
473 2672 557 2725 aetas
580 2663 765 2727 deduxerit‘i.
795 2665 886 2726 Vario
908 2673 1008 2725 autem
1029 2662 1119 2723 modo
1144 2665 1288 2726 instituta
1310 2666 1371 2728 irae
1385 2674 1499 2728 noh

152 2751 334 2828 planetarum
364 2754 583 2828 comparatione
612 2751 726 2825 colligit
753 2752 838 2827 inde,
871 2753 1074 2830 „planetarum
1103 2759 1203 2812 ruotus
1235 2762 1392 2816 extruas
1419 2770 1499 2829 sept

151 2857 255 2901 omues
278 2838 316 2901 ad
340 2856 428 2898 nuum
452 2846 583 2916 systema
605 2840 738 2900 naturale
768 2857 819 2900 seu
848 2838 958 2900 scalam
981 2840 1124 2899 musicam
1152 2840 1378 2916 perfectissime
1398 2857 1499 2903 aran·

59 3006 61 3011 Ι
152 2925 287 2988 moduine
310 2943 391 2998 esse,
419 2944 527 3001 noque,
559 2928 609 3003 qui
631 2926 669 2986 ad
690 2934 822 3006 systema
844 2928 984 2988 ursionis
1014 2925 1147 3002 ejusdcm
1176 2929 1404 2990 accommodati
1424 2938 1499 2991 m

152 3031 255 3075 omues
277 3014 344 3074 illos
366 3012 432 3072 luca
460 3013 538 3071 iilius
561 3014 689 3075 naturali
717 3018 829 3076 ratione
858 3014 994 3075 divisisse
1025 3030 1077 3075 seu
1106 3017 1334 3077 sucoeesionam
1357 3019 1499 3077 maes*

151 3120 215 3164 tarn
238 3100 458 3162 intervallorum
480 3100 643 3161 naturalem
664 3102 805 3178 effecisse,
829 3102 1041 3180 deprehensum
1061 3097 1132 3160 sit“.
1180 3101 1305 3164 Deinde
1329 3111 1361 3169 t.
1384 3106 1498 3164 hicat·

151 3188 334 3268 pinnatarum
351 3198 447 3248 motus
463 3206 528 3248 curn
545 3189 704 3249 harmoniis
719 3190 914 3264 conternntur,
936 3205 1097 3264 corumque
1112 3190 1336 3266 contemplatio
1351 3192 1400 3252 his
1421 3190 1500 3251 bh

152 3279 266 3338 sarbiae
299 3284 455 3351 „apparea
490 3275 566 3339 hauc
596 3287 727 3336 mutuam
757 3279 918 3337 cessionem
947 3294 1013 3337 csse
1044 3274 1131 3336 valde
1168 3276 1319 3339 bonam‘.
1365 3279 1500 3339 roan-r

153 3370 183 3427 5.
205 3364 345 3424 adhibitis
367 3364 544 3439 'corporibus
574 3364 759 3440 regularibus
780 3374 811 3425 et
829 3364 899 3440 iege
921 3363 957 3424 ds
972 3364 1131 3423 distantiae
1155 3371 1252 3440 atque
1278 3369 1420 3427 circuitus
1439 3376 1501 3425 tn·

151 3455 232 3531 poris
254 3451 427 3522 rationibus,
452 3453 563 3511 numeri
586 3451 654 3510 inde
677 3452 800 3512 coniecti
820 3469 887 3512 cnm
908 3452 1068 3512 harmoniis
1082 3460 1310 3526 comparantur.
1351 3454 1389 3513 iit
1409 3468 1499 3529 qa·-

152 3557 241 3619 quam
263 3557 300 3598 ne
324 3538 397 3597 haee
420 3537 538 3612 quidem
561 3542 741 3614 comparatio
763 3537 852 3616 plane
875 3557 911 3601 ex
934 3547 1005 3600 voto
1028 3537 1115 3610 cedit,
1140 3546 1246 3598 umen
1270 3559 1311 3601 ea
1331 3538 1501 3618 perinth-

151 3627 229 3690 lerus
253 3625 364 3696 confici,
389 3627 497 3700 quihus
521 3628 707 3701 acquiescere
730 3628 835 3702 possit

257 3715 382 3790 „itaqua
405 3729 509 3773 maneo
533 3716 628 3788 iuquit
650 3715 679 3771 in
703 3713 806 3790 politia
828 3713 998 3774 harmonica
1021 3718 1155 3770 motuum
1179 3710 1231 3771 hic
1249 3723 1398 3791 usurpata
1410 3724 1438 3773 ct
1450 3722 1501 3771 toto

151 3804 208 3863 hoo
230 3804 327 3877 capite
350 3799 529 3860 confirmata
561 3801 759 3860 Veruntamen
781 3801 839 3861 hoe
861 3798 995 3876 exemplo
1018 3815 1081 3869 ros,
1105 3805 1263 3873 quotquot
1286 3805 1318 3860 irs
1341 3802 1431 3878 hujus
1448 3800 1502 3860 bri

149 3890 305 3951 lectionem
329 3887 463 3949 incidetis
486 3887 701 3948 mathematicis
724 3887 887 3964 disciplinis
907 3895 937 3948 et
957 3902 1090 3946 summae
1112 3883 1333 3964 philosophiae
1349 3890 1500 3966 capsiana

152 3979 267 4048 imbuti,
292 3992 393 4035 omues
416 3991 563 4051 provoco:
595 3978 675 4050 agita
697 3979 819 4048 streuui,
843 3974 890 4035 rel
913 3991 1003 4035 unam
1025 3991 1061 4032 er
1084 3970 1254 4034 harmoniis
1278 3979 1396 4053 passim
1417 3972 1501 4052 ιμΙ·

151 4066 224 4124 eatis
241 4062 410 4133 coruvellite,
434 4079 499 4121 cum
514 4063 575 4121 alia
589 4062 691 4137 aliqua
705 4069 869 4139 permutata
883 4070 913 4122 ut
935 4062 1117 4138 experimini,
1141 4077 1214 4120 num
1231 4070 1299 4123 tarsa
1315 4081 1411 4141 prope
1424 4070 1504 4123 ιιι·

151 4153 280 4210 rromiam
302 4152 448 4208 accessuri
471 4151 545 4220 ritis,
569 4148 618 4209 sci
633 4149 801 4209 contendite
815 4149 989 4220 rubonibus,
1010 4164 1080 4205 num
1103 4145 1212 4207 melius
1238 4158 1272 4209 et
1296 4151 1503 4212 cupresios!

151 4237 262 4312 aliquid
291 4236 420 4295 motibus
448 4235 625 4296 coelestibus
654 4244 803 4310 astruere,
832 4236 1055 4312 dispositionum
1085 4250 1158 4292 vero
1181 4252 1201 4293 a
1225 4254 1278 4297 use
1302 4238 1502 4299 adhibitan

150 4332 234 4400 parte
259 4323 307 4382 vel
331 4330 393 4382 toto
416 4322 565 4383 destruere
588 4325 718 4399 possitis.
764 4322 917 4400 Quidquid
938 4322 976 4383 ad
999 4322 1125 4398 gloriam
1149 4325 1337 4396 pertinuerit
1351 4324 1502 4387 Gnathist'!

150 4422 181 4470 et
196 4411 315 4468 Domini
340 4411 440 4479 nostri,
465 4409 493 4467 id
517 4427 612 4486 aeque
636 4412 721 4470 vobis
742 4429 795 4488 per
816 4428 912 4471 meum
935 4410 1014 4470 bunc
1035 4408 1144 4468 librum
1168 4408 1292 4471 licitum
1309 4422 1388 4483 uto,
1408 4414 1503 4487 acb!

149 4497 300 4557 licentiam
323 4497 394 4556 mibi
416 4498 507 4555 sumai
530 4497 568 4557 ad
591 4498 667 4559 ιιιιιο
690 4498 793 4559 horam
815 4516 919 4575 usqne,
942 4496 1075 4557 mutandi
1092 4495 1206 4570 passim
1232 4497 1301 4569 illa,
1324 4496 1504 4576 quaeriti-

150 4585 205 4642 hns
230 4583 332 4643 diebus
356 4585 494 4642 oscitanti
516 4601 587 4644 cura
610 4583 657 4644 vei
681 4589 850 4664 properanti
877 4585 981 4645 ardore
1010 4591 1204 4659 praepostere
1236 4599 1390 4666 sumpta
1415 4587 1502 4663 dm·

150 4668 278 4730 bendere
301 4672 415 4747 putui.“

256 4757 287 4814 ιιι
317 4757 480 4832 appendice
509 4757 688 4819 Harmoniae
722 4758 864 4835 adjuncta
892 4756 1039 4835 KepIerue
1069 4755 1193 4817 liuberti
1225 4758 1268 4819 dc
1303 4759 1453 4823 Fluctibu
1473 4756 1503 4815 ὁ

149 4841 348 4905 ldiuroeosmo
369 4853 401 4905 et
422 4843 627 4911 Maerooosmo
648 4846 756 4911 tibrum
777 4850 941 4911 amicorum
967 4843 1157 4922 armanda·
1177 4857 1295 4923 ronta
1317 4854 1504 4927 parsu.
