3322 5534
179 110 245 183 5ae
488 104 670 165 sammaa
687 104 827 165 naara
843 104 1235 165 namnam-sanari

177 288 381 357 Ptolemaeum,
403 290 437 341 ιιι
457 300 513 341 uon
533 288 641 341 tantun
663 286 814 341 sententias
835 292 865 343 ιι
886 300 943 340 rem
966 284 1066 355 ipsam,
1089 286 1140 341 aed
1161 286 1248 343 rerba
1268 303 1382 359 qaoque
1401 294 1509 353 aab

179 376 314 447 tenuerit3
332 388 450 447 cumque
465 372 585 441 vidum,
602 372 706 429 unllam
724 381 835 429 exstare
851 374 1019 429 commodam
1036 373 1187 447 ιὶςψγῃ,
1204 376 1259 433 etsi
1273 376 1305 433 ia
1320 378 1447 449 ΕΜ
1459 382 1509 439 d

179 472 331 535 occupatus
348 470 432 532 esset,
449 468 542 519 tamen
559 478 616 520 non
633 464 722 533 piguit
738 478 800 519 eum
817 464 886 519 baec
897 478 1006 533 quoqne
1019 464 1172 521 rudimenta
1182 464 1218 521 de
1229 464 1508 537 planetam-atta

179 552 352 609 conscribere
369 550 404 606 ad
423 550 607 620 promovenda
632 549 723 606 studia
746 552 940 620 astronomica,
966 568 999 607 ac
1022 550 1109 607 edidit
1132 552 1185 608 boc
1208 554 1400 625 compendium
1420 558 1507 613 binas
1541 544 1545 549 ’

179 649 244 699 ante
262 656 343 695 suum
361 639 471 694 obitum.
510 637 706 707 Complectitnr
729 640 892 711 praecipuos
916 640 991 695 locos
1009 648 1038 695 et
1060 656 1180 697 summas
1205 642 1434 713 disputationum,
1454 660 1506 715 qu

177 735 243 785 sant
266 726 340 798 apud
364 726 550 781 Ptolemaeum
569 726 604 781 de
627 727 745 783 motibus
770 728 918 795 stellarum,
941 744 1040 797 magno
1067 728 1170 798 judicio
1195 744 1228 783 ae
1252 730 1401 801 prudentor
1420 732 1505 789 eleth
1554 730 1558 751 '

180 817 270 873 Docet
287 815 332 870 hio
350 813 469 881 libellus,
488 813 563 882 quod
581 816 638 869 sint
654 823 711 869 tres
729 814 860 883 partiales
878 815 957 869 orbes
975 815 1107 885 sphaerae
1120 818 1201 887 Solis,
1219 836 1337 887 quorum
1356 820 1454 877 medina
1468 822 1506 877 eti
1546 824 1558 853 a

178 910 234 959 stat
252 902 421 957 eccentricus
445 908 473 953 et
490 918 590 969 corpus
609 901 681 957 Solis
705 902 896 957 circumvehat
931 904 998 957 item
1016 902 1089 971 qnod
1107 904 1134 959 in
1160 904 1213 959 hoc
1238 906 1306 961 orbe
1326 908 1505 965 moreaturiol
1554 894 1558 927 ³

178 991 338 1061 aequaliter,
356 992 385 1045 in
402 990 515 1045 zodiaco
527 999 619 1046 autem
637 989 823 1059 inaequaliter,
842 998 869 1045 et
887 1005 947 1045 esse
966 992 1047 1059 bajus
1066 994 1209 1047 eccentrici
1225 996 1301 1049 orbis
1320 994 1429 1065 aliquod
1444 1012 1505 1067 puae
1555 980 1558 990 ¹

178 1088 237 1137 tum
254 1078 477 1147 remotissimum,
504 1078 617 1147 aliquod
641 1078 792 1147 proximam
810 1078 914 1147 Terris,
938 1078 965 1133 in
988 1080 1088 1148 quibus
1111 1078 1187 1133 nulla
1209 1082 1319 1137 eveniat
1337 1084 1505 1151 aequatiaaea

178 1166 324 1221 discrimen
342 1166 398 1221 reri
417 1180 449 1222 ac
468 1166 549 1221 medii
567 1177 657 1221 motus
676 1164 762 1233 Solis,
785 1183 845 1221 enm
862 1167 891 1220 in
908 1168 1006 1221 ceteris
1024 1167 1091 1223 locis
1108 1171 1254 1226 eecentrici
1271 1173 1383 1227 omuino
1400 1174 1435 1227 ait
1450 1182 1506 1229 ιιι

180 1258 245 1313 daut
262 1256 436 1325 aequatione.
473 1256 628 1311 Constituto
645 1256 799 1311 eccentrico
817 1254 882 1309 orbe
905 1262 1001 1323 postea
1019 1256 1149 1326 physicae
1166 1260 1287 1313 rationes
1305 1268 1420 1327 cogunt,
1441 1258 1505 1313 eitra

181 1352 328 1401 annectere
346 1343 414 1399 duos
433 1344 501 1399 alios
520 1344 609 1412 orbes,
627 1346 741 1400 alterum
759 1360 855 1414 supra,
873 1344 987 1399 alterurn
1006 1344 1092 1414 inira,
1110 1345 1263 1414 inaequalis
1281 1346 1467 1415 spissitudinis,
1478 1346 1506 1399 ait

95 1450 101 1461 ¹
179 1440 211 1488 ιιι
228 1432 321 1487 totalis
340 1433 456 1502 sphaera
475 1432 577 1487 mundo
596 1434 644 1488 fiat
662 1434 842 1491 concentrica.
860 1448 894 1486 ne
911 1440 959 1487 aut
977 1447 1088 1487 necesse
1105 1432 1140 1487 sit
1153 1448 1256 1501 ponere
1272 1450 1398 1500 saeuum,
1413 1442 1506 1489 autem

178 1538 247 1593 pora
265 1520 393 1576 coelestin
412 1520 527 1575 invicem
544 1522 641 1577 scindi.
673 1522 749 1576 Haec
767 1521 801 1575 de
819 1519 973 1591 pluralitate
991 1520 1095 1576 orbium
1114 1520 1194 1575 facile
1211 1520 1426 1577 accommodabit
1445 1520 1506 1577 et'aa

180 1608 320 1663 studiosus
338 1606 372 1660 ad
391 1607 512 1675 reliquos
530 1608 664 1676 planetas.
700 1609 805 1664 Auctor
822 1610 908 1676 prima
930 1614 1010 1678 parte
1031 1606 1117 1661 libelli
1140 1606 1235 1663 ordina
1257 1608 1343 1663 tradit
1364 1606 1506 1679 singulorua

178 1696 351 1766 planetarum
364 1704 454 1750 motus
466 1695 629 1766 periodicos‚
647 1696 694 1765 qui
706 1695 774 1750 fiunt
787 1696 935 1752 secundnm
946 1694 1141 1765 longitudinem
1153 1696 1238 1751 totius
1251 1695 1364 1751 zodiaci.
1394 1698 1426 1753 ln
1435 1702 1507 1765 potit-

177 1783 243 1839 riori
267 1788 357 1837 autem
380 1790 459 1852 parte
483 1785 600 1851 primum
623 1784 703 1839 docet
727 1783 802 1838 varia
819 1804 978 1851 φαιιιμινα,
1006 1798 1077 1852 qnae
1094 1792 1207 1854 propter
1224 1782 1394 1853 hypotheses
1409 1788 1507 1837 notua

178 1868 375 1939 periodicorum
394 1878 422 1923 ct
440 1870 558 1939 orbium,
577 1879 607 1926 nt
626 1871 819 1941 epicyclorum,
845 1886 875 1925 se
893 1872 992 1925 nostris
1011 1871 1095 1926 oculis
1113 1870 1167 1925 alia
1183 1870 1237 1925 alio
1260 1880 1387 1941 tempore
1403 1870 1507 1925 olleruat.

178 1958 231 2013 llic
248 1956 368 2025 pertexit
385 1955 576 2012 elementarem
599 1958 749 2013 doctrinam
768 1957 802 2011 de
819 1958 977 2028 eclipsibus,
1001 1957 1099 2013 deinde
1115 1958 1185 2013 texit
1199 1958 1343 2013 historiam
1361 1959 1395 2014 de
1410 1954 1507 2011 moabia

178 2044 352 2115 planetarum
370 2042 398 2097 in
415 2044 596 2101 latitudinem.
627 2047 670 2101 ad
688 2054 838 2103 extremam
856 2052 1005 2116 pertractat
1023 2044 1112 2100 octavi
1130 2045 1203 2099 orbis
1221 2045 1317 2102 ambos
1334 2050 1423 2099 motus
1438 2038 1508 2109 aiunl.

178 2130 278 2200 quihus
299 2130 426 2186 videlicet
450 2132 538 2186 cietur
561 2133 634 2188 etin
653 2132 849 2201 longitudinem
874 2142 902 2187 et
926 2133 1121 2189 latitudinem.
1155 2132 1327 2188 Reinholdus
1345 2130 1446 2188 addidit
1458 2130 1508 2185 Par·

177 2218 268 2273 bachii
279 2218 369 2273 textui
381 2218 579 2289 annotationes,
597 2219 696 2289 quibus
712 2220 801 2276 lucem
814 2221 929 2277 affundit
941 2222 982 2285 iis,
999 2235 1069 2289 quae
1082 2220 1241 2275 obscuriora
1258 2221 1307 2277 ille
1324 2218 1439 2289 reliquit,
1453 2214 1509 2273 uta

175 2306 287 2376 iactum,
303 2315 335 2363 ut
345 2306 475 2363 theoricis
494 2308 639 2362 Pnrbachii
652 2309 804 2364 Reinholdo
821 2310 1016 2378 interpretante
1032 2324 1082 2377 per
1098 2316 1186 2363 totum
1203 2310 1262 2365 iere
1280 2308 1402 2365 seculum
1419 2308 1510 2377 quiera-
1555 2308 1558 2383 ξ

178 2412 231 2466 qne
255 2396 291 2451 ad
309 2398 501 2451 astronomiam
519 2396 712 2454 incumbebant
748 2400 849 2468 optimo
873 2398 974 2452 auxilio
996 2403 1150 2463 uterentur,
1174 2394 1309 2464 illumque
1334 2397 1413 2467 quasi
1428 2394 1518 2477 loeta!¹
1552 2394 1558 2467 ξ

177 2483 338 2554 repetierint
355 2482 474 2552 plurimi,
492 2485 540 2553 qui
558 2484 606 2539 illa
623 2491 714 2539 aetate
731 2485 808 2541 libris
829 2486 908 2541 editis
926 2485 1117 2541 astronomiam
1134 2482 1286 2540 docendam
1298 2488 1510 2554 susceperunt-
1553 2482 1558 2566 1ἲ

176 2572 220 2627 Ex
238 2586 338 2641 magna
354 2587 419 2625 vero
437 2574 643 2627 annotationum
661 2590 677 2626 a
691 2572 842 2628 Rcinboldo
861 2572 1011 2628 additarum
1030 2571 1182 2641 frequentia
1193 2572 1299 2627 referre
1309 2572 1397 2627 ιὶιιιιιι
1408 2574 1448 2625 att
1457 2580 1510 2627 ιιι.
1555 2568 1558 2623 i

177 2675 232 2729 qua
249 2659 321 2715 forto
338 2658 475 2729 Keplcrus
494 2659 529 2715 ad
548 2660 682 2729 ellipticos
706 2659 876 2730 planetarum
901 2662 980 2716 orbes
998 2662 1145 2729 perductus
1164 2668 1216 2716 est.
1245 2660 1288 2715 De
1306 2660 1423 2715 motibus
1435 2656 1510 2712 tna

177 2764 261 2816 agens
279 2748 349 2803 baec
367 2748 434 2805 dicit
451 2750 635 2805 Rcinholdus:
657 2748 721 2805 „En
737 2766 772 2804 ea
785 2752 973 2819 proportiove.
991 2764 1074 2819 qaam
1090 2747 1193 2805 habeat
1210 2750 1333 2819 duplices
1345 2746 1512 2805 orbam

178 2837 217 2892 ad
233 2842 338 2893 atatam
356 2836 445 2905 Solis,
472 2838 645 2905 manifestam
663 2843 716 2901 est,
743 2843 865 2891 cestram
882 2838 994 2908 epicycli
1011 2838 1109 2891 Iaeaae
1126 2837 1278 2892 describere
1294 2838 1414 2909 fiparuaa
1429 2830 1513 2889 otti·

177 2924 294 2993 mapalis
311 2925 449 2979 mensibus
462 2924 621 2994 periodicis.
656 2925 733 2979 Nam
746 2930 864 2995 propter
884 2932 985 2981 arolam
1004 2926 1183 2993 deferentium
1200 2942 1299 2995 nupera
1316 2922 1453 2980 mesmes·
1466 2934 1511 2975 cta·

178 3018 253 3066 tram
270 3012 383 3083 epicyeii
405 3014 521 3084 singulis
538 3012 778 3081 conjunctionibus
800 3018 826 3069 et
844 3014 1062 3083 oppositionibus
1083 3012 1155 3066 redit
1178 3013 1218 3067 ari
1240 3028 1369 3084 opopeaa
1385 3006 1512 3068 matra
1548 3063 1558 3099 1

177 3100 250 3153 sicat
266 3100 298 3153 ia
313 3100 430 3170 geminis
441 3100 622 3169 quadraturis
633 3101 671 3155 ad
685 3102 836 3171 peripaeoa
853 3100 969 3168 ejusdem
982 3102 1129 3155 ecceatrici
1159 3100 1402 3155 Hiacaectssnrio
1417 3094 1514 3167 efficii!
1553 3122 1558 3163 ι,

93 3197 101 3215 ’-
176 3188 268 3258 lipara
285 3189 384 3255 malm,
410 3189 497 3243 idest
515 3190 765 3258 talissaperficies,
788 3190 877 3258 qualis
894 3193 933 3243 est
944 3186 1144 3257 propemodum
1162 3188 1208 3253 oei
1220 3202 1275 3258 per
1293 3186 1411 3242 median
1426 3178 1514 3239 M
1551 3178 1558 3301 1’

177 3275 326 3331 secandam
343 3278 494 3348 longiorem
509 3284 624 3346 partem.
658 3276 777 3330 Similem
796 3275 922 3331 describit
940 3276 1055 3344 liguram
1067 3274 1227 3341 Mercurius,
1246 3284 1371 3329 ceterum
1382 3268 1512 3329 intumas
1555 3304 1558 3327 t

177 3368 207 3414 et
225 3360 298 3415 illam
316 3361 370 3416 hoc
388 3363 514 3431 interest,
543 3363 631 3431 ,quod
649 3364 676 3416 in
695 3365 774 3417 Luna
791 3362 872 3418 medii
889 3370 978 3415 motus
998 3360 1069 3416 Solis
1088 3360 1161 3415 linea
1182 3376 1237 3417 non
1263 3368 1307 3417 est
1323 3362 1472 3431 immobilia,
1488 3364 1513 3411 tl
1534 3360 1558 3395 ·'

144 3448 147 3456 '
177 3464 233 3505 aux
251 3451 393 3520 aequantis
412 3451 553 3519 Mercurii,
572 3451 620 3506 sed
639 3453 740 3507 mensis
758 3453 847 3520 spatio
865 3450 1037 3520 progreditur
1054 3466 1103 3518 per
1120 3450 1256 3521 integrum
1281 3451 1339 3507 iere
1358 3452 1464 3521 signnm,
1476 3460 1512 3501 aa·

178 3554 249 3593 nnus
262 3549 352 3592 autem
366 3546 455 3593 motus
468 3540 589 3609 perigaci
602 3542 743 3609 sequentis
755 3538 884 3595 blercurii
896 3553 950 3594 non
962 3545 1054 3606 potest
1066 3553 1149 3592 sensu
1160 3538 1303 3607 pericipi.“
1323 3538 1402 3607 Quae
1413 3530 1510 3607 qnatarb

177 3626 267 3680 aliena
284 3627 340 3680 sint
358 3642 375 3680 a
394 3632 482 3679 mente
502 3626 627 3695 Kepleri,
652 3627 699 3695 qai
717 3626 813 3681 hiantis
836 3632 937 3680 motum
961 3626 1145 3681 eccentricnm
1171 3626 1320 3683 conciliare
1343 3620 1510 3683 anneta*

179 3714 380 3770 servationibus
399 3715 578 3785 Tychonicis,
602 3730 672 3784 qnae
690 3714 751 3768 aliis
771 3712 837 3767 locis
855 3714 971 3767 blsrtem
989 3729 1006 3766 a
1023 3721 1113 3768 motus
1132 3714 1174 3767 sui
1193 3720 1291 3769 centro
1309 3714 1447 3783 elongare,
1464 3704 1510 3763 ab·

177 3804 217 3858 ilii
230 3805 451 3876 appropinquare
469 3804 638 3873 videbantur,
656 3802 740 3858 nihilo
753 3802 842 3857 miuus
855 3808 944 3855 tamen
957 3799 1104 3856 Rcinboldi
1122 3800 1261 3857 sententia
1280 3801 1385 3857 emintm
1402 3792 1509 3857 aad

178 3891 326 3962 hypothesi
343 3891 533 3961 Keplcrianae,
553 3892 629 3945 initio
646 3890 865 3946 lucubrationum
882 3903 992 3944 suorum
1012 3894 1175 3957 conceptae,
1198 3887 1290 3957 qualis
1307 3904 1343 3943 er
1362 3876 1507 3959 epistolitd

177 3978 332 4033 Fabricium
351 3979 421 4034 datis
440 3978 499 4043 (ill.
518 3982 563 4045 77)
581 3978 678 4047 elucet,
697 3979 761 4033 dum
780 3977 898 4046 scripsit,
916 3976 1009 4031 orbem
1021 3976 1119 4030 Martis
1138 3976 1218 4044 quasi
1230 3978 1338 4033 οιιιιιιιιι
1351 3970 1506 4045 mindi·

178 4065 229 4120 sibi
247 4066 366 4135 prodire.

281 4155 362 4208 anno
383 4154 457 4211 ιιιι.
476 4153 663 4223 wittehergse
681 4153 782 4224 prona
798 4154 953 4210 Ptolemae·
969 4152 1179 4211 mammae
1196 4158 1412 4215 ammaim
1424 4142 1503 4213 art

175 4258 273 4314 praece
289 4248 316 4298 et
333 4244 419 4298 latiae
435 4243 532 4298 editas.
568 4242 689 4297 additae
706 4243 903 4312 ecpiimtioaes
920 4242 1026 4311 aliquot
1043 4242 1166 4298 locorum
1183 4245 1220 4300 ab
1238 4243 1278 4299 E.
1290 4244 1427 4303 ΒιιιιΙιιιι
1446 4236 1515 4295 laat'·
1553 4254 1558 4279 ··

178 4329 247 4384 15⁵0
263 4327 377 4382 ibidem:
404 4330 527 4385 Joaaais
551 4330 584 4383 de
602 4328 690 4384 Sacro
708 4330 799 4384 Basta
822 4344 891 4399 opas
913 4329 947 4383 dc
971 4328 1109 4398 Sphaera,
1135 4337 1252 4387 cassate
1280 4332 1443 4397 Βιίιιιοιιιι,
1460 4336 1505 4385 a!

174 4416 353 4485 praefatione
365 4416 609 4473 Melanchthoa
619 4419 655 4483 is,
674 4416 779 4473 additis
793 4416 943 4472 Beiaboidi
959 4422 992 4469 ιο
1003 4414 1178 4489 thematibus,
1196 4436 1270 4490 qaae
1281 4414 1506 4479 eoaamtutte
1555 4432 1558 4467 τ

177 4502 268 4559 dicata
284 4504 478 4559 tractationem
504 4504 537 4558 cie
554 4504 697 4559 horizonte
713 4505 849 4560 ιιιιοιιιιι·
866 4505 1044 4572 domabili,
1068 4505 1153 4575 daque
1177 4508 1334 4565 motatione
1349 4501 1507 4567 bamb

177 4594 204 4646 ιι
220 4591 449 4659 maranorum,
471 4591 569 4663 quasa
593 4590 704 4665 saccea
727 4598 793 4651 aa
811 4593 935 4663 pacata
959 4592 993 4650 a
1014 4594 1129 4651 asam.
1170 4593 1252 4651 amo
1279 4595 1356 4653 ιιιι.
1380 4578 1529 4661 tamma.
