3308 5534
705 390 727 446 1.
744 388 950 447 Mathematica.
1440 390 1502 461 169

147 574 228 635 lendi
253 572 303 634 rei
324 570 460 646 nolendi,
483 568 559 648 quae
581 588 648 631 oum
670 572 709 631 sit
731 569 913 643 essentialis,
942 586 1001 630 non
1024 570 1101 647 perit
1122 572 1150 627 in
1173 568 1259 645 lapso
1282 566 1418 649 bomine,
1447 571 1503 629 etei

144 662 272 723 liberum
287 661 448 733 arbitrium,
463 658 650 720 materialiter
664 658 888 732 consideratum,
903 674 944 717 sc.
959 658 1083 718 liberum
1099 655 1294 734 acquirendae
1311 656 1504 717 beatitudinis

146 766 181 810 ex
202 751 319 827 propiis
342 748 453 807 viribus
475 747 635 821 arbitrium,
658 755 769 823 pemat.
815 743 902 820 Quod
925 744 963 805 ad
985 744 1165 805 intellectum
1187 746 1301 818 attinet,
1324 747 1401 805 sieut
1422 744 1504 804 Deus

147 844 190 897 eat
212 854 316 911 mena,
344 852 422 911 quae
444 852 476 894 se
498 835 592 912 ipsam
615 834 755 910 inteiligit
776 834 986 910 perfectissimo
1009 841 1038 892 et
1061 831 1211 892 essentiali
1235 840 1319 905 notu,
1343 835 1386 893 ita
1407 830 1505 891 bomi-

145 940 212 984 aem
236 921 373 985 condidit
394 924 424 981 in
447 923 574 981 animam
596 920 827 998 intelligentem,
856 920 908 981 sed
937 920 1022 996 cujas
1049 919 1210 980 intellectio
1233 918 1369 980 accidens
1390 927 1504 979 tantum

148 1020 191 1071 est
213 1020 245 1073 et
274 1011 381 1071 abesse
408 1016 518 1086 potest,
549 1017 582 1069 nt
611 1012 641 1066 in
663 1008 833 1068 infantibus
878 1008 916 1066 Et
942 1011 1019 1067 sieut
1043 1008 1123 1067 Deua
1153 1013 1199 1067 eat
1227 1007 1391 1067 essentialis
1419 1008 1504 1080 ratio,

146 1098 223 1159 ande
245 1097 338 1171 illine,
361 1104 482 1156 natan
504 1104 599 1172 patre,
622 1104 763 1171 tanquam
787 1096 826 1153 ab
848 1104 968 1155 aeterne
989 1104 1100 1168 mente,
1124 1095 1181 1155 Dei
1205 1097 1287 1174 λογος
1309 1094 1430 1167 dieitur,
1462 1096 1505 1153 ita

149 1189 236 1248 ruam
266 1192 387 1245 nostrae
417 1186 508 1243 menti
535 1182 675 1259 adjuncta
696 1180 820 1241 tacultas
842 1185 918 1241 ratio
941 1182 1059 1256 dicitur,
1091 1199 1150 1259 qua
1177 1198 1333 1260 possuntne
1355 1198 1446 1241 unum
1468 1199 1504 1241 es

150 1274 207 1333 alio
229 1272 412 1333 ratiocinari.
450 1270 488 1329 Et
508 1272 585 1330 sicut
606 1269 659 1330 illa
680 1278 800 1329 aeterna
822 1286 904 1328 mons
927 1271 1077 1345 corporale
1101 1270 1188 1347 qnid,
1213 1273 1298 1349 loyor
1319 1278 1505 1329 coaeternum

150 1363 241 1438 gignit
265 1366 295 1419 el
319 1375 502 1418 communem
516 1358 649 1434 spiritum
664 1359 765 1434 spirat,
789 1363 833 1415 eat
856 1364 885 1415 et
900 1357 1025 1416 creditur
1048 1360 1124 1416 trina
1146 1360 1176 1415 in
1191 1357 1334 1434 personis,
1358 1357 1400 1416 ita
1415 1358 1504 1416 etiam

152 1450 179 1506 in
200 1447 323 1507 bomine
345 1444 472 1505 incultas
494 1444 675 1521 intelligendi
698 1452 728 1504 et
749 1442 938 1516 numerandi,
961 1462 1084 1521 quorum
1108 1444 1179 1503 illud
1202 1444 1262 1517 dlii,
1286 1443 1342 1503 boo
1366 1444 1503 1504 trinitatis

150 1535 232 1595 reiert
256 1536 425 1611 imaginem,
447 1534 491 1591 aie
509 1532 613 1609 juncta
634 1538 712 1605 sunt,
735 1540 767 1589 ut
790 1548 880 1590 unum
902 1532 1023 1590 alterius
1046 1548 1137 1592 causa
1159 1534 1206 1605 ait,
1229 1539 1263 1590 ut
1284 1533 1359 1590 elcut
1381 1548 1400 1591 a
1424 1532 1500 1604 Deo,

151 1624 198 1698 qni
218 1638 307 1681 mena
330 1629 361 1680 et
381 1620 458 1679 ratio
481 1618 645 1680 maentialis
668 1626 721 1691 eat,
744 1620 858 1678 trinitas
881 1635 1070 1695 personarum
1091 1620 1220 1695 separari
1243 1635 1302 1678 non
1324 1627 1438 1695 potest,
1460 1622 1505 1679 eie

151 1712 178 1767 in
197 1708 329 1769 bominis
351 1707 451 1767 animo
474 1706 641 1780 intellectio,
664 1708 849 1765 ratiocinatio
865 1715 894 1765 et
910 1708 1071 1766 numeratio
1095 1707 1280 1766 cohaereant.
1319 1705 1423 1765 (imnis
1444 1708 1504 1766 ita-

153 1814 207 1873 que
229 1811 418 1857 numerorum
441 1796 524 1870 origo
544 1813 564 1854 a
582 1794 648 1854 Deo
670 1802 717 1853 est
737 1810 791 1870 per
811 1796 1005 1870 creationem3
1028 1795 1155 1852 unitates
1177 1794 1295 1870 quidem
1317 1808 1411 1853 rernm
1434 1802 1503 1853 aunt

150 1900 200 1961 per
219 1885 402 1947 creationem
424 1898 529 1957 rerum,
550 1880 604 1941 aed
625 1881 751 1941 facultas
772 1880 943 1941 numerandi
965 1898 1018 1958 per
1039 1881 1215 1942 creationem
1236 1882 1343 1940 mentis
1366 1880 1404 1940 ad
1420 1881 1504 1940 triul·

151 1972 218 2031 tatia
239 1971 411 2048 imaginem

728 2150 844 2239 Caput
875 2146 930 2220 11.

481 2285 532 2342 De
552 2284 827 2355 Proprietatibus
849 2285 948 2343 Ratis
970 2284 1007 2341 in
1029 2285 1170 2344 Genera.

256 2412 286 2467 1.
308 2402 402 2465 Nulla
422 2404 602 2481 magnitudo,
627 2402 725 2463 nullus
746 2421 884 2465 numerus
906 2405 965 2466 alio
989 2404 1035 2465 rel
1058 2409 1153 2482 magle
1176 2404 1223 2466 rel
1246 2405 1342 2465 minus
1365 2422 1502 2466 numerus

155 2502 200 2553 ant
220 2490 398 2568 magnitudo
421 2499 477 2553 eet
512 2491 561 2568 (ln
584 2490 773 2572 Categoriia.)

255 2586 285 2639 2.
308 2578 401 2639 Nulla
422 2581 452 2637 in
476 2581 690 2655 quantitatibus
712 2588 758 2639 cst
780 2580 979 2639 contrarietas.
1018 2579 1065 2657 (In
1088 2576 1203 2658 Oateg.)

256 2674 287 2727 a.
311 2664 533 2741 Quantitatibus
555 2669 682 2726 maxime
696 2669 844 2744 proprium
860 2674 914 2739 est,
936 2667 1096 2727 relationes
1111 2671 1297 2741 constituere,
1321 2675 1351 2727 et
1371 2667 1506 2744 aequale,

157 2753 310 2831 inseqmle
333 2763 389 2814 eto
413 2754 480 2813 dici.
524 2753 599 2814 Nam
623 2752 695 2811 nibil
718 2756 873 2825 invenitur,
899 2754 977 2831 quod
1000 2754 1139 2831 aequale,
1162 2754 1319 2831 inaequale
1342 2754 1455 2815 dicetur
1477 2764 1508 2813 et

156 2845 271 2901 nonsit
293 2842 442 2918 particeps
464 2843 645 2916 quantitatis.
676 2840 722 2921 (ln
747 2841 864 2918 (integ.)
908 2842 1068 2918 Inaequele
1083 2851 1190 2915 autem,
1214 2845 1243 2901 in
1266 2844 1405 2902 continua
1420 2859 1508 2918 prae·

157 2931 233 3005 tipus
258 2930 437 3005 quantitate,
461 2936 512 2987 aut
535 2946 666 3004 parvum,
692 2935 744 2989 aut
766 2945 913 3004 magnum,
935 2930 1031 3005 maius
1055 2928 1103 2990 vel
1125 2931 1221 2989 minus
1244 2928 1356 2990 dieitur.
1402 2930 1439 2989 Iit
1461 2937 1507 2990 eat

156 3015 286 3093 aequale,
309 3014 391 3091 quod
413 3032 509 3091 neque
530 3033 669 3091 magnum
694 3025 738 3075 est
754 3033 848 3092 neque
865 3034 997 3094 parvum,
1020 3017 1072 3076 aed
1089 3026 1189 3095 aptum
1204 3026 1316 3091 tamen,
1339 3024 1373 3077 nt
1394 3018 1434 3078 sit
1455 3025 1509 3076 aut

157 3102 292 3181 magnum
314 3110 368 3163 aut
390 3120 512 3179 parrum
536 3103 593 3178 (X.
617 3103 688 3163 Met.
715 3101 764 3181 5.).
811 3104 860 3164 Sic
882 3106 909 3162 in
933 3104 1059 3165 discreta
1088 3108 1251 3181 quantitate
1279 3105 1434 3182 inaequale
1456 3112 1510 3164 aut
1629 3158 1633 3165 .

159 3192 279 3250 multum
302 3198 356 3249 aut
377 3208 515 3266 paucum,
538 3191 604 3266 plus
627 3194 798 3250 autminus
821 3190 933 3250 dicitur.
981 3191 1064 3266 Quae
1087 3192 1234 3252 vocabula
1257 3192 1408 3252 indednita
1429 3191 1507 3269 plus,

156 3282 255 3351 minua,
286 3278 394 3353 majus,
418 3281 514 3336 minus
536 3281 659 3354 gignunt
679 3279 741 3353 jain
766 3278 899 3338 delinitae
922 3278 995 3338 alias
1018 3279 1191 3348 relationes,
1224 3290 1256 3340 ut
1278 3279 1409 3357 duplum,
1433 3282 1507 3356 trip·

156 3364 209 3425 lum
232 3376 291 3426 eto.
339 3364 429 3425 Hisce
452 3365 641 3425 relationibus
665 3376 808 3441 cognatae
832 3366 900 3426 illac
923 3377 1000 3439 sunt,
1024 3386 1099 3443 quae
1122 3370 1254 3427 oriuntur
1276 3386 1312 3429 ex
1334 3369 1508 3444 quantitati·

157 3452 219 3527 boa,
253 3460 404 3529 quatenns
436 3452 502 3511 illae
533 3456 612 3529 priua
635 3457 662 3509 in
687 3453 914 3527 praedicamenti
946 3454 1096 3529 qualitatis
1126 3464 1248 3531 quartae
1269 3458 1367 3531 specie
1389 3462 1457 3515 sunt
1479 3462 1510 3514 et

157 3545 245 3615 magia
278 3542 355 3600 liunt
386 3539 560 3599 nratcriales.
605 3541 655 3599 Sic
678 3543 754 3598 enim
783 3548 835 3599 atat
863 3542 993 3615 perlecta
1023 3542 1171 3618 quantitas
1194 3542 1298 3602 dicitur
1327 3551 1379 3603 aut
1402 3545 1509 3619 imper·

158 3628 225 3687 lecta
248 3635 386 3703 respectu
409 3630 534 3701 partium
557 3628 688 3703 ejusdem
712 3630 818 3701 totius3
847 3637 879 3687 at
905 3638 1037 3704 respectu
1060 3628 1186 3705 plurium
1216 3638 1342 3689 totarum
1373 3628 1508 3689 dicuntur

158 3714 261 3773 similae
291 3724 346 3773 aut
375 3712 538 3772 dissimiles.
584 3714 700 3787 Tertio,
732 3723 765 3774 ut
792 3732 881 3790 supra
909 3714 1018 3775 dictum
1049 3727 1107 3791 est,
1138 3735 1173 3777 ex
1201 3729 1307 3779 natura
1333 3719 1456 3776 unitatis
1478 3723 1508 3775 et

158 3800 347 3861 multitudinis
371 3803 480 3872 evenit,
505 3810 536 3859 ut
557 3800 670 3877 aliquid
692 3810 745 3861 aut
767 3801 843 3862 idem
866 3810 918 3862 aut
941 3803 1087 3863 diversum
1111 3804 1239 3881 dicatur,
1264 3813 1293 3865 et
1316 3806 1386 3881 quia
1408 3803 1507 3862 diver·

159 3903 224 3962 snm,
247 3887 319 3947 ideo
342 3895 372 3946 et
395 3886 538 3961 differens,
561 3891 684 3964 etquis
707 3890 851 3963 differens,
875 3889 942 3949 ideo
965 3898 995 3951 et
1017 3896 1192 3953 contrarium
1216 3904 1245 3953 et
1260 3894 1441 3969 oppositum3
1466 3892 1508 3949 sie

160 3978 239 4035 etiarn
264 3994 299 4035 ex
323 3977 439 4034 ratione
462 3977 583 4035 unitatis
606 3978 705 4035 existit
727 3994 864 4037 mensure
886 3986 916 4036 et
931 3989 1136 4053 mensuratum,
1161 3984 1229 4057 qnia
1252 3983 1350 4038 unitas
1372 3996 1507 4037 mensura

160 4073 196 4122 eet
211 4062 266 4140 [X.
283 4063 357 4122 Met.
377 4061 428 4125 1.i.
467 4062 565 4121 Habet
587 4072 616 4122 et
631 4081 697 4123 eum
720 4065 873 4125 identitate
896 4066 1057 4126 similitudo
1082 4073 1292 4145 cognationem,
1318 4084 1394 4143 quae
1409 4069 1508 4123 omnia

162 4150 231 4211 elate
255 4169 291 4211 es
316 4149 371 4209 IV.
387 4149 460 4210 Met.
477 4156 516 4224 2,
539 4150 576 4209 V.
592 4150 665 4211 Met.
682 4158 722 4227 9.,
747 4152 948 4214 vitatote.
972 4155 1215 4226 demonstrantur,
1241 4156 1289 4214 ubi
1308 4158 1396 4214 etiarn
1420 4142 1507 4226 negat'

163 4238 360 4314 philosophus,
384 4247 552 4314 geometrae
575 4257 639 4298 esee
663 4239 699 4299 de
722 4241 766 4300 liis
790 4241 938 4316 disputare
962 4245 1094 4311 vocibus,
1120 4247 1174 4302 nisi
1199 4262 1234 4302 ex
1257 4245 1421 4317 supposito.
1445 4240 1508 4298 lta·

161 4342 209 4398 que
231 4326 362 4386 sufficiat
385 4325 433 4385 bie
456 4342 555 4385 eorum
587 4330 753 4387 nienrinisse
776 4336 805 4385 ct
829 4331 968 4403 originem
991 4343 1178 4390 monstrasse.
1225 4331 1380 4404 Coplnaius
1409 4336 1508 4385 nutem

162 4410 191 4473 de
212 4412 338 4485 siugulis
362 4417 461 4489 agitur
484 4415 512 4469 in
535 4418 595 4471 suis
619 4416 814 4490 peculiaribus
837 4418 974 4475 scientiis.

258 4500 404 4577 Objioitur
427 4508 525 4559 autem
549 4512 651 4560 eontra
672 4520 767 4578 propr.
794 4510 822 4561 2.
846 4522 882 4561 ex
905 4521 1000 4579 propr.
1026 4511 1058 4563 3:
1083 4504 1205 4561 multum
1229 4517 1337 4577 pattco,
1370 4516 1507 4575 magnum

162 4604 246 4662 parvo
268 4598 313 4649 eat
335 4590 530 4660 contrarium,
562 4598 592 4648 et
614 4590 778 4664 significant
801 4590 856 4650 hae
881 4607 968 4648 voces
992 4593 1187 4667 quantitates,
1220 4605 1288 4664 ergo
1319 4590 1516 4646 contrarietas-

163 4687 200 4734 eet
221 4680 250 4733 in
273 4676 500 4751 quantitatibus.
546 4676 593 4735 Ad
615 4676 689 4737 haec
717 4679 848 4754 pluribus
878 4677 951 4736 locis
977 4680 1006 4735 in
1029 4676 1234 4753 Metapliysica
1263 4676 1367 4748 repetit
1390 4673 1507 4733 Aristo·

163 4762 236 4837 teies,
259 4768 308 4823 nni
332 4760 508 4824 contrariam
531 4781 596 4824 ease
621 4764 844 4837 multitudinem,
871 4782 960 4823 unum
981 4773 1078 4826 autem
1102 4772 1146 4823 est
1169 4764 1318 4820 minimum
1333 4760 1362 4818 in
1377 4763 1507 4821 numeria

167 4853 304 4912 domnis
326 4850 485 4913 multitudo
501 4858 546 4912 eat
568 4867 715 4929 numerus,
738 4869 875 4913 numerus
899 4868 968 4913 vero
991 4854 1154 4931 quantitas,
1178 4858 1208 4910 et
1221 4850 1264 4909 eie
1278 4851 1441 4913 contrariae
1462 4851 1510 4910 ia·
