3322 5534
158 401 226 469 913
671 396 735 452 lita
750 395 867 454 loannis
883 397 1004 469 depleri.

158 578 252 637 linum
275 575 369 647 tare,
400 577 563 636 sedetiam
593 579 688 652 magis
710 594 746 636 eu
775 576 834 635 illis
862 575 902 635 ad
928 575 1076 636 Daridem
1103 577 1307 655 Fabricium,
1335 581 1521 657 Harum,

158 665 299 737 Remum,
323 664 511 723 llarriotum.
540 665 740 742 Brenggrrum
767 665 885 740 sciptia
913 663 1075 740 intelligere
1101 665 1177 726 litet
1209 678 1264 742 et,
1296 671 1375 747 ipsis
1402 670 1521 748 epistol!

158 751 345 830 Keplerianis
369 752 571 811 deficientibus
594 771 630 811 ex
652 753 801 827 responsis
821 770 841 810 a
862 749 1006 824 Besoldo,
1028 750 1235 829 Scbirkardo,
1268 757 1453 834 Beujamino
1472 756 1520 820 Ur·

157 842 233 914 rino,
255 839 475 899 Hebeustreitio
497 840 625 915 aliisque
647 837 732 897 datis.

264 928 338 986 Cum
360 927 482 1003 longum
503 931 552 997 sit,
575 940 636 986 tam
658 929 778 1002 eopioae
793 932 826 982 ut
838 922 937 983 adbuc
949 924 1070 1001 Kepleri
1092 926 1252 1004 reliquum
1275 929 1437 993 literarum
1450 951 1520 995 ocu·

157 1017 298 1075 mercium
321 1018 475 1091 persequi,
498 1016 586 1073 uobis
608 1016 638 1071 in
660 1030 697 1072 eo
718 1018 766 1072 est
786 1011 1047 1088 adquiescendum,
1069 1024 1103 1072 ut
1125 1016 1157 1072 iu
1180 1015 1340 1093 legendas
1363 1023 1446 1097 ipsas
1465 1024 1520 1100 epi-

158 1103 253 1161 stolas
276 1102 415 1161 lectorem
437 1105 630 1173 remittamus,
653 1118 730 1176 quae
753 1110 783 1156 et
797 1101 828 1156 iu
842 1107 959 1158 nostrae
981 1099 1120 1160 editionis
1142 1102 1365 1167 voluminibus
1387 1112 1519 1185 priorit-

157 1202 188 1248 et
211 1193 240 1245 iu
265 1188 354 1264 huj-‚rs
380 1190 537 1246 russuminis
560 1191 677 1264 paginis
699 1185 940 1246 antecedentibus
962 1185 1071 1246 allatae
1092 1201 1164 1248 sunt
1180 1204 1329 1253 cunctae.
1362 1195 1411 1254 Ex
1424 1198 1518 1273 quibus

158 1275 299 1335 nonnulla
333 1279 422 1334 rerba
450 1292 478 1333 er
503 1276 580 1334 dicta
608 1275 765 1351 eligemus,
795 1290 932 1350 eaquae
960 1276 989 1331 in
1019 1274 1109 1350 hujus
1138 1280 1254 1355 eapitis
1282 1282 1470 1359 praefatione
1488 1283 1518 1344 de

157 1362 287 1442 Keplern
310 1365 437 1420 diximus
459 1363 587 1440 amplius
610 1361 815 1421 confirmaturi.

266 1451 308 1507 tls
331 1451 466 1527 epistolis
489 1452 527 1508 ad
551 1449 712 1527 lieplernm
734 1447 804 1506 dum
826 1446 920 1506 Grati
943 1454 1005 1506 erat
1027 1450 1126 1508 missis
1149 1461 1277 1528 praeter
1300 1453 1518 1520 Massilin‘nrns

158 1540 290 1614 inprimis
321 1537 528 1595 memorandae
556 1547 624 1594 sunt
655 1535 786 1612 theologi
816 1533 958 1612 epistolae
990 1533 1295 1616 Halenrafseri,
1334 1548 1390 1621 qui
1418 1564 1518 1627 tempu

158 1628 250 1682 timet.
275 1642 312 1682 ne
334 1629 445 1681 arnicas
469 1638 522 1681 aut
543 1627 634 1681 nimio
657 1622 811 1700 Coperniei
832 1620 932 1681 studio
954 1641 973 1680 a
994 1621 1084 1681 Sacra
1105 1622 1270 1704 Scriptura
1300 1629 1460 1694 d'maeutiat
1475 1642 1518 1695 ut

157 1711 258 1769 multis
280 1714 342 1768 suis
366 1711 576 1769 catholicorum
598 1713 735 1768 amicitiis
763 1709 831 1768 fidei
853 1726 925 1768 suae
943 1708 1087 1784 jacturam
1117 1712 1224 1774 latia.
1272 1715 1393 1780 Postea
1414 1739 1517 1799 quaque

158 1800 188 1855 in
211 1800 348 1856 omuibus
371 1798 504 1875 epistolis
533 1816 603 1874 erga
629 1796 850 1855 dilectissimum
870 1813 956 1854 suum
977 1794 1154 1874 discipulum
1179 1799 1359 1879 lieplerum
1386 1827 1421 1868 se
1441 1810 1518 1888 patr's

157 1888 249 1942 instar
263 1886 383 1962 praebet
398 1887 639 1959 benignissimum
655 1895 684 1943 et
701 1887 882 1943 verissimum
896 1881 1063 1959 chleriani
1084 1890 1199 1944 summi
1215 1892 1353 1966 ingenii,
1378 1894 1516 1974 liepieria-

157 1988 261 2030 norum
276 1990 397 2049 operurn
413 1972 630 2032 admiratorem.
659 1971 741 2030 ldem
755 1970 884 2048 lieplero
898 1979 1000 2028 aanor
1021 1982 1099 2043 erat,
1123 1984 1156 2031 ut
1181 1976 1215 2033 iu
1240 1976 1415 2042 Prodromo
1436 1983 1515 2043 loru

157 2059 304 2134 quendam
333 2058 461 2119 deleret.
493 2078 552 2135 quo
583 2058 733 2117 studuisse
761 2058 877 2116 ridetur
904 2057 1134 2134 Copernicanam
1166 2061 1209 2121 de
1243 2066 1363 2128 mundo
1391 2073 1514 2131 urion·

156 2162 223 2204 cum
239 2146 338 2204 Sacris
356 2146 461 2204 Literie
477 2164 661 2222 componere.
692 2145 934 2223 „Disputationes
949 2143 1132 2221 theologicas
1148 2151 1238 2223 quod
1255 2158 1405 2231 attinet“,
1419 2160 1514 2236 scripsit

156 2231 373 2292 llalcnretlerus
389 2234 514 2312 (1595).
541 2251 619 2311 ‚uon
634 2233 735 2290 dubito
749 2236 821 2307 quin
835 2233 933 2289 omnia
955 2234 997 2290 ita
1017 2235 1058 2289 sis
1072 2234 1299 2311 explicaturus,
1325 2251 1362 2302 ut
1384 2256 1415 2305 et
1436 2249 1512 2322 rigere

155 2318 371 2397 Scripturarum
395 2322 535 2396 analogias
558 2334 588 2379 et
611 2332 663 2378 tna
685 2320 787 2378 llorere
809 2318 994 2377 incolumitas
1016 2322 1121 2395 possit.
1151 2320 1189 2381 Si
1215 2325 1358 2390 fraterno
1380 2350 1511 2393 menoti-

155 2407 231 2479 silio,
257 2409 300 2465 uti
323 2407 442 2467 firmiter
464 2426 564 2484 spero,
595 2407 678 2465 locus
707 2406 814 2481 aliquis
841 2416 900 2477 est,
932 2422 1017 2482 porro
1047 2409 1076 2463 in
1100 2408 1260 2484 ejusmodi
1292 2415 1510 2481 demomtrand'n

155 2494 370 2572 hypothesibus
386 2495 496 2552 nudum
519 2496 757 2553 mathematicum
772 2511 855 2569 ages.
892 2490 1006 2566 Quibus
1028 2495 1149 2554 monitis
1164 2502 1195 2556 si
1212 2511 1259 2573 tu,
1284 2509 1332 2562 uti
1357 2517 1437 2566 ωηο
1455 2523 1509 2567 ett-

155 2580 225 2655 tido,
249 2585 390 2658 parueris.
414 2582 486 2639 nihil
502 2581 605 2640 dubito
628 2585 699 2656 quiu
721 2583 914 2656 cogitationes
936 2586 1004 2638 tuae
1024 2580 1173 2657 plurimis,
1200 2590 1249 2646 uti
1267 2600 1355 2652 certe
1371 2595 1440 2653 mihi
1453 2610 1509 2669 qno·

156 2686 214 2743 que
236 2682 314 2739 sunt,
334 2669 570 2743 jucundissimae
592 2671 651 2726 sint
673 2670 798 2727 loturae.
835 2665 898 2737 Sin,
921 2665 999 2742 quod
1022 2671 1173 2730 maximus
1197 2686 1232 2732 et
1256 2680 1397 2754 optimus
1418 2688 1509 2741 aruttl

149 2755 249 2829 Deus,
274 2757 391 2833 publice
415 2761 487 2814 istas
511 2756 689 2833 hypotheses
713 2773 778 2813 cnm
798 2752 948 2830 Scriptura
970 2752 1060 2812 Sacra
1082 2757 1254 2822 conciliare
1288 2766 1391 2827 relies
1412 2781 1440 2829 et
1457 2783 1509 2846 μθ·

157 2860 307 2921 pugnare,
338 2858 448 2902 certum
479 2858 593 2915 metuo,
625 2852 657 2900 nt
686 2846 715 2899 in
748 2841 944 2899 dissensiones
966 2858 1011 2899 res
1033 2840 1148 2903 isthaec
1172 2862 1337 2928 erumpat,
1370 2873 1430 2931 quo
1456 2870 1508 2915 earn

157 2930 246 2989 relim
270 2949 336 3006 ego,
359 2950 406 2990 rue
428 2934 501 2988 istas
515 2933 710 3006 cogitationes
733 2938 817 2999 tuas,
840 2929 869 2985 in
892 2945 925 2986 se
939 2927 1057 3002 quidem
1078 2931 1306 2997 mathematice
1332 2943 1508 3003 consitum

157 3017 323 3094 praeclaras
346 3029 374 3076 et
397 3019 522 3089 nobiles,
546 3035 696 3092 nunquam
720 3015 839 3073 vidisse.
877 3013 946 3073 Jaur
968 3014 1078 3073 dudum
1102 3022 1186 3079 enim
1205 3025 1237 3082 iu
1255 3025 1399 3089 Ecclesia
1413 3028 1507 3089 nouit

157 3103 224 3181 plns
248 3108 444 3163 contentionis
468 3116 528 3165 est.
556 3123 645 3181 quarn
669 3102 789 3160 infirmis
811 3101 955 3178 expediat.
1001 3102 1059 3161 Sed
1083 3111 1211 3182 nescio,
1244 3131 1310 3188 quo
1335 3135 1385 3176 me
1406 3118 1508 3194 abripiat

156 3190 253 3267 stylus
278 3193 323 3250 rel
348 3196 447 3268 potius
469 3194 613 3250 fraternus
636 3209 718 3248 mens
741 3194 769 3247 iu
784 3189 827 3248 Tc
850 3206 939 3259 amor,
963 3192 1013 3264 qui
1036 3192 1093 3247 nisi
1118 3194 1194 3255 talis
1220 3201 1252 3256 iu
1269 3201 1318 3262 Te
1343 3216 1422 3266 esset
1433 3200 1507 3281 'qudi

158 3288 213 3348 est,
237 3279 459 3337 ardentissimus
483 3283 618 3336 nimirum
641 3289 669 3336 et
691 3276 924 3346 candidissimus,
948 3285 1008 3333 tum
1030 3276 1158 3340 liberam
1184 3287 1271 3362 stylo
1298 3289 1447 3352 licentiam
1464 3307 1506 3348 non

154 3369 361 3441 permisissent.
393 3367 451 3424 Sed
474 3367 522 3424 hic
546 3366 621 3423 idern
645 3383 727 3423 amor
748 3365 803 3421 abs
817 3363 861 3421 Te
883 3362 1020 3440 postulat,
1045 3374 1076 3422 ut
1100 3370 1248 3431 nimirum
1274 3377 1505 3438 strennuumbit

152 3470 226 3526 agas
249 3454 487 3511 mathematicum
503 3465 531 3511 et
547 3470 635 3527 quam
651 3465 737 3510 antea
753 3451 819 3508 'libi
836 3449 1066 3508 commendatam
1081 3472 1150 3539 casp
1175 3464 1244 3519 scio
1270 3463 1426 3528 fluctuem
1445 3477 1506 3525 nau·

152 3539 329 3614 quillitatem
354 3552 522 3598 constanter
544 3541 656 3598 loreas.
682 3573 720 3582 -
745 3536 859 3612 Quibus
882 3536 918 3596 de
939 3536 1146 3599 Halenrellerri
1174 3546 1425 3614 dubitationibus
1442 3552 1505 3630 Kep-

152 3624 230 3684 lerus
253 3644 395 3703 responso
418 3646 473 3685 suo
497 3628 631 3685 timidum
654 3628 739 3684 unrici
762 3627 890 3682 animum
912 3624 994 3684 leniit
1012 3635 1041 3684 et
1057 3628 1268 3707 confirmarit,
1295 3657 1367 3700 cum
1382 3643 1506 3720 prorintt

151 3711 346 3772 flatenrettcri
371 3714 472 3772 literae
495 3715 541 3772 his
565 3717 723 3789 inciperent
740 3713 855 3770 verbis:
880 3709 1091 3790 „Quanquam
1116 3722 1222 3780 amice
1246 3736 1280 3783 et
1304 3728 1397 3789 trater
1418 3728 1505 3789 &ui-

152 3801 235 3870 sime,
260 3818 361 3859 omnes
384 3819 461 3876 quae
484 3820 501 3858 a
525 3812 553 3858 te
576 3802 646 3857 mihi
671 3799 852 3875 perferuntur
873 3797 974 3857 literae
992 3801 1240 3874 jucundissimae
1264 3826 1359 3888 suut,
1383 3819 1504 3896 pruriunt

151 3893 249 3944 tamen
272 3889 415 3962 singulari
438 3889 565 3963 quadam
589 3897 617 3945 ct
641 3887 790 3944 cumulata
810 3888 957 3944 suavitate
981 3895 1074 3944 toturn
1097 3908 1147 3950 me
1181 3897 1393 3974 repleverunt.
1428 3903 1504 3963 Exiit

150 3975 228 4029 enim
261 3974 406 4043 intellexi,
438 3986 466 4034 te
495 3976 586 4051 pluris
609 3976 704 4032 lacere
728 3973 877 4032 Ecclesiae
907 3974 1173 4050 tranquillitatem,
1207 4001 1307 4059 quam
1337 4003 1504 4066 quoacunque

150 4058 333 4131 ingen10rum
356 4060 555 4119 nobilissimos
578 4071 607 4119 et
630 4062 816 4119 charissimos
839 4061 933 4118 loetrrs
934 4103 1063 4120 ......
1112 4064 1203 4128 Tuos
1229 4077 1328 4135 etiam
1353 4074 1504 4152 ossus,an

150 4144 189 4199 ah
212 4143 345 4204 diversae
368 4148 518 4221 religionis
540 4149 709 4206 hominibus
731 4150 806 4205 rarii
828 4160 857 4206 et
879 4150 952 4205 sutis
978 4166 1085 4223 graves
1119 4155 1339 4236 objiciuntur,
1368 4185 1405 4227 ex
1429 4166 1503 4225 aniut

152 4226 248 4288 doleo.
295 4233 388 4291 Dabis
413 4252 546 4310 opernm.
571 4245 602 4292 ut
626 4238 682 4312 piis
705 4237 840 4313 precibus
864 4244 902 4305 et,
926 4251 1014 4309 qnam
1036 4235 1188 4300 Salvator
1213 4249 1310 4310 nobis
1334 4250 1504 4319 muunht

149 4320 317 4391 serpentina
340 4320 494 4395 prudentia
518 4323 629 4380 lortiter
652 4323 710 4379 illis
734 4339 883 4392 occurras,
905 4338 943 4379 ne
965 4321 1024 4380 leri
1047 4336 1172 4404 arrepta
1200 4340 1370 4400 occasione
1393 4342 1503 4418 gratim

149 4401 178 4455 in
203 4409 231 4459 te
254 4405 438 4464 meditentur.
469 4407 547 4465 lllud
569 4419 668 4466 autern
684 4407 846 4486 perplacuit
869 4408 948 4479 mihi,
973 4409 1051 4484 quod
1076 4413 1235 4479 ititautetn
1260 4425 1352 4487 illum
1375 4428 1502 4507 bosplifir

149 4484 239 4545 dubis
271 4493 394 4548 itionum
424 4512 514 4552 causa
545 4498 710 4572 proposita,
740 4495 865 4554 aedibus
895 4497 952 4552 tuis
985 4514 1085 4556 arcere
1110 4509 1264 4581 potuisti,
1298 4532 1414 4576 memor
1433 4512 1501 4574 resti

148 4573 272 4643 ovillas,
304 4592 392 4649 quarn
423 4580 524 4657 lupina
554 4583 690 4640 subducit
718 4584 825 4641 rabies.
870 4581 954 4657 Rogo
977 4592 1010 4641 nt
1031 4585 1220 4660 prolixiores
1252 4597 1296 4657 ttd
1328 4621 1377 4664 me
1405 4602 1500 4669 tull*

147 4659 219 4715 nihil
243 4664 319 4718 enim
336 4665 405 4721 milri
422 4669 553 4726 accidere
575 4673 668 4745 possit
686 4666 875 4746 jucundius.“
893 4715 900 4727 .
919 4714 926 4725 .
943 4715 975 4732 ..
1013 4671 1089 4730 Cum
1113 4688 1225 4741 autem
1249 4685 1500 4768 septemanas

146 4745 214 4800 riori
237 4756 367 4824 ternpore
392 4756 420 4807 in
445 4754 510 4812 lites
533 4756 682 4814 incidisset
705 4775 770 4816 curn
794 4756 941 4831 theologis
956 4744 1171 4824 Liu'oiensibtis
1196 4781 1231 4830 et
1253 4773 1296 4833 ad
1322 4774 1500 4837 coustnornn

147 4828 376 4908 stuttgarticnse
400 4852 601 4917 provocasset,
625 4843 843 4905 Halenretierus
865 4847 1042 4906 aunonute
1055 4863 1117 4912 sna
1138 4853 1235 4919 illum
1249 4862 1293 4921 ad
1316 4863 1413 4941 fidem,
1430 4873 1497 4941 μ
