3308 5534
489 360 492 365 '
620 366 791 425 Prooemium
807 366 936 425 Edlterls.
1415 366 1459 436 25
1575 422 1580 435 .

91 548 133 607 ibi
156 552 294 608 mortuus
317 554 365 609 est
390 552 441 608 lb.
456 545 532 624 Aug.
550 552 634 609 idea
657 556 687 609 et
708 564 756 609 res
777 547 947 625 imperfecta
973 548 1003 605 in
1026 542 1209 606 Ludoricum
1239 543 1351 607 recidit
1388 545 1457 624 Ipse

89 635 188 706 resen,
212 643 337 695 matram
360 634 482 694 viduam
497 651 563 694 cum
578 635 764 711 exemplariis
778 635 890 696 Somnii
905 634 1088 711 incompletie
1110 632 1149 692 ad
1171 650 1203 693 se
1220 635 1336 693 venisse
1352 650 1456 711 opem-

91 740 150 799 que
172 739 260 781 suam
288 722 464 799 implorasse
492 728 521 782 et
552 722 775 799 completionem
805 721 1012 799 exemplarium
1034 722 1165 798 petiisse.
1210 721 1396 781 Pranlrol'urti
1418 720 1457 781 ad

90 809 237 869 libanum
266 816 371 886 typum
400 807 529 870 absolvit
556 808 721 887 librumque
748 809 916 870 absolutum
943 811 973 867 in
995 807 1145 886 publicum
1174 809 1270 868 emisit
1292 807 1457 886 Septembri

91 898 165 957 anni
189 898 286 957 idai.

199 983 325 1043 Summa
346 998 451 1055 mum,
474 998 551 1058 qnae
574 982 674 1043 insum
695 982 826 1056 Somnio,
850 1000 916 1043 cum
938 983 1042 1060 paucis
1063 982 1206 1043 recenseri
1229 989 1371 1059 nequeat,
1394 982 1456 1042 lec-

91 1080 188 1130 torem
211 1069 252 1130 ad
273 1070 380 1130 librum
403 1072 499 1147 ipsum
521 1069 702 1146 relegamus,
731 1071 784 1131 nbi
805 1070 925 1147 Kepleri
956 1071 1104 1147 ingenium
1136 1071 1247 1146 passim
1269 1068 1386 1129 elucens
1409 1071 1456 1127 in-

95 1160 196 1218 veniet
210 1160 483 1232 muenomicasque
498 1157 686 1236 hypotheses²
708 1175 784 1233 quae
808 1169 887 1219 certo
903 1158 1003 1218 ordine
1026 1158 1055 1214 in
1074 1157 1156 1216 libris
1170 1159 1338 1234 praemissis
1354 1173 1458 1217 occur·

94 1254 172 1319 runt,
194 1247 308 1322 passim
331 1243 369 1305 ad
393 1242 495 1304 Lunae
518 1245 661 1304 theoriam
683 1244 842 1305 adhibitas.
887 1244 954 1306 Hoc
976 1251 1090 1304 tantum
1112 1260 1273 1319 monemus,
1298 1243 1457 1321 Keplcrum

97 1332 262 1406 „Somnum
287 1348 342 1391 aue
365 1333 510 1393 imitatum
532 1349 598 1392 esse
620 1335 815 1392 narrationem
837 1331 938 1412 Syllae
961 1335 990 1390 in
1007 1331 1156 1391 Plutarchi
1178 1330 1278 1392 libello
1293 1331 1352 1407 „de
1368 1333 1456 1391 Facie

96 1423 126 1478 in
158 1422 232 1482 orbe
256 1416 390 1492 Lunae“‚
419 1435 496 1495 qnae
523 1419 688 1479 sublimem
718 1418 784 1479 libri
813 1422 954 1495 occurrit;
986 1419 1131 1496 Keplems
1153 1422 1247 1496 primo
1269 1421 1368 1478 statim
1391 1419 1458 1478 libri

96 1506 220 1568 exordio
246 1502 432 1587 „somnium“
456 1523 542 1565 suum
564 1507 665 1579 raiert,
689 1506 820 1583 illudque
841 1510 919 1567 notis
944 1509 1189 1566 numerosissimis
1212 1506 1347 1566 illustrat.
1393 1507 1457 1565 Λιι-

95 1598 267 1655 notatienes
289 1593 410 1670 chleri
437 1592 475 1652 ad
505 1592 611 1653 librum
634 1593 782 1654 Plutarchi
815 1594 909 1654 editor
939 1594 1018 1653 filius
1041 1594 1211 1654 Ludoricue
1241 1596 1334 1653 textui
1364 1595 1458 1655 inter·

98 1684 198 1759 posuit
221 1698 317 1758 ecque
338 1682 458 1757 saepius
479 1681 588 1756 legenti
607 1683 857 1742 conturbationem
872 1681 950 1741 haud
966 1699 1088 1758 parram
1103 1684 1193 1758 parit;
1215 1698 1269 1739 noe
1293 1681 1346 1740 bas
1361 1698 1456 1741 anuo·

98 1773 228 1828 udones
252 1767 356 1828 eadem
376 1785 436 1844 qna
459 1769 487 1826 in
510 1768 629 1828 Somnio
652 1771 765 1829 ratione
787 1768 862 1829 libro
885 1772 1011 1829 numeria
1035 1770 1179 1828 continuis
1208 1769 1363 1844 insignitas
1385 1769 1457 1829 sub-

94 1858 259 1933 junximus.
304 1854 474 1914 Notandum
497 1853 623 1931 deniqne
646 1862 705 1929 est,
736 1855 896 1932 Keplcrum
924 1873 1109 1934 comparasse
1131 1856 1351 1917 translationem
1373 1874 1457 1916 suam

98 1961 166 2003 enm
195 1942 326 2004 editione
355 1940 504 2019 Xylandri
532 1940 726 2021 (Francoinrti
758 1940 866 2023 1592),
899 1961 954 2005 nec
982 1960 1041 2003 nnn
1075 1960 1141 2004 cum
1173 1943 1301 2003 editione
1331 1962 1458 2026 „graeca

100 2030 297 2091 Wecbeliana
307 2031 337 2087 in
350 2032 489 2102 cctara“,
505 2029 589 2106 cujus
604 2032 768 2090 numeratio
783 2031 919 2092 loliorum
934 2031 972 2091 ad
982 2033 1141 2108 marginem
1154 2031 1215 2111 (lul.
1231 2029 1457 2112 1696-1742)

99 2117 252 2196 adscripta
274 2125 329 2189 est,
353 2134 372 2176 a
394 2117 480 2178 noble
501 2133 571 2177 vero
595 2119 713 2177 omina.
