3322 5534
154 370 198 439 93
676 368 994 427 olumucenses

151 564 204 619 est,
228 550 378 609 humectat
393 564 423 611 et
437 552 590 628 refrigerat
603 552 642 612 ad
658 570 689 612 se
705 552 837 613 delatum
858 567 1018 627 secumque
1034 552 1187 612 contusum
1197 546 1254 634 ⁹²).
1284 551 1333 613 lla
1347 559 1378 613 at
1399 551 1445 611 llli
1466 568 1516 612 ar·

151 652 227 705 rant,
250 642 301 713 qui
319 638 432 697 Lunam
448 643 573 716 ignitum
587 653 617 700 et
632 641 773 699 torridum
788 656 894 715 corpus
910 656 976 699 essa
1000 642 1184 713 existimant,
1214 652 1245 699 et
1265 644 1316 716 qui
1338 639 1520 699 animalibus

152 724 239 800 hujus
255 727 336 802 globi
352 746 447 787 rerum
458 727 616 789 earundem
633 732 749 805 copiam
765 727 868 787 adesse
880 726 1030 803 postulant
1045 726 1084 785 ad
1102 738 1206 799 ortum,
1222 726 1475 789 alimentatlouem
1489 735 1521 788 st

152 816 272 885 rictum,
294 832 371 889 quae
394 819 501 873 nostris
517 816 597 875 bisce
621 816 798 875 animalibus
813 822 983 890 suppetunt,
1008 818 1027 871 ii
1051 814 1185 874 videntur
1207 815 1278 873 mihi
1292 816 1438 892 inexperti
1451 830 1520 875 esse

152 904 304 960 sarientis
326 904 356 960 in
378 904 578 976 naturalibus,
603 913 636 962 ut
659 907 688 961 in
711 921 772 980 qua
794 901 880 980 plura
902 901 1071 961 discrimina
1093 912 1122 961 et
1144 902 1211 979 plus
1226 903 1447 979 inaequalitatis
1471 904 1519 961 ri·

152 987 220 1047 dere
244 1001 289 1047 est
311 990 481 1048 animalium
506 994 581 1049 inter
603 1010 636 1049 se
661 994 734 1067 ipsa,
758 1008 848 1067 quam
870 992 945 1048 inter
967 990 1041 1050 llaec
1063 997 1093 1047 ιι
1116 990 1255 1049 inanima
1299 990 1339 1049 Et
1360 998 1394 1049 ut
1415 989 1520 1049 remit·

151 1088 212 1134 mm
235 1076 278 1134 illi
300 1076 435 1137 homines
458 1096 508 1137 ore
531 1090 665 1137 carentes
688 1078 837 1153 odoreque
853 1080 998 1155 viventes,
1021 1078 1046 1135 si
1062 1093 1121 1134 uon
1136 1076 1256 1155 (placet,
1278 1078 1344 1150 etsi,
1367 1078 1420 1153 qui
1441 1076 1519 1139 haec

151 1174 284 1233 uanam,
316 1182 386 1223 uera
409 1168 511 1225 all'erre
534 1165 679 1225 Pharnaci
704 1166 751 1225 ιιι
775 1165 825 1224 alii
847 1182 884 1223 ex
906 1164 1146 1243 collocutoribus)
1173 1180 1231 1222 nou
1255 1162 1409 1237 ridentur3
1440 1164 1518 1223 Am·

150 1252 245 1309 monis
268 1269 338 1311 vcro
361 1252 532 1312 laenitatem
547 1254 634 1312 nobis
649 1257 712 1329 ipse
729 1259 844 1312 enarret
854 1246 909 1325 ⁹³).
940 1250 1050 1311 Allusit
1064 1268 1135 1310 vero
1151 1249 1300 1311 Hesiodus
1321 1253 1365 1311 sic
1387 1267 1515 1310 ιιιιιιιιι

152 1338 224 1397 don
251 1348 371 1414 quanta
401 1341 582 1414 asphodelus
612 1342 660 1399 vel
688 1342 811 1399 mulene
833 1338 993 1398 commoda
1019 1346 1196 1413 mucciani,-
1227 1337 1416 1414 Epimenides
1445 1354 1518 1398 vern

153 1426 241 1484 rebus
258 1427 330 1501 ipsis
346 1429 556 1503 uornpicienda
572 1428 661 1499 dedit,
687 1428 805 1497 docens,
830 1436 965 1485 naturam
988 1426 1181 1485 calefactione
1196 1424 1284 1501 plane
1298 1444 1392 1502 parra
1414 1424 1518 1485 lovere

153 1524 182 1573 ιι
204 1518 352 1572 continere
380 1513 505 1585 arrimal,
537 1524 569 1574 ut
591 1518 616 1573 si
641 1516 669 1573 id
693 1516 741 1575 vel
769 1514 806 1573 ad
842 1514 939 1572 olivae
968 1517 1173 1589 proceritatem
1200 1529 1367 1573 excrescere
1396 1510 1516 1585 debeat,

149 1599 232 1658 nulla
254 1618 341 1676 porro
364 1602 586 1661 alimentatione
608 1601 749 1677 indigeat.
789 1602 829 1659 ιιι
851 1604 902 1677 qui
924 1618 1013 1676 super
1035 1601 1120 1659 Luna
1142 1600 1285 1673 habitant,
1308 1601 1335 1659 sl
1360 1602 1410 1676 qui
1432 1606 1513 1675 sunl,

151 1704 203 1747 eos
227 1689 398 1763 corporibus
422 1692 559 1748 tenuibus
582 1708 647 1749 esse
670 1689 823 1766 probabile
846 1698 905 1759 est,
930 1696 960 1747 et
982 1705 1058 1763 quae
1081 1687 1161 1747 lucili
1184 1690 1273 1760 rictu,
1296 1694 1384 1764 prout
1406 1689 1432 1745 ia
1457 1687 1515 1747 ob·

150 1777 227 1851 tigit,
250 1785 390 1835 contenta
412 1772 534 1857 sirn⁹⁴J.
581 1777 657 1835 Nam
681 1780 774 1853 ipsam
798 1776 922 1847 Lunum,
945 1774 1080 1850 adeoque
1102 1784 1131 1835 el
1153 1774 1268 1847 Solem,
1291 1776 1413 1851 igneum
1436 1772 1513 1833 illud

149 1861 260 1921 animal
283 1874 312 1921 et
336 1876 395 1921 tam
418 1864 519 1922 multis
542 1866 675 1940 partibus
698 1864 788 1923 Terra
810 1864 920 1938 majus,
952 1862 1037 1937 aJ’unt
1059 1863 1230 1921 humoribus
1252 1862 1436 1921 temestribus
1461 1860 1512 1935 nli,

150 1950 277 2025 denique
299 1962 329 2009 ot
352 1960 449 2009 cetera
471 1951 569 2011 sideru
592 1954 706 2009 inlinita
728 1968 857 2009 numero.
889 1948 973 2009 Adeo
996 1968 1085 2026 parca
1106 1960 1136 2010 ct
1158 1948 1284 2025 frugalia
1305 1952 1334 2007 in
1359 1952 1442 2009 victu
1458 1965 1515 2011 no·

150 2040 279 2097 comario
301 2038 442 2097 animalia
464 2042 646 2115 superiorem
670 2038 766 2098 locum
789 2037 953 2097 inhabitare
976 2032 1200 2113 existimant⁹·'‘).

256 2124 366 2183 Verum
389 2143 486 2201 neque
509 2129 567 2183 ista
588 2143 643 2185 ιιιιιι
666 2125 900 2197 concideramus,
931 2142 1027 2199 neque
1051 2123 1129 2200 quod
1152 2127 1223 2201 ipsis
1245 2122 1304 2181 alla
1325 2130 1355 2184 ιι
1376 2124 1462 2200 regio
1484 2130 1515 2183 el

150 2222 258 2271 natura
281 2221 311 2271 et
334 2224 597 2288 temperamentum
619 2214 805 2271 etinveniunt.
851 2212 945 2287 igitur
967 2229 1024 2270 uon
1047 2230 1134 2272 secus
1155 2228 1192 2271 ac
1213 2213 1238 2269 sl
1261 2209 1299 2269 ad
1322 2227 1403 2269 mare
1425 2211 1514 2271 uobis

151 2317 210 2357 non
234 2309 349 2376 pateret
372 2318 508 2359 accessus
531 2317 627 2375 neque
651 2302 716 2375 oJus
740 2300 914 2373 degustandi
944 2307 1021 2358 esset
1043 2301 1144 2376 copia,
1174 2306 1286 2358 tautum
1310 2299 1425 2357 eminus
1448 2298 1514 2373 ejus

150 2388 430 2463 contemplationem
455 2404 678 2462 usurparerrrus,
709 2388 774 2444 ιιιιιι
799 2404 868 2445 νιιο
891 2386 992 2445 auditu
1016 2385 1203 2457 disceremus,
1227 2402 1334 2460 aquam
1356 2384 1423 2460 ejus
1448 2402 1514 2445 esse

152 2492 294 2545 amaram,
317 2491 375 2531 ιιιιιι
400 2475 561 2551 potabilem
585 2484 613 2531 cl
636 2474 757 2547 salsam,
781 2474 937 2533 allirmaret
960 2491 1030 2532 vero
1053 2475 1140 2533 nobis
1163 2475 1316 2549 quispiam,
1341 2471 1421 2548 quod
1445 2475 1514 2531 anl-

150 2562 242 2621 malia
265 2560 371 2621 educet
394 2562 487 2620 multa
508 2572 538 2619 et
560 2562 685 2635 grandia
708 2572 737 2619 ct
759 2562 859 2619 lonnis
882 2563 963 2619 varia
986 2564 1015 2618 in
1037 2561 1190 2637 profundo,
1213 2572 1246 2618 ut
1268 2562 1310 2618 ila
1330 2559 1452 2635 plenum
1475 2560 1515 2619 sit

151 2650 255 2709 bestiis
279 2665 359 2725 aqua
381 2650 532 2707 utentibus
555 2652 583 2707 in
608 2652 701 2707 vleern
726 2651 816 2706 nostri
839 2650 931 2721 aeris,
960 2648 1008 2707 hic
1029 2648 1138 2708 sabulis
1161 2649 1245 2708 nobis
1266 2646 1373 2706 similla
1395 2663 1515 2707 narrare

151 2735 299 2795 rideretur
327 2744 357 2795 ιι
387 2738 538 2794 rrronstris:
571 2736 647 2794 idem
679 2733 794 2793 videtur
823 2736 907 2793 nobis
935 2736 1066 2796 accidere
1098 2747 1128 2796 ιι
1148 2754 1202 2795 nos
1230 2735 1333 2793 horum
1355 2750 1514 2810 personam

149 2842 252 2899 agere,
283 2823 354 2881 dum
385 2822 527 2881 increduli
557 2840 658 2881 sumus
680 2826 758 2881 eirca
782 2822 908 2895 burrum,
940 2824 969 2880 in
999 2841 1035 2883 ee
1062 2823 1196 2883 habitare
1224 2822 1339 2898 aliquos
1366 2821 1512 2882 homines.

151 2912 245 2986 Atqui
269 2914 380 2986 opinor,
406 2912 473 2969 illos
497 2910 589 2968 multo
612 2914 707 2985 magis
729 2912 826 2968 mirari
842 2910 971 2983 Terram,
995 2910 1064 2969 dum
1086 2913 1235 2971 intuentur
1256 2909 1346 2983 illam,
1368 2919 1515 2985 tanquam

147 3000 261 3059 laecum
284 3007 313 3057 ιι
337 2998 430 3056 ιιιιιιιιι
455 2999 598 3070 universi,
629 3016 665 3057 ex
689 2998 810 3056 lrumore
833 3006 863 3055 et
885 2997 999 3056 nebulis
1023 3008 1052 3058 et
1082 2999 1209 3058 nubibus
1239 3000 1288 3057 aix
1310 3003 1513 3073 apparentem,

55 3156 58 3161 ,
149 3088 300 3162 regionem
324 3086 505 3162 depressam,
528 3085 594 3144 lnce
616 3096 646 3144 et
668 3095 750 3143 nrotu
774 3092 929 3156 carentem,
952 3087 977 3143 si
1000 3084 1052 3144 illa
1073 3085 1134 3145 alat
1157 3085 1304 3157 animalia,
1328 3102 1405 3160 quoe
1419 3091 1514 3159 motu,

146 3176 338 3251 respiratione
370 3182 399 3233 et
427 3173 525 3233 calore
552 3174 611 3231 sint
643 3172 789 3248 praedita,
821 3181 851 3231 ιι
879 3173 974 3231 sicubi
1001 3171 1059 3232 illis
1088 3175 1240 3250 contingat
1266 3171 1368 3232 audire
1395 3170 1514 3232 Home-

149 3266 211 3323 rica
234 3264 301 3335 ista,

311 3348 497 3421 Terribilem,
518 3346 632 3422 pedore
653 3363 790 3421 prooem,
813 3363 909 3421 quum
930 3346 1020 3406 odere
1042 3348 1089 3406 vel
1111 3350 1170 3422 ipsi

307 3436 386 3495 Divi
408 3468 452 3479 -
475 3466 516 3478 -
542 3434 646 3491 —Et

312 3524 447 3583 Thasum
471 3523 559 3599 infra
583 3521 687 3597 Stypa,
712 3538 808 3596 quam
829 3538 926 3595 supra
949 3528 1064 3580 terram
1087 3523 1198 3580 ιιιιιιιιι
1220 3519 1329 3591 aens,

148 3608 223 3669 haec
244 3612 376 3687 prolecto
407 3610 505 3669 dicent
534 3609 569 3668 de
592 3609 683 3668 Terra
707 3611 763 3667 ista
792 3616 891 3667 nostra
922 3607 1126 3685 intelligenda3
1158 3624 1226 3667 nam
1254 3606 1312 3665 huo
1333 3621 1427 3682 pones
1454 3623 1511 3668 uos

149 3696 291 3756 inlemnm
314 3716 379 3757 esse
401 3700 564 3774 repositum
588 3705 618 3756 et
641 3705 795 3769 tartarum,
821 3713 908 3754 unam
932 3714 1003 3757 vero
1025 3696 1118 3755 solam
1141 3712 1207 3755 osse
1229 3693 1364 3771 Terram,
1393 3693 1512 3755 Luna·

149 3780 272 3854 dictam,
305 3804 382 3861 quae
410 3784 574 3861 aequaliter
602 3784 680 3843 absit
711 3782 790 3842 illinc
819 3784 936 3859 quidem
959 3802 978 3843 a
1000 3784 1170 3861 corporibus
1199 3781 1413 3858 superioribus,
1441 3782 1514 3844 hinc

150 3884 219 3927 uero
242 3872 281 3929 ob
303 3874 496 3933 lnlcrloribus.

254 3956 312 4014 Vix
335 3978 390 4031 ego
414 3962 561 4032 linieram,
593 3976 659 4018 cum
682 3958 799 4036 Sylla
826 3976 873 4019 me
896 3960 1043 4035 excipiens
1066 3969 1094 4016 et
1116 3958 1152 4015 ad
1169 3958 1323 4028 Lampriam
1340 3958 1512 4017 exorientem

152 4055 307 4113 convorsus,
330 4046 433 4105 eolribe
457 4059 494 4121 te,
520 4050 628 4123 inquit,
653 4065 670 4105 ο
694 4047 846 4122 Lampria,
878 4059 907 4106 et
929 4045 1034 4105 valvas
1058 4048 1200 4115 sermonis
1224 4040 1358 4114 occlude,
1389 4058 1428 4101 ns
1452 4044 1512 4101 im·

152 4123 278 4195 prudeus
300 4130 428 4191 labulanr
452 4146 592 4211 tanlquam
615 4136 715 4193 navim
738 4136 767 4190 in
791 4134 938 4193 Tellurem
962 4132 1093 4209 expellas
1116 4133 1260 4206 nobisque
1283 4127 1441 4189 conturbes
1457 4146 1511 4189 co·

156 4210 309 4284 moediam,
332 4234 407 4291 quae
426 4222 488 4295 jam
512 4223 600 4283 alium
623 4223 714 4282 babet
728 4239 846 4281 scenam
862 4231 892 4280 et
906 4222 1136 4297 dispositionem.
1166 4220 1229 4294 Ego
1246 4219 1322 4276 cuim
1342 4216 1406 4292 jam
1422 4214 1512 4276 dein-

156 4310 224 4367 ceps
246 4312 327 4357 aetor
348 4322 427 4377 ιιιιιι,
456 4312 535 4385 pisino
565 4319 664 4370 aulem
687 4308 827 4369 dramatis
849 4318 998 4368 auctorem
1021 4317 1053 4367 ut
1075 4312 1193 4383 politam
1216 4303 1302 4364 vobis
1324 4301 1511 4365 introducam

154 4384 223 4479 irrisi
246 4386 316 4461 qnid
341 4404 431 4467 rebel)
464 4416 529 4455 ιιιιιι
559 4398 687 4459 ιιιιιιιιο
713 4400 757 4457 ιιι
785 4396 1000 4457 exordientemt
1036 4395 1157 4471 Opppr'd
1185 4393 1257 4451 bino
1287 4392 1376 4468 lones
1406 4391 1510 4453 medio

151 4478 231 4539 i‘ml
253 4474 355 4533 irraulo
380 4480 490 4555 I‘onlo,
524 4488 653 4563 qrrlnque
684 4485 796 4545 dierum
825 4486 1015 4559 clarigatione
1046 4482 1158 4540 distans
1180 4499 1200 4540 a
1220 4480 1375 4538 Britannia
1406 4494 1512 4539 ventas

155 4556 332 4619 occidentem
342 4562 369 4593 '³¹'
373 4580 395 4643 p,
421 4580 476 4625 rree
500 4576 575 4631 oliae
598 4574 773 4650 nlrrpralibus
798 4571 960 4632 intervallis
983 4578 1013 4629 et
1036 4572 1073 4629 ab
1096 4570 1153 4629 hac
1174 4576 1203 4628 et
1224 4570 1297 4625 iuler
1319 4583 1353 4626 se
1375 4574 1510 4627 remotae

155 4656 285 4715 ‘Telum
315 4650 467 4723 plurnaom
499 4666 534 4713 ao
559 4680 695 4721 occanum
725 4663 886 4731 aestivum,
918 4661 948 4716 in
971 4675 1093 4733 quarum
1123 4674 1183 4715 una
1205 4654 1363 4714 Saturnum
1386 4670 1406 4713 a
1427 4653 1509 4715 Jove

157 4732 323 4793 eorrelnsnm
348 4742 434 4795 luisse
458 4748 624 4807 laoniarum
649 4750 773 4821 bruliari,
798 4747 856 4808 hoc
879 4763 957 4818 vero,
981 4747 1089 4821 quippe
1112 4743 1189 4819 filio,
1212 4740 1335 4802 custode
1357 4740 1442 4801 illum
1464 4742 1509 4803 ull

156 4826 186 4873 et
208 4818 365 4885 menbrum
389 4830 503 4891 illatura
527 4846 556 4891 ot
578 4841 681 4912 ιιιιιιιιι,
711 4835 792 4915 quod
813 4835 983 4897 Saturnium
1004 4835 1172 4907 nominant,
1196 4832 1294 4907 ipsum
1315 4829 1358 4890 ibi
1380 4830 1413 4891 lu
1433 4828 1508 4891 locis
