3308 5534
693 394 744 454 111.
763 395 962 453 Ashonomica.
1442 398 1507 475 285

154 597 215 640 eum
238 580 442 657 proposuisset
463 578 543 636 linea
559 583 595 649 s,
618 581 687 651 post
708 573 802 635 lineas
828 580 866 635 10
884 574 979 635 differt
1001 573 1206 651 probationem
1229 582 1259 635 et
1280 577 1419 653 interjicit
1433 576 1506 655 alia3

150 669 209 744 jam
230 676 264 727 ut
285 667 487 727 demonstrato
502 665 601 734 utitur,
624 661 663 720 ad
681 662 892 738 excogitandum
907 662 1121 740 Hipparchum,
1146 663 1269 738 objectis
1287 669 1305 722 5
1323 662 1508 739 ,absurdis“.

150 754 222 831 Quis
243 754 356 815 malum
386 750 556 826 crediderit,
586 747 790 826 Hipparchum
814 749 889 809 duos
911 748 1012 809 mundi
1035 749 1121 826 polos
1145 750 1184 809 ab
1207 748 1310 811 eadem
1332 760 1415 828 parte
1437 770 1510 812 cou-

147 840 294 903 stituere?
331 840 391 900 Cur
412 856 471 899 non
494 855 530 899 cx
554 843 636 896 tanto
660 836 789 896 absurdo
813 839 1004 914 consequenti
1028 837 1141 913 colligit
1156 840 1220 913 ipse
1236 836 1378 919 Scaliger,
1401 843 1509 900 serim

144 932 249 991 iecisse
263 926 436 1005 Hipparcho
460 925 496 986 dc
512 932 620 1003 puncto
638 922 663 999 Q
678 924 813 1003 potore)
858 924 942 985 Idem
966 932 996 987 et
1018 923 1054 983 de
1077 924 1206 984 secando
1230 924 1358 985 absurdo
1374 933 1509 987 statuen-

146 1017 227 1077 dum.
257 1019 340 1076 Ana
354 1014 581 1091 Hipparchum,
604 1014 710 1088 inquit,
733 1020 760 1071 at
781 1014 880 1072 seculo
894 1012 1069 1088 Hipparchi
1090 1013 1321 1073 convertebatur
1343 1016 1426 1073 eirca
1441 1014 1510 1075 sOS

144 1112 172 1164 ct
192 1104 286 1165 hodia
308 1121 438 1187 quoquc.
479 1101 654 1179 Tamaioya
676 1099 808 1175 Scaliger
831 1108 883 1160 aut
905 1110 989 1161 errat.
1028 1099 1139 1161 Verum
1163 1107 1216 1173 est,
1240 1102 1266 1160 si
1282 1100 1341 1174 s,S
1365 1108 1433 1161 sunt
1448 1102 1509 1180 poli

147 1193 252 1252 mundi
275 1192 420 1269 perpetui,
445 1197 478 1249 ut
500 1192 529 1247 in
551 1190 646 1266 primo
669 1186 807 1261 absurdo,
832 1191 1054 1249 conversionem
1077 1188 1178 1247 mundi
1195 1188 1257 1247 lieri
1273 1196 1416 1265 perpetuo
1434 1192 1511 1249 circa

146 1280 222 1355 rOS,
246 1280 336 1358 polus
359 1296 464 1355 nempe
487 1273 546 1337 ἀπο
568 1299 622 1336 roo
644 1278 752 1348 nciam,
776 1294 795 1334 a
818 1275 1015 1335 convertendo
1039 1275 1152 1336 dicitur.
1198 1274 1251 1335 Sin
1273 1285 1372 1335 autem
1387 1301 1400 1338 3
1415 1295 1510 1353 punc·

146 1377 209 1429 tum
232 1370 325 1428 sumit
347 1384 414 1427 cum
436 1374 515 1425 certo
538 1365 597 1422 situ
620 1362 657 1422 ad
681 1361 781 1423 stellas
804 1362 841 1437 A,
865 1364 900 1436 B,
925 1364 957 1437 C,
981 1364 1019 1437 D,
1043 1364 1077 1437 ll,
1101 1363 1136 1437 F,
1160 1360 1202 1437 G,
1231 1370 1302 1423 tunc
1323 1364 1430 1424 salsum
1454 1375 1507 1438 est,

147 1456 227 1517 idem
248 1472 316 1517 esse
339 1460 369 1515 et
392 1453 481 1513 hodie
504 1459 533 1511 et
554 1452 627 1511 heri.
672 1449 748 1509 Nam
771 1468 860 1528 supra
882 1451 1016 1511 discussa
1039 1458 1084 1510 est
1106 1452 1241 1527 probatio
1265 1450 1352 1528 hujus
1375 1455 1426 1527 rei,
1451 1470 1509 1528 qua

147 1546 250 1603 nititur
274 1542 417 1619 Scaliger.
455 1540 515 1600 Sed
537 1556 592 1599 nee
614 1538 750 1613 legitima
770 1546 848 1597 esset
870 1538 980 1599 illatio:
1004 1538 1091 1599 stella
1113 1538 1277 1615 aequaliter
1300 1540 1435 1601 omnibus
1457 1559 1508 1600 se-

148 1631 221 1691 culis
243 1630 336 1691 distat
358 1648 377 1689 a
397 1627 478 1706 polo,
501 1644 571 1703 ergo
594 1624 658 1685 sOS
683 1635 728 1685 est
748 1634 907 1702 perpetuus
931 1630 1005 1687 axis.
1044 1626 1120 1685 Nam
1143 1643 1195 1703 pro
1218 1636 1327 1703 puncto
1344 1651 1357 1687 a
1373 1626 1507 1689 circellus
1588 1694 1594 1699 ,

150 1722 271 1795 integer,
295 1720 460 1795 quantitate
484 1714 558 1775 radii
583 1713 625 1773 Ge
648 1716 723 1773 eirea
746 1712 774 1771 G
797 1712 970 1791 descriptus,
992 1713 1219 1790 relinqueretur,
1243 1717 1273 1772 in
1297 1716 1381 1792 eujus
1404 1716 1506 1792 aliquo

149 1816 268 1885 puncto,
290 1808 354 1883 jam
377 1804 433 1864 hoc
451 1804 515 1879 jam
537 1800 596 1874 illo,
620 1801 706 1877 polus
730 1805 841 1861 rcrsari
861 1811 976 1878 posset,
999 1820 1050 1878 per
1072 1802 1130 1860 hoc
1152 1802 1270 1877 quidem
1293 1812 1505 1880 argumentum.

253 1894 318 1954 Fol.
343 1899 395 1950 31.
440 1888 577 1949 Absurde
592 1887 713 1963 111001),
737 1888 817 1965 quod
840 1891 942 1966 objicit
964 1891 1120 1949 assertioni
1142 1888 1315 1966 Hipparchi,
1339 1900 1411 1951 nota
1432 1891 1507 1951 lucis

151 1999 249 2050 musa,
276 1978 356 2055 quod
377 1976 566 2054 Hipparchus
589 1975 745 2035 Eudoxum
768 1980 923 2037 correxerit
947 1986 976 2035 et
998 1980 1029 2034 in
1051 1976 1175 2037 Eudoxo
1198 1976 1390 2053 Scaligeram.
1432 1978 1508 2039 Nam

154 2064 271 2125 Eudoxi
301 2082 401 2125 crassa
429 2067 609 2124 asseveratio
640 2066 743 2123 statuit
764 2064 863 2124 locum
886 2066 948 2141 poll
970 2081 1024 2124 sno
1054 2074 1185 2142 ternpore
1208 2068 1238 2122 in
1261 2089 1289 2139 a,
1320 2064 1508 2143 Hipparchus

148 2170 218 2213 rere
241 2155 271 2211 in
295 2151 338 2227 Q,
361 2151 441 2228 quod
463 2151 627 2229 Hipparchi
650 2159 780 2228 tempore
803 2153 859 2211 luit
882 2171 1000 2225 rerum,
1032 2154 1108 2212 sicut
1132 2170 1234 2213 rerum
1257 2152 1294 2211 dc
1310 2162 1409 2213 nostro
1434 2163 1509 2213 tcm-

147 2258 235 2317 pore,
259 2240 340 2317 quod
362 2240 450 2316 polus
472 2243 511 2299 sit
533 2242 562 2298 in
586 2263 614 2311 a,
645 2241 745 2315 itaquo
768 2239 851 2299 lucus
873 2240 935 2317 poli
958 2242 1013 2299 sub
1035 2239 1101 2299 fisis
1123 2241 1179 2299 suit
1202 2247 1342 2300 mutatus.
1386 2240 1508 2301 Nullum

148 2332 238 2405 igitur
267 2327 428 2388 absurdum
458 2327 494 2387 dc
525 2327 650 2387 diversis
681 2329 872 2403 temporibus.
919 2326 997 2387 Olim
1020 2330 1109 2403 igitur
1132 2328 1159 2387 G
1182 2330 1335 2388 circinavit
1366 2329 1507 2391 circulum

147 2441 210 2489 aar,
237 2413 295 2475 120
310 2418 363 2475 24‘
385 2416 612 2489 semidiametro,
636 2413 724 2474 hodie
741 2412 776 2475 30
792 2414 843 2474 210
865 2416 1082 2475 semidiametro
1098 2423 1128 2475 ct
1144 2434 1258 2492 semper
1280 2418 1375 2475 minus
1394 2421 1508 2477 minus-

147 2521 217 2580 que.
262 2502 310 2563 Τιι
333 2520 404 2563 vero
427 2504 519 2563 lector
541 2510 612 2562 nota
635 2504 729 2561 obiter
752 2510 782 2561 et
803 2502 878 2562 hoc:
905 2503 1071 2579 ,circellum
1096 2506 1159 2582 (alp,
1184 2505 1268 2580 cujus
1291 2504 1509 2567 semidiameter
1606 2518 1609 2523 ·

148 2588 185 2652 30
202 2594 264 2664 24‘,
289 2592 339 2649 vix
363 2590 514 2651 oculorum
537 2594 600 2650 acie
624 2589 878 2666 concipiendum.“
924 2590 955 2650 Si
980 2591 1016 2650 dc
1040 2596 1168 2651 essentia
1191 2592 1291 2652 circuli
1313 2592 1459 2668 loquitur,
1482 2595 1508 2651 is

146 2696 208 2739 non
231 2685 276 2738 est
299 2677 433 2755 depictus
455 2681 517 2737 suis
532 2677 689 2747 coloribus,
714 2685 758 2736 cst
782 2677 939 2754 degenere
963 2696 1072 2753 corum,
1096 2697 1173 2755 quae
1196 2679 1270 2739 fiunt
1292 2688 1389 2740 motus
1407 2698 1505 2753 eausa,

146 2784 208 2825 non
231 2783 340 2839 eorum,
364 2784 441 2842 quac
463 2774 540 2839 stant,
564 2766 623 2825 imo
647 2774 691 2824 est
714 2767 886 2841 imaginatio
910 2784 998 2840 mera,
1021 2776 1134 2827 motum
1150 2770 1246 2844 ipsum
1262 2769 1388 2841 imitans,
1413 2768 1507 2828 oculis

147 2856 239 2930 igitur
260 2856 380 2912 minime
402 2856 535 2927 cernitur,
559 2853 638 2930 quod
662 2870 814 2929 perperam
838 2853 909 2911 mihi
933 2854 1067 2914 coneedit
1081 2854 1213 2930 Scaliger
1234 2855 1379 2931 particula
1403 2858 1505 2937 „rix“.

145 2942 225 3001 Nam
246 2943 272 2999 si
295 2938 386 3021 „rir“
411 2948 583 3014 cerneretur,
608 2949 774 3000 cerneretur
795 2943 893 3017 igitur.
938 2942 991 3000 Sin
1013 2941 1144 3018 loquitur
1167 2942 1298 3019 Scaliger
1326 2944 1362 3003 dc
1387 2947 1507 3017 quanti·

147 3038 221 3101 tate,
243 3046 303 3086 non
327 3046 402 3105 opus
425 3037 470 3087 est
492 3031 555 3088 acie
579 3028 730 3087 oculorum
753 3028 790 3087 ad
815 3028 1104 3104 comprehendendos
1129 3030 1163 3090 30
1180 3034 1231 3089 24’
1254 3038 1305 3088 aut
1329 3029 1450 3107 duplum
1473 3026 1509 3091 60

150 3118 213 3179 18’.
251 3116 328 3174 Nom
343 3118 442 3176 Solem
467 3128 495 3176 et
510 3117 626 3176 Lunam
649 3116 787 3175 facillime
811 3120 964 3189 cernimus,
988 3135 1065 3192 quae
1080 3118 1191 3177 habent
1206 3118 1380 3177 diametrum
1398 3118 1433 3177 00
1445 3122 1507 3191 30‘,

148 3204 321 3279 hecleeuplo
345 3207 495 3263 minorent.
527 3204 626 3263 l'allor
649 3220 685 3261 un
709 3202 849 3262 ridiculus
873 3205 961 3263 honre
985 3205 1086 3264 haeret
1109 3208 1138 3262 in
1154 3205 1244 3281 globo
1267 3206 1378 3281 ligneo,
1402 3208 1430 3264 in
1448 3224 1506 3283 quo

148 3291 284 3351 circellus
308 3294 363 3352 iste
388 3291 554 3367 depingitur
578 3309 673 3368 aegre,
697 3308 763 3349 cum
786 3294 849 3350 axis
872 3310 946 3367 pene
970 3292 1087 3367 expleat
1110 3294 1173 3369 ejus
1196 3292 1325 3369 planum.

252 3378 287 3436 In
317 3379 431 3439 scholio
461 3397 560 3438 rerum
590 3381 706 3454 scripsit
728 3376 931 3455 Hipparchus,
963 3397 1017 3438 suo
1042 3390 1172 3456 terrrporo
1195 3380 1327 3455 polarem
1355 3383 1506 3441 strinxisse

146 3460 333 3527 horizontem
355 3470 406 3539 iis,
431 3469 533 3541 quiin
557 3466 698 3543 parallelo
722 3471 770 3526 333
794 3469 924 3545 dispar-3,
949 3469 1058 3543 quippe
1082 3485 1205 3544 qnorum
1228 3468 1354 3528 altitudo
1377 3470 1439 3545 poli
1462 3478 1506 3529 est

149 3552 208 3613 120
223 3558 285 3617 tl‘.
322 3554 398 3627 Hoc,
423 3554 561 3630 Scaliger·
575 3557 625 3628 ait,
650 3572 682 3613 se
706 3554 831 3613 refutare
854 3555 941 3614 velle.
980 3555 1100 3614 Frustra
1123 3556 1180 3615 hoc
1202 3567 1415 3632 exspectamus.
1453 3558 1505 3615 la-

147 3644 231 3701 terim
253 3647 327 3701 nota
349 3660 462 3701 rursum
477 3645 685 3718 impingentem
707 3640 885 3701 locutionem
902 3643 982 3718 ejas:
1003 3648 1097 3701 circuli
1116 3648 1200 3716 hujus
1218 3648 1422 3718 circurnpolaris
1441 3663 1505 3715 pars

145 3733 668 3802 133331333333133111331333133..
704 3728 736 3787 Sl
760 3733 1007 3806 comparationem
1038 3732 1165 3789 instituis
1194 3732 1232 3789 ad
1260 3732 1373 3807 polam,
1404 3747 1505 3788 ornnes

148 3819 249 3878 circuli
272 3817 408 3897 paralleli
432 3826 530 3893 partes
553 3834 647 3891 acque
670 3829 738 3875 sunt
761 3817 904 3891 boreales,
927 3820 973 3876 sin
996 3817 1034 3878 acl
1057 3821 1206 3893 uerticem,
1232 3837 1267 3878 ea
1290 3837 1367 3894 quac
1390 3820 1505 3890 stringit

146 3907 331 3966 horizontem
353 3913 399 3966 est
421 3904 539 3982 quidem
562 3904 765 3965 borcalissima
788 3922 853 3965 cum
876 3907 1002 3981 stringit,
1025 3914 1056 3966 at
1078 3924 1130 3983 per
1151 3909 1279 3983 spatium
1305 3913 1346 3965 24
1368 3905 1505 3964 horarum

148 4012 248 4055 omnes
271 3996 430 4070 stringunt.

253 4081 393 4142 Absurde
409 4079 547 4157 lV.**'⁶)
592 4078 720 4139 Rursum
753 4096 853 4141 verum
884 4088 946 4157 331,
976 4080 1045 4142 olim
1076 4080 1177 4143 stellas
1206 4080 1350 4157 quasdam
1380 4080 1507 4137 minores

150 4266 204 4307 esto
222 4259 349 4306 muimus
368 4254 476 4305 circulus
494 4270 540 4319 per
557 4256 631 4319 palos
650 4254 739 4302 usundi
755 4272 776 4319 s,
796 4256 813 4303 S
832 4256 969 4317 transiens,
992 4253 1131 4303 culminans
1149 4261 1232 4302 autam
1252 4269 1307 4303 cum
1326 4274 1351 4313 q,
1371 4254 1395 4301 h.
1413 4266 1436 4302 e.
1457 4252 1503 4301 12¹¹

148 4330 240 4377 Librae
260 4328 406 4378 hodiernae.
442 4326 566 4374 Punctum
585 4331 668 4373 sutem
688 4325 708 4382 Q
728 4324 804 4372 distet
822 4340 836 4371 a
855 4323 926 4373 stella
945 4328 963 4371 (l
982 4326 1028 4373 120
1042 4326 1093 4387 24¹,
1114 4331 1263 4389 quantorum
1281 4326 1401 4384 graciarum
1417 4324 1448 4372 15
1469 4327 1506 4369 est

148 4414 221 4448 arcus
239 4400 283 4447 ωδ
303 4405 348 4446 out
372 4403 521 4461 quantorum
542 4394 572 4445 3⁰
591 4398 635 4445 24¹
655 4394 855 4443 semidiametrus
879 4394 975 4443 circelli
992 4397 1067 4459 ιὼς-’,1.
1103 4397 1158 4443 1133
1182 4400 1302 4459 punctum
1326 4396 1361 4443 ibi
1384 4394 1463 4441 t'uissc
1482 4397 1507 4438 et

146 4484 193 4532 pro
207 4470 270 4533 polo
288 4468 376 4515 muudi
397 4469 427 4515 ab
447 4466 597 4529 Hipparcho
616 4471 745 4528 acceptum
766 4468 851 4525 luisse,
871 4467 985 4529 sequenti
1006 4468 1087 4527 capitu
1106 4466 1240 4528 aperietur.

254 4538 277 4595 ⁸)
296 4540 419 4598 Scaliger:
438 4538 582 4585 Absurduur
595 4538 614 4588 l.
632 4534 662 4586 Si
681 4537 711 4597 Q,
732 4542 760 4583 31
776 4542 850 4599 putat
861 4537 1028 4600 Hipparchus,
1049 4544 1086 4584 est
1103 4534 1178 4597 polus
1196 4535 1292 4597 muudi,
1311 4550 1368 4594 ergo
1382 4533 1430 4579 dito
1450 4531 1506 4594 poli

149 4610 172 4671 Q
191 4618 216 4657 et
235 4628 247 4660 3
268 4609 299 4656 ad
319 4609 418 4656 easdem
436 4612 518 4672 partes
538 4608 659 4669 sphaerae
678 4612 763 4671 31331,
782 4608 827 4669 qui
845 4620 895 4654 non
914 4612 1020 4669 possunt
1039 4621 1104 4667 csso,
1123 4607 1172 4653 nisi
1190 4607 1217 4652 in
1236 4606 1360 4667 oppositis
1378 4603 1503 4666 partibus.

259 4680 295 4743 “J
315 4679 434 4728 Stellati
454 4681 480 4726 13
499 4680 660 4726 conversione
678 4676 766 4725 mundi
784 4680 849 4725 cirea
866 4678 953 4741 palma
972 4696 985 4726 s
1003 4674 1130 4725 circellum
1154 4677 1196 4721 rix
1220 4676 1348 4723 oculorum
1373 4675 1428 4720 acie
1447 4686 1505 4719 333-

150 4749 297 4813 cipiendnm
317 4751 381 4815 αδργ
401 4749 528 4811 describit,
549 4750 636 4799 semid.
658 4749 687 4798 30
706 4745 749 4797 210
768 4753 814 4794 331
831 4749 925 4807 minor,
950 4756 978 4794 ut
996 4752 1067 4808 ajunt
1085 4745 1204 4809 qnidam,
1223 4744 1361 4807 codemque
1380 4748 1505 4791 momento

148 4820 272 4871 circulum
290 4824 410 4879 majmem
430 4837 478 4869 aaa
497 4820 644 4883 decirciunt‚
663 4818 750 4866 semid.
771 4818 817 4867 120
835 4817 886 4883 240,
904 4819 972 4882 quod
991 4824 1028 4865 est
1046 4816 1239 4877 ineptissimum.

256 4890 309 4956 0οἿ
326 4888 421 4942 Stellae
432 4888 462 4953 F,
479 4891 580 4940 Ecirca
597 4907 611 4939 c
629 4889 773 4938 describunt
792 4890 899 4939 circulos
918 4891 1023 4949 maJ‘orcs
1042 4882 1141 4935 circello
1159 4885 1237 4949 aoyp,
1255 4888 1331 4947 atquo
1349 4882 1436 4933 eodem
1453 4896 1506 4933 mo·
