<?xml version="1.0" encoding="UTF-8"?>
<!DOCTYPE html PUBLIC "-//W3C//DTD XHTML 1.0 Transitional//EN"
    "http://www.w3.org/TR/xhtml1/DTD/xhtml1-transitional.dtd">
<html xmlns="http://www.w3.org/1999/xhtml" xml:lang="en" lang="en">
 <head>
  <title>
</title>
<meta http-equiv="Content-Type" content="text/html;charset=utf-8" />
  <meta name='ocr-system' content='tesseract 3.04.00' />
  <meta name='ocr-capabilities' content='ocr_page ocr_carea ocr_par ocr_line ocrx_word'/>
</head>
<body>
  <div class='ocr_page' id='page_1' title='image "./joanniskepleria00frisgoog/joanniskepleria00frisgoog_0057.png"; bbox 0 0 3308 5534; ppageno 0'>
   <div class='ocr_carea' id='block_1_1' title="bbox 200 372 1006 447">
    <p class='ocr_par' dir='ltr' id='par_1_1' title="bbox 200 372 1006 447">
     <span class='ocr_line' id='line_1_1' title="bbox 200 372 1006 447; baseline -0.01 -10"><span class='ocrx_word' id='word_1_1' title='bbox 200 379 247 447; x_wconf 71' lang='lat'><strong>44</strong></span> <span class='ocrx_word' id='word_1_2' title='bbox 757 373 874 431; x_wconf 83' lang='lat' dir='ltr'><strong>Joannie</strong></span> <span class='ocrx_word' id='word_1_3' title='bbox 892 372 1006 445; x_wconf 86' lang='lat' dir='ltr'><strong>Kapleri</strong></span> 
     </span>
    </p>
   </div>
   <div class='ocr_carea' id='block_1_2' title="bbox 196 546 1570 4895">
    <p class='ocr_par' dir='ltr' id='par_1_2' title="bbox 199 546 1570 927">
     <span class='ocr_line' id='line_1_2' title="bbox 201 546 1570 622; baseline -0.004 -13"><span class='ocrx_word' id='word_1_4' title='bbox 201 552 280 609; x_wconf 89' lang='lat' dir='ltr'><strong>natci</strong></span> <span class='ocrx_word' id='word_1_5' title='bbox 297 550 410 622; x_wconf 85' lang='lat' dir='ltr'><strong>injusto,</strong></span> <span class='ocrx_word' id='word_1_6' title='bbox 428 550 602 609; x_wconf 83' lang='lat' dir='ltr'><strong>arithmetica</strong></span> <span class='ocrx_word' id='word_1_7' title='bbox 618 550 755 607; x_wconf 75' lang='lat' dir='ltr'><strong>scantiae.</strong></span> <span class='ocrx_word' id='word_1_8' title='bbox 780 548 834 605; x_wconf 85' lang='lat' dir='ltr'><strong>Sed</strong></span> <span class='ocrx_word' id='word_1_9' title='bbox 853 548 949 605; x_wconf 90' lang='lat' dir='ltr'><strong>melior</strong></span> <span class='ocrx_word' id='word_1_10' title='bbox 966 562 1073 616; x_wconf 85' lang='lat' dir='ltr'><strong>sensus,</strong></span> <span class='ocrx_word' id='word_1_11' title='bbox 1092 546 1167 617; x_wconf 88' lang='lat' dir='ltr'><strong>qnod</strong></span> <span class='ocrx_word' id='word_1_12' title='bbox 1184 562 1247 603; x_wconf 91' lang='lat' dir='ltr'><strong>cnm</strong></span> <span class='ocrx_word' id='word_1_13' title='bbox 1264 561 1359 604; x_wconf 91' lang='lat' dir='ltr'><strong>omnes</strong></span> <span class='ocrx_word' id='word_1_14' title='bbox 1377 562 1409 603; x_wconf 88' lang='lat' dir='ltr'><strong>aa</strong></span> <span class='ocrx_word' id='word_1_15' title='bbox 1426 546 1494 619; x_wconf 81' lang='lat' dir='ltr'><strong>ipsis</strong></span> <span class='ocrx_word' id='word_1_16' title='bbox 1512 548 1570 603; x_wconf 87' lang='lat' dir='ltr'><strong>aiat</strong></span> 
     </span>
     <span class='ocr_line' id='line_1_3' title="bbox 199 626 1569 701; baseline -0.004 -13"><span class='ocrx_word' id='word_1_17' title='bbox 199 633 280 689; x_wconf 83' lang='lat' dir='ltr'><strong>mites</strong></span> <span class='ocrx_word' id='word_1_18' title='bbox 298 639 327 688; x_wconf 89' lang='lat' dir='ltr'><strong>et</strong></span> <span class='ocrx_word' id='word_1_19' title='bbox 343 632 471 688; x_wconf 79' lang='lat' dir='ltr'>innoxiae</span> <span class='ocrx_word' id='word_1_20' title='bbox 490 634 589 701; x_wconf 84' lang='lat' dir='ltr'><strong>(acque</strong></span> <span class='ocrx_word' id='word_1_21' title='bbox 608 646 662 685; x_wconf 92' lang='lat' dir='ltr'><strong>non</strong></span> <span class='ocrx_word' id='word_1_22' title='bbox 680 627 793 699; x_wconf 87' lang='lat' dir='ltr'><strong>spiritus</strong></span> <span class='ocrx_word' id='word_1_23' title='bbox 811 626 850 681; x_wconf 93' lang='lat' dir='ltr'><strong>illi</strong></span> <span class='ocrx_word' id='word_1_24' title='bbox 869 634 1012 697; x_wconf 85' lang='lat' dir='ltr'><strong>apostatae</strong></span> <span class='ocrx_word' id='word_1_25' title='bbox 1031 634 1059 681; x_wconf 92' lang='lat' dir='ltr'><strong>et</strong></span> <span class='ocrx_word' id='word_1_26' title='bbox 1077 641 1203 695; x_wconf 86' lang='lat' dir='ltr'><strong>nequam,</strong></span> <span class='ocrx_word' id='word_1_27' title='bbox 1221 627 1321 696; x_wconf 88' lang='lat' dir='ltr'><strong>quibua</strong></span> <span class='ocrx_word' id='word_1_28' title='bbox 1338 635 1382 685; x_wconf 89' lang='lat' dir='ltr'><strong>eat</strong></span> <span class='ocrx_word' id='word_1_29' title='bbox 1397 644 1461 684; x_wconf 89' lang='lat' dir='ltr'><strong>cum</strong></span> <span class='ocrx_word' id='word_1_30' title='bbox 1478 628 1569 699; x_wconf 65' lang='grc' dir='ltr'><strong>Μὴ</strong></span> 
     </span>
     <span class='ocr_line' id='line_1_4' title="bbox 200 706 1567 781; baseline -0.002 -14"><span class='ocrx_word' id='word_1_31' title='bbox 200 720 230 767; x_wconf 88' lang='lat' dir='ltr'><strong>et</strong></span> <span class='ocrx_word' id='word_1_32' title='bbox 248 711 321 781; x_wconf 69' lang='lat' dir='ltr'><strong>sagis</strong></span> <span class='ocrx_word' id='word_1_33' title='bbox 340 711 539 779; x_wconf 74' lang='lat' dir='ltr'><strong>commercium,</strong></span> <span class='ocrx_word' id='word_1_34' title='bbox 558 708 604 778; x_wconf 89' lang='lat' dir='ltr'><strong>qui</strong></span> <span class='ocrx_word' id='word_1_35' title='bbox 623 722 690 763; x_wconf 87' lang='lat' dir='ltr'><strong>suae</strong></span> <span class='ocrx_word' id='word_1_36' title='bbox 703 706 875 763; x_wconf 71' lang='lat' dir='ltr'><strong>crudelitatis</strong></span> <span class='ocrx_word' id='word_1_37' title='bbox 889 713 917 762; x_wconf 90' lang='lat' dir='ltr'><strong>et</strong></span> <span class='ocrx_word' id='word_1_38' title='bbox 927 720 1062 761; x_wconf 76' lang='lat' dir='ltr'><strong>noxarum</strong></span> <span class='ocrx_word' id='word_1_39' title='bbox 1076 706 1262 763; x_wconf 86' lang='lat' dir='ltr'><strong>testimonium</strong></span> <span class='ocrx_word' id='word_1_40' title='bbox 1273 707 1377 763; x_wconf 90' lang='lat' dir='ltr'><strong>babent</strong></span> <span class='ocrx_word' id='word_1_41' title='bbox 1388 708 1567 773; x_wconf 74' lang='lat' dir='ltr'><strong>immeabile,</strong></span> 
     </span>
     <span class='ocr_line' id='line_1_5' title="bbox 201 783 1568 860; baseline -0.003 -13"><span class='ocrx_word' id='word_1_42' title='bbox 201 789 349 859; x_wconf 87' lang='lat' dir='ltr'><strong>aproprio</strong></span> <span class='ocrx_word' id='word_1_43' title='bbox 367 806 418 845; x_wconf 87' lang='lat' dir='ltr'><strong>suo</strong></span> <span class='ocrx_word' id='word_1_44' title='bbox 437 797 554 860; x_wconf 85' lang='lat' dir='ltr'><strong>patrono</strong></span> <span class='ocrx_word' id='word_1_45' title='bbox 573 785 748 857; x_wconf 84' lang='lat' dir='ltr'><strong>Porpbyric),</strong></span> <span class='ocrx_word' id='word_1_46' title='bbox 772 784 949 854; x_wconf 91' lang='lat' dir='ltr'><strong>praecipuum</strong></span> <span class='ocrx_word' id='word_1_47' title='bbox 967 792 1058 840; x_wconf 85' lang='lat' dir='ltr'><strong>tamen</strong></span> <span class='ocrx_word' id='word_1_48' title='bbox 1075 783 1128 839; x_wconf 91' lang='lat' dir='ltr'><strong>boc</strong></span> <span class='ocrx_word' id='word_1_49' title='bbox 1147 784 1228 839; x_wconf 90' lang='lat' dir='ltr'><strong>sitin</strong></span> <span class='ocrx_word' id='word_1_50' title='bbox 1246 786 1426 857; x_wconf 75' lang='lat' dir='ltr'><strong>astronomia,</strong></span> <span class='ocrx_word' id='word_1_51' title='bbox 1450 785 1568 854; x_wconf 77' lang='lat' dir='ltr'><strong>subiecti</strong></span> 
     </span>
     <span class='ocr_line' id='line_1_6' title="bbox 200 868 471 927; baseline -0.018 -1"><span class='ocrx_word' id='word_1_52' title='bbox 200 870 245 927; x_wconf 86' lang='lat' dir='ltr'><strong>aui</strong></span> <span class='ocrx_word' id='word_1_53' title='bbox 261 868 471 925; x_wconf 90' lang='lat' dir='ltr'><strong>conditionibus.</strong></span> 
     </span>
    </p>

    <p class='ocr_par' dir='ltr' id='par_1_3' title="bbox 199 942 1570 1479">
     <span class='ocr_line' id='line_1_7' title="bbox 304 942 1568 1017; baseline -0.002 -12"><span class='ocrx_word' id='word_1_54' title='bbox 304 948 350 1005; x_wconf 68' lang='grc'><strong>38.</strong></span> <span class='ocrx_word' id='word_1_55' title='bbox 368 946 546 1017; x_wconf 78' lang='lat' dir='ltr'><strong>Quaerendo,</strong></span> <span class='ocrx_word' id='word_1_56' title='bbox 571 960 643 1014; x_wconf 89' lang='lat' dir='ltr'><strong>qnae</strong></span> <span class='ocrx_word' id='word_1_57' title='bbox 661 957 746 999; x_wconf 86' lang='lat' dir='ltr'><strong>causa</strong></span> <span class='ocrx_word' id='word_1_58' title='bbox 763 944 845 1013; x_wconf 88' lang='lat' dir='ltr'><strong>hujus</strong></span> <span class='ocrx_word' id='word_1_59' title='bbox 864 942 970 999; x_wconf 88' lang='lat' dir='ltr'><strong>numeri</strong></span> <span class='ocrx_word' id='word_1_60' title='bbox 986 942 1053 998; x_wconf 91' lang='lat' dir='ltr'><strong>mibi</strong></span> <span class='ocrx_word' id='word_1_61' title='bbox 1071 942 1167 1011; x_wconf 72' lang='lat' dir='ltr'><strong>icant,</strong></span> <span class='ocrx_word' id='word_1_62' title='bbox 1193 958 1248 999; x_wconf 90' lang='lat' dir='ltr'><strong>noo</strong></span> <span class='ocrx_word' id='word_1_63' title='bbox 1266 943 1330 1013; x_wconf 87' lang='lat' dir='ltr'><strong>plns</strong></span> <span class='ocrx_word' id='word_1_64' title='bbox 1346 944 1463 1014; x_wconf 79' lang='lat' dir='ltr'><strong>proieci,</strong></span> <span class='ocrx_word' id='word_1_65' title='bbox 1484 962 1568 1017; x_wconf 84' lang='lat' dir='ltr'><strong>qaam</strong></span> 
     </span>
     <span class='ocr_line' id='line_1_8' title="bbox 200 1021 1570 1098; baseline -0.003 -15"><span class='ocrx_word' id='word_1_66' title='bbox 200 1025 275 1098; x_wconf 90' lang='lat' dir='ltr'><strong>qnod</strong></span> <span class='ocrx_word' id='word_1_67' title='bbox 292 1026 405 1081; x_wconf 90' lang='lat' dir='ltr'><strong>totidem</strong></span> <span class='ocrx_word' id='word_1_68' title='bbox 424 1026 514 1081; x_wconf 85' lang='lat' dir='ltr'><strong>inveni</strong></span> <span class='ocrx_word' id='word_1_69' title='bbox 532 1024 626 1079; x_wconf 87' lang='lat' dir='ltr'><strong>literne</strong></span> <span class='ocrx_word' id='word_1_70' title='bbox 645 1038 694 1077; x_wconf 91' lang='lat' dir='ltr'><strong>seu</strong></span> <span class='ocrx_word' id='word_1_71' title='bbox 712 1022 886 1077; x_wconf 72' lang='lat' dir='ltr'><strong>characteres</strong></span> <span class='ocrx_word' id='word_1_72' title='bbox 912 1023 940 1077; x_wconf 93' lang='lat' dir='ltr'><strong>in</strong></span> <span class='ocrx_word' id='word_1_73' title='bbox 953 1021 1063 1077; x_wconf 78' lang='lat' dir='ltr'><strong>uocibus</strong></span> <span class='ocrx_word' id='word_1_74' title='bbox 1075 1022 1257 1079; x_wconf 70' lang='lat' dir='ltr'><strong>datrmoaaio</strong></span> <span class='ocrx_word' id='word_1_75' title='bbox 1269 1022 1460 1093; x_wconf 77' lang='lat' dir='ltr'><strong>Coporniccac</strong></span> <span class='ocrx_word' id='word_1_76' title='bbox 1483 1023 1570 1093; x_wconf 90' lang='lat' dir='ltr'><strong>qnod·</strong></span> 
     </span>
     <span class='ocr_line' id='line_1_9' title="bbox 201 1100 1568 1177; baseline 0 -16"><span class='ocrx_word' id='word_1_77' title='bbox 201 1120 257 1177; x_wconf 90' lang='lat' dir='ltr'><strong>qne</strong></span> <span class='ocrx_word' id='word_1_78' title='bbox 274 1103 388 1160; x_wconf 91' lang='lat' dir='ltr'><strong>totidem</strong></span> <span class='ocrx_word' id='word_1_79' title='bbox 406 1114 472 1162; x_wconf 88' lang='lat' dir='ltr'><strong>sunt</strong></span> <span class='ocrx_word' id='word_1_80' title='bbox 489 1104 595 1160; x_wconf 76' lang='lat' dir='ltr'><strong>formae</strong></span> <span class='ocrx_word' id='word_1_81' title='bbox 619 1100 841 1171; x_wconf 85' lang='lat' dir='ltr'><strong>conjunctionum</strong></span> <span class='ocrx_word' id='word_1_82' title='bbox 866 1101 938 1155; x_wconf 87' lang='lat' dir='ltr'><strong>inter</strong></span> <span class='ocrx_word' id='word_1_83' title='bbox 960 1102 1040 1156; x_wconf 83' lang='lat' dir='ltr'><strong>bioca</strong></span> <span class='ocrx_word' id='word_1_84' title='bbox 1061 1100 1201 1170; x_wconf 82' lang='lat' dir='ltr'><strong>planetas,</strong></span> <span class='ocrx_word' id='word_1_85' title='bbox 1223 1116 1339 1169; x_wconf 90' lang='lat' dir='ltr'><strong>quorum</strong></span> <span class='ocrx_word' id='word_1_86' title='bbox 1363 1110 1428 1157; x_wconf 88' lang='lat' dir='ltr'><strong>snut</strong></span> <span class='ocrx_word' id='word_1_87' title='bbox 1452 1118 1568 1161; x_wconf 73' lang='lat' dir='ltr'><strong>nummo</strong></span> 
     </span>
     <span class='ocr_line' id='line_1_10' title="bbox 201 1179 1567 1254; baseline 0.001 -17"><span class='ocrx_word' id='word_1_88' title='bbox 201 1191 316 1254; x_wconf 81' lang='lat' dir='ltr'><strong>septem.</strong></span> <span class='ocrx_word' id='word_1_89' title='bbox 352 1186 391 1241; x_wconf 90' lang='lat' dir='ltr'><strong>Et</strong></span> <span class='ocrx_word' id='word_1_90' title='bbox 410 1184 564 1253; x_wconf 85' lang='lat' dir='ltr'><strong>jocundum</strong></span> <span class='ocrx_word' id='word_1_91' title='bbox 588 1181 642 1237; x_wconf 91' lang='lat' dir='ltr'><strong>boc</strong></span> <span class='ocrx_word' id='word_1_92' title='bbox 668 1179 788 1247; x_wconf 79' lang='lat' dir='ltr'><strong>secedit,</strong></span> <span class='ocrx_word' id='word_1_93' title='bbox 812 1180 926 1235; x_wconf 91' lang='lat' dir='ltr'><strong>totidem</strong></span> <span class='ocrx_word' id='word_1_94' title='bbox 951 1181 1033 1235; x_wconf 91' lang='lat' dir='ltr'><strong>etiam</strong></span> <span class='ocrx_word' id='word_1_95' title='bbox 1056 1195 1119 1234; x_wconf 88' lang='lat' dir='ltr'><strong>esea</strong></span> <span class='ocrx_word' id='word_1_96' title='bbox 1142 1179 1234 1248; x_wconf 87' lang='lat' dir='ltr'><strong>jactos</strong></span> <span class='ocrx_word' id='word_1_97' title='bbox 1258 1180 1382 1235; x_wconf 92' lang='lat' dir='ltr'><strong>binarum</strong></span> <span class='ocrx_word' id='word_1_98' title='bbox 1400 1188 1567 1239; x_wconf 75' lang='lat' dir='ltr'><strong>ussmmnm</strong></span> 
     </span>
     <span class='ocr_line' id='line_1_11' title="bbox 201 1258 1570 1333; baseline -0.003 -12"><span class='ocrx_word' id='word_1_99' title='bbox 201 1265 366 1321; x_wconf 74' lang='lat' dir='ltr'><strong>cubicorum.</strong></span> <span class='ocrx_word' id='word_1_100' title='bbox 404 1264 458 1319; x_wconf 85' lang='lat' dir='ltr'><strong>Est</strong></span> <span class='ocrx_word' id='word_1_101' title='bbox 485 1263 588 1333; x_wconf 92' lang='lat' dir='ltr'><strong>quippe</strong></span> <span class='ocrx_word' id='word_1_102' title='bbox 613 1262 645 1315; x_wconf 84' lang='lat'><strong>21</strong></span> <span class='ocrx_word' id='word_1_103' title='bbox 672 1276 802 1315; x_wconf 86' lang='lat' dir='ltr'><strong>numerus</strong></span> <span class='ocrx_word' id='word_1_104' title='bbox 830 1260 991 1327; x_wconf 81' lang='lat' dir='ltr'><strong>trigonicns,</strong></span> <span class='ocrx_word' id='word_1_105' title='bbox 1020 1259 1080 1313; x_wconf 91' lang='lat' dir='ltr'><strong>basi</strong></span> <span class='ocrx_word' id='word_1_106' title='bbox 1104 1259 1129 1316; x_wconf 84' lang='lat' dir='ltr'><strong>e.</strong></span> <span class='ocrx_word' id='word_1_107' title='bbox 1171 1258 1312 1328; x_wconf 77' lang='lat' dir='ltr'><strong>Allegoria</strong></span> <span class='ocrx_word' id='word_1_108' title='bbox 1337 1261 1503 1315; x_wconf 78' lang='lat' dir='ltr'><strong>evocationis</strong></span> <span class='ocrx_word' id='word_1_109' title='bbox 1523 1270 1570 1317; x_wconf 84' lang='lat' dir='ltr'><strong>eat</strong></span> 
     </span>
     <span class='ocr_line' id='line_1_12' title="bbox 199 1338 1568 1411; baseline -0.002 -13"><span class='ocrx_word' id='word_1_110' title='bbox 199 1358 234 1399; x_wconf 92' lang='lat' dir='ltr'><strong>ax</strong></span> <span class='ocrx_word' id='word_1_111' title='bbox 252 1342 346 1397; x_wconf 91' lang='lat' dir='ltr'><strong>Delrio</strong></span> <span class='ocrx_word' id='word_1_112' title='bbox 371 1348 401 1397; x_wconf 90' lang='lat' dir='ltr'><strong>et</strong></span> <span class='ocrx_word' id='word_1_113' title='bbox 421 1341 512 1411; x_wconf 79' lang='lat' dir='ltr'><strong>magia</strong></span> <span class='ocrx_word' id='word_1_114' title='bbox 534 1339 671 1408; x_wconf 90' lang='lat' dir='ltr'><strong>desumta,</strong></span> <span class='ocrx_word' id='word_1_115' title='bbox 701 1338 797 1395; x_wconf 90' lang='lat' dir='ltr'><strong>subest</strong></span> <span class='ocrx_word' id='word_1_116' title='bbox 821 1347 912 1394; x_wconf 87' lang='lat' dir='ltr'><strong>antem</strong></span> <span class='ocrx_word' id='word_1_117' title='bbox 935 1354 1032 1394; x_wconf 86' lang='lat' dir='ltr'><strong>sensus</strong></span> <span class='ocrx_word' id='word_1_118' title='bbox 1050 1338 1250 1407; x_wconf 75' lang='lat' dir='ltr'><strong>grammaticos.</strong></span> <span class='ocrx_word' id='word_1_119' title='bbox 1286 1338 1444 1409; x_wconf 70' lang='lat' dir='ltr'><strong>Evocatus,</strong></span> <span class='ocrx_word' id='word_1_120' title='bbox 1469 1339 1498 1395; x_wconf 92' lang='lat' dir='ltr'><strong>id</strong></span> <span class='ocrx_word' id='word_1_121' title='bbox 1522 1346 1568 1396; x_wconf 84' lang='lat' dir='ltr'><strong>ast</strong></span> 
     </span>
     <span class='ocr_line' id='line_1_13' title="bbox 199 1424 378 1479; baseline -0.022 0"><span class='ocrx_word' id='word_1_122' title='bbox 199 1424 378 1479; x_wconf 73' lang='lat' dir='ltr'><strong>mactatur.</strong></span> 
     </span>
    </p>

    <p class='ocr_par' dir='ltr' id='par_1_4' title="bbox 199 1496 1568 1807">
     <span class='ocr_line' id='line_1_14' title="bbox 305 1496 1568 1568; baseline -0.006 -9"><span class='ocrx_word' id='word_1_123' title='bbox 305 1502 349 1559; x_wconf 83' lang='grc'><strong>39.</strong></span> <span class='ocrx_word' id='word_1_124' title='bbox 368 1500 429 1557; x_wconf 91' lang='lat' dir='ltr'><strong>lloc</strong></span> <span class='ocrx_word' id='word_1_125' title='bbox 446 1499 528 1555; x_wconf 90' lang='lat' dir='ltr'><strong>etiam</strong></span> <span class='ocrx_word' id='word_1_126' title='bbox 552 1498 586 1553; x_wconf 92' lang='lat' dir='ltr'><strong>de</strong></span> <span class='ocrx_word' id='word_1_127' title='bbox 608 1496 779 1553; x_wconf 82' lang='lat' dir='ltr'><strong>Finnonibns</strong></span> <span class='ocrx_word' id='word_1_128' title='bbox 805 1496 1013 1567; x_wconf 78' lang='lat' dir='ltr'><strong>septentrionali</strong></span> <span class='ocrx_word' id='word_1_129' title='bbox 1036 1502 1117 1568; x_wconf 75' lang='lat' dir='ltr'><strong>gente</strong></span> <span class='ocrx_word' id='word_1_130' title='bbox 1146 1496 1297 1563; x_wconf 82' lang='lat' dir='ltr'><strong>vicinisque</strong></span> <span class='ocrx_word' id='word_1_131' title='bbox 1322 1496 1426 1566; x_wconf 85' lang='lat' dir='ltr'><strong>Lappia</strong></span> <span class='ocrx_word' id='word_1_132' title='bbox 1450 1510 1568 1553; x_wconf 83' lang='lat' dir='ltr'><strong>comme·</strong></span> 
     </span>
     <span class='ocr_line' id='line_1_15' title="bbox 200 1575 1568 1647; baseline -0.004 -10"><span class='ocrx_word' id='word_1_133' title='bbox 200 1587 291 1637; x_wconf 88' lang='lat' dir='ltr'><strong>morat</strong></span> <span class='ocrx_word' id='word_1_134' title='bbox 308 1580 392 1636; x_wconf 89' lang='lat' dir='ltr'><strong>Olaus</strong></span> <span class='ocrx_word' id='word_1_135' title='bbox 411 1586 439 1633; x_wconf 91' lang='lat' dir='ltr'><strong>et</strong></span> <span class='ocrx_word' id='word_1_136' title='bbox 457 1579 512 1635; x_wconf 91' lang='lat' dir='ltr'><strong>nlii.</strong></span> <span class='ocrx_word' id='word_1_137' title='bbox 547 1578 609 1647; x_wconf 71' lang='lat' dir='ltr'><strong>Epo</strong></span> <span class='ocrx_word' id='word_1_138' title='bbox 627 1592 692 1631; x_wconf 84' lang='lat' dir='ltr'><strong>cero</strong></span> <span class='ocrx_word' id='word_1_139' title='bbox 710 1576 745 1631; x_wconf 91' lang='lat' dir='ltr'><strong>ad</strong></span> <span class='ocrx_word' id='word_1_140' title='bbox 765 1577 918 1633; x_wconf 85' lang='lat' dir='ltr'><strong>doctrinam</strong></span> <span class='ocrx_word' id='word_1_141' title='bbox 934 1576 1043 1633; x_wconf 89' lang='lat' dir='ltr'><strong>traduxi</strong></span> <span class='ocrx_word' id='word_1_142' title='bbox 1062 1576 1097 1633; x_wconf 94' lang='lat' dir='ltr'><strong>de</strong></span> <span class='ocrx_word' id='word_1_143' title='bbox 1116 1578 1213 1634; x_wconf 84' lang='lat' dir='ltr'><strong>diebus</strong></span> <span class='ocrx_word' id='word_1_144' title='bbox 1230 1576 1417 1641; x_wconf 88' lang='lat' dir='ltr'><strong>naturalibus,</strong></span> <span class='ocrx_word' id='word_1_145' title='bbox 1439 1575 1516 1631; x_wconf 83' lang='lat' dir='ltr'><strong>sonis</strong></span> <span class='ocrx_word' id='word_1_146' title='bbox 1538 1582 1568 1631; x_wconf 88' lang='lat' dir='ltr'><strong>et</strong></span> 
     </span>
     <span class='ocr_line' id='line_1_16' title="bbox 201 1655 1568 1728; baseline -0.005 -13"><span class='ocrx_word' id='word_1_147' title='bbox 201 1659 356 1717; x_wconf 86' lang='lat' dir='ltr'><strong>climatibus</strong></span> <span class='ocrx_word' id='word_1_148' title='bbox 374 1668 403 1715; x_wconf 88' lang='lat' dir='ltr'><strong>et</strong></span> <span class='ocrx_word' id='word_1_149' title='bbox 421 1659 456 1714; x_wconf 94' lang='lat' dir='ltr'><strong>ad</strong></span> <span class='ocrx_word' id='word_1_150' title='bbox 475 1658 669 1728; x_wconf 84' lang='lat' dir='ltr'><strong>experientiam</strong></span> <span class='ocrx_word' id='word_1_151' title='bbox 688 1656 887 1711; x_wconf 89' lang='lat' dir='ltr'><strong>llollandorum</strong></span> <span class='ocrx_word' id='word_1_152' title='bbox 905 1658 933 1713; x_wconf 92' lang='lat' dir='ltr'><strong>in</strong></span> <span class='ocrx_word' id='word_1_153' title='bbox 953 1658 1021 1712; x_wconf 83' lang='lat' dir='ltr'><strong>mari</strong></span> <span class='ocrx_word' id='word_1_154' title='bbox 1039 1658 1156 1725; x_wconf 75' lang='lat' dir='ltr'><strong>glaciali,</strong></span> <span class='ocrx_word' id='word_1_155' title='bbox 1174 1656 1222 1725; x_wconf 93' lang='lat' dir='ltr'><strong>qui</strong></span> <span class='ocrx_word' id='word_1_156' title='bbox 1240 1655 1332 1710; x_wconf 90' lang='lat' dir='ltr'><strong>omnia</strong></span> <span class='ocrx_word' id='word_1_157' title='bbox 1349 1656 1390 1709; x_wconf 87' lang='lat' dir='ltr'><strong>sic</strong></span> <span class='ocrx_word' id='word_1_158' title='bbox 1407 1662 1568 1724; x_wconf 88' lang='lat' dir='ltr'><strong>comparata</strong></span> 
     </span>
     <span class='ocr_line' id='line_1_17' title="bbox 199 1733 1438 1807; baseline -0.006 -10"><span class='ocrx_word' id='word_1_159' title='bbox 199 1740 372 1807; x_wconf 80' lang='lat' dir='ltr'><strong>invenerunt,</strong></span> <span class='ocrx_word' id='word_1_160' title='bbox 390 1747 421 1795; x_wconf 91' lang='lat' dir='ltr'><strong>nt</strong></span> <span class='ocrx_word' id='word_1_161' title='bbox 438 1756 489 1795; x_wconf 89' lang='lat' dir='ltr'><strong>nos</strong></span> <span class='ocrx_word' id='word_1_162' title='bbox 508 1738 656 1795; x_wconf 87' lang='lat' dir='ltr'><strong>astronomi</strong></span> <span class='ocrx_word' id='word_1_163' title='bbox 674 1738 720 1793; x_wconf 89' lang='lat' dir='ltr'><strong>hic</strong></span> <span class='ocrx_word' id='word_1_164' title='bbox 738 1737 804 1792; x_wconf 85' lang='lat' dir='ltr'><strong>ioris</strong></span> <span class='ocrx_word' id='word_1_165' title='bbox 819 1737 877 1805; x_wconf 86' lang='lat' dir='ltr'><strong>jnm</strong></span> <span class='ocrx_word' id='word_1_166' title='bbox 896 1754 913 1793; x_wconf 88' lang='lat' dir='ltr'><strong>a</strong></span> <span class='ocrx_word' id='word_1_167' title='bbox 931 1738 1022 1793; x_wconf 89' lang='lat' dir='ltr'><strong>multis</strong></span> <span class='ocrx_word' id='word_1_168' title='bbox 1041 1738 1141 1793; x_wconf 87' lang='lat' dir='ltr'><strong>seculis</strong></span> <span class='ocrx_word' id='word_1_169' title='bbox 1158 1733 1282 1793; x_wconf 90' lang='lat' dir='ltr'><strong>docendo</strong></span> <span class='ocrx_word' id='word_1_170' title='bbox 1300 1734 1438 1791; x_wconf 84' lang='lat' dir='ltr'><strong>scivimus.</strong></span> 
     </span>
    </p>

    <p class='ocr_par' dir='ltr' id='par_1_5' title="bbox 196 1812 1568 1969">
     <span class='ocr_line' id='line_1_18' title="bbox 305 1812 1568 1887; baseline -0.006 -10"><span class='ocrx_word' id='word_1_171' title='bbox 305 1820 350 1877; x_wconf 78' lang='lat' dir='ltr'><strong>db.</strong></span> <span class='ocrx_word' id='word_1_172' title='bbox 370 1819 465 1875; x_wconf 88' lang='lat' dir='ltr'><strong>Priora</strong></span> <span class='ocrx_word' id='word_1_173' title='bbox 483 1819 518 1874; x_wconf 94' lang='lat' dir='ltr'><strong>da</strong></span> <span class='ocrx_word' id='word_1_174' title='bbox 536 1818 625 1887; x_wconf 73' lang='lat' dir='ltr'><strong>pingis</strong></span> <span class='ocrx_word' id='word_1_175' title='bbox 644 1824 777 1871; x_wconf 88' lang='lat' dir='ltr'><strong>terrarum</strong></span> <span class='ocrx_word' id='word_1_176' title='bbox 796 1825 874 1871; x_wconf 90' lang='lat' dir='ltr'><strong>erant</strong></span> <span class='ocrx_word' id='word_1_177' title='bbox 892 1818 990 1887; x_wconf 85' lang='lat' dir='ltr'><strong>posita,</strong></span> <span class='ocrx_word' id='word_1_178' title='bbox 1009 1832 1080 1884; x_wconf 88' lang='lat' dir='ltr'><strong>quae</strong></span> <span class='ocrx_word' id='word_1_179' title='bbox 1098 1816 1133 1870; x_wconf 88' lang='lat' dir='ltr'><strong>ab</strong></span> <span class='ocrx_word' id='word_1_180' title='bbox 1150 1813 1262 1870; x_wconf 90' lang='lat' dir='ltr'><strong>bomine</strong></span> <span class='ocrx_word' id='word_1_181' title='bbox 1273 1814 1342 1869; x_wconf 87' lang='lat' dir='ltr'><strong>adiri</strong></span> <span class='ocrx_word' id='word_1_182' title='bbox 1354 1818 1479 1882; x_wconf 85' lang='lat' dir='ltr'><strong>possunt,</strong></span> <span class='ocrx_word' id='word_1_183' title='bbox 1497 1812 1568 1869; x_wconf 85' lang='lat' dir='ltr'><strong>baec</strong></span> 
     </span>
     <span class='ocr_line' id='line_1_19' title="bbox 196 1895 806 1969; baseline -0.015 -14"><span class='ocrx_word' id='word_1_184' title='bbox 196 1900 254 1969; x_wconf 84' lang='lat' dir='ltr'><strong>jam</strong></span> <span class='ocrx_word' id='word_1_185' title='bbox 272 1898 307 1954; x_wconf 91' lang='lat' dir='ltr'><strong>de</strong></span> <span class='ocrx_word' id='word_1_186' title='bbox 325 1897 488 1955; x_wconf 90' lang='lat' dir='ltr'><strong>coelestibus</strong></span> <span class='ocrx_word' id='word_1_187' title='bbox 508 1896 664 1965; x_wconf 69' lang='lat' dir='ltr'><strong>regionibns</strong></span> <span class='ocrx_word' id='word_1_188' title='bbox 684 1895 806 1965; x_wconf 88' lang='lat' dir='ltr'><strong>occipite.</strong></span> 
     </span>
    </p>

    <p class='ocr_par' dir='ltr' id='par_1_6' title="bbox 197 1972 1567 2363">
     <span class='ocr_line' id='line_1_20' title="bbox 303 1972 1566 2047; baseline -0.005 -14"><span class='ocrx_word' id='word_1_189' title='bbox 303 1978 348 2034; x_wconf 82' lang='lat' dir='ltr'><strong>tt.</strong></span> <span class='ocrx_word' id='word_1_190' title='bbox 367 1976 505 2047; x_wconf 87' lang='lat' dir='ltr'><strong>Populure</strong></span> <span class='ocrx_word' id='word_1_191' title='bbox 527 1991 647 2031; x_wconf 88' lang='lat' dir='ltr'><strong>scomma</strong></span> <span class='ocrx_word' id='word_1_192' title='bbox 666 1980 722 2042; x_wconf 84' lang='lat' dir='ltr'><strong>est,</strong></span> <span class='ocrx_word' id='word_1_193' title='bbox 749 1974 858 2029; x_wconf 90' lang='lat' dir='ltr'><strong>credam</strong></span> <span class='ocrx_word' id='word_1_194' title='bbox 881 1973 986 2043; x_wconf 90' lang='lat' dir='ltr'><strong>potius,</strong></span> <span class='ocrx_word' id='word_1_195' title='bbox 1014 1989 1097 2042; x_wconf 86' lang='lat' dir='ltr'><strong>quern</strong></span> <span class='ocrx_word' id='word_1_196' title='bbox 1119 1979 1151 2027; x_wconf 88' lang='lat' dir='ltr'><strong>nt</strong></span> <span class='ocrx_word' id='word_1_197' title='bbox 1176 1972 1204 2028; x_wconf 93' lang='lat' dir='ltr'><strong>in</strong></span> <span class='ocrx_word' id='word_1_198' title='bbox 1223 1986 1280 2027; x_wconf 85' lang='lat' dir='ltr'><strong>rem</strong></span> <span class='ocrx_word' id='word_1_199' title='bbox 1303 1982 1476 2042; x_wconf 75' lang='lat' dir='ltr'><strong>praesentem</strong></span> <span class='ocrx_word' id='word_1_200' title='bbox 1495 1988 1566 2027; x_wconf 89' lang='lat' dir='ltr'><strong>eam.</strong></span> 
     </span>
     <span class='ocr_line' id='line_1_21' title="bbox 198 2050 1567 2125; baseline -0.003 -14"><span class='ocrx_word' id='word_1_201' title='bbox 198 2054 394 2125; x_wconf 76' lang='lat' dir='ltr'><strong>Quaeructqua</strong></span> <span class='ocrx_word' id='word_1_202' title='bbox 412 2055 545 2125; x_wconf 83' lang='lat' dir='ltr'><strong>plerique,</strong></span> <span class='ocrx_word' id='word_1_203' title='bbox 564 2053 704 2108; x_wconf 92' lang='lat' dir='ltr'><strong>dudnmne</strong></span> <span class='ocrx_word' id='word_1_204' title='bbox 723 2068 758 2107; x_wconf 91' lang='lat' dir='ltr'><strong>ex</strong></span> <span class='ocrx_word' id='word_1_205' title='bbox 776 2052 853 2107; x_wconf 89' lang='lat' dir='ltr'><strong>coelo</strong></span> <span class='ocrx_word' id='word_1_206' title='bbox 871 2054 977 2122; x_wconf 87' lang='lat' dir='ltr'><strong>delapsi</strong></span> <span class='ocrx_word' id='word_1_207' title='bbox 995 2054 1080 2108; x_wconf 89' lang='lat' dir='ltr'><strong>aimus</strong></span> <span class='ocrx_word' id='word_1_208' title='bbox 1098 2052 1267 2107; x_wconf 77' lang='lat' dir='ltr'><strong>astronomi?</strong></span> <span class='ocrx_word' id='word_1_209' title='bbox 1299 2052 1406 2119; x_wconf 83' lang='lat' dir='ltr'><strong>eribua</strong></span> <span class='ocrx_word' id='word_1_210' title='bbox 1424 2052 1513 2117; x_wconf 66' lang='lat' dir='ltr'><strong>mauis</strong></span> <span class='ocrx_word' id='word_1_211' title='bbox 1530 2050 1567 2107; x_wconf 86' lang='lat' dir='ltr'><strong>ad</strong></span> 
     </span>
     <span class='ocr_line' id='line_1_22' title="bbox 198 2133 1567 2205; baseline -0.002 -15"><span class='ocrx_word' id='word_1_212' title='bbox 198 2141 310 2204; x_wconf 86' lang='lat' dir='ltr'><strong>captum</strong></span> <span class='ocrx_word' id='word_1_213' title='bbox 327 2152 406 2189; x_wconf 90' lang='lat' dir='ltr'><strong>suurn</strong></span> <span class='ocrx_word' id='word_1_214' title='bbox 426 2134 568 2205; x_wconf 87' lang='lat' dir='ltr'><strong>respondit</strong></span> <span class='ocrx_word' id='word_1_215' title='bbox 587 2134 702 2190; x_wconf 83' lang='lat' dir='ltr'><strong>Galilaci</strong></span> <span class='ocrx_word' id='word_1_216' title='bbox 729 2133 845 2188; x_wconf 88' lang='lat' dir='ltr'><strong>rumeins</strong></span> <span class='ocrx_word' id='word_1_217' title='bbox 870 2133 1008 2201; x_wconf 83' lang='lat' dir='ltr'><strong>siderens3</strong></span> <span class='ocrx_word' id='word_1_218' title='bbox 1034 2140 1063 2189; x_wconf 89' lang='lat' dir='ltr'><strong>at</strong></span> <span class='ocrx_word' id='word_1_219' title='bbox 1080 2134 1196 2190; x_wconf 83' lang='lat' dir='ltr'><strong>validius</strong></span> <span class='ocrx_word' id='word_1_220' title='bbox 1224 2142 1266 2189; x_wconf 90' lang='lat' dir='ltr'><strong>est</strong></span> <span class='ocrx_word' id='word_1_221' title='bbox 1289 2134 1404 2188; x_wconf 88' lang='lat' dir='ltr'><strong>rationis</strong></span> <span class='ocrx_word' id='word_1_222' title='bbox 1425 2133 1567 2200; x_wconf 75' lang='lat' dir='ltr'><strong>iodicium,</strong></span> 
     </span>
     <span class='ocr_line' id='line_1_23' title="bbox 197 2213 1566 2284; baseline 0.001 -15"><span class='ocrx_word' id='word_1_223' title='bbox 197 2230 270 2284; x_wconf 91' lang='lat' dir='ltr'><strong>qnae</strong></span> <span class='ocrx_word' id='word_1_224' title='bbox 286 2214 365 2271; x_wconf 88' lang='lat' dir='ltr'><strong>testis</strong></span> <span class='ocrx_word' id='word_1_225' title='bbox 384 2221 428 2270; x_wconf 88' lang='lat' dir='ltr'><strong>est</strong></span> <span class='ocrx_word' id='word_1_226' title='bbox 445 2214 519 2269; x_wconf 91' lang='lat' dir='ltr'><strong>omni</strong></span> <span class='ocrx_word' id='word_1_227' title='bbox 537 2213 699 2283; x_wconf 86' lang='lat' dir='ltr'><strong>exceptione</strong></span> <span class='ocrx_word' id='word_1_228' title='bbox 717 2213 813 2281; x_wconf 76' lang='lat' dir='ltr'><strong>maior,</strong></span> <span class='ocrx_word' id='word_1_229' title='bbox 834 2213 908 2282; x_wconf 88' lang='lat' dir='ltr'><strong>qood</strong></span> <span class='ocrx_word' id='word_1_230' title='bbox 925 2213 1033 2283; x_wconf 86' lang='lat' dir='ltr'><strong>experti</strong></span> <span class='ocrx_word' id='word_1_231' title='bbox 1052 2220 1117 2269; x_wconf 89' lang='lat' dir='ltr'><strong>snut</strong></span> <span class='ocrx_word' id='word_1_232' title='bbox 1133 2214 1264 2269; x_wconf 88' lang='lat' dir='ltr'><strong>llollandi</strong></span> <span class='ocrx_word' id='word_1_233' title='bbox 1281 2214 1310 2270; x_wconf 93' lang='lat' dir='ltr'><strong>in</strong></span> <span class='ocrx_word' id='word_1_234' title='bbox 1327 2213 1382 2270; x_wconf 91' lang='lat' dir='ltr'><strong>illis</strong></span> <span class='ocrx_word' id='word_1_235' title='bbox 1400 2214 1458 2270; x_wconf 82' lang='lat' dir='ltr'><strong>snio</strong></span> <span class='ocrx_word' id='word_1_236' title='bbox 1476 2214 1566 2271; x_wconf 89' lang='lat' dir='ltr'><strong>biber·</strong></span> 
     </span>
     <span class='ocr_line' id='line_1_24' title="bbox 198 2293 404 2363; baseline -0.019 -14"><span class='ocrx_word' id='word_1_237' title='bbox 198 2293 250 2363; x_wconf 88' lang='lat' dir='ltr'><strong>nis,</strong></span> <span class='ocrx_word' id='word_1_238' title='bbox 268 2310 341 2349; x_wconf 90' lang='lat' dir='ltr'><strong>num.</strong></span> <span class='ocrx_word' id='word_1_239' title='bbox 362 2294 404 2347; x_wconf 69' lang='lat' dir='ltr'><strong>ete.</strong></span> 
     </span>
    </p>

    <p class='ocr_par' dir='ltr' id='par_1_7' title="bbox 198 2370 1567 2521">
     <span class='ocr_line' id='line_1_25' title="bbox 303 2370 1567 2442; baseline 0 -15"><span class='ocrx_word' id='word_1_240' title='bbox 303 2372 346 2427; x_wconf 83' lang='lat' dir='ltr'><strong>l2.</strong></span> <span class='ocrx_word' id='word_1_241' title='bbox 361 2372 440 2425; x_wconf 81' lang='lat' dir='ltr'><strong>Lerna</strong></span> <span class='ocrx_word' id='word_1_242' title='bbox 453 2370 585 2425; x_wconf 83' lang='lat' dir='ltr'><strong>Hebraeis</strong></span> <span class='ocrx_word' id='word_1_243' title='bbox 598 2378 639 2425; x_wconf 88' lang='lat' dir='ltr'><strong>est</strong></span> <span class='ocrx_word' id='word_1_244' title='bbox 650 2371 762 2427; x_wconf 64' lang='lat' dir='ltr'><strong>lrebona</strong></span> <span class='ocrx_word' id='word_1_245' title='bbox 772 2370 1097 2442; x_wconf 73' lang='lat' dir='ltr'><strong>cctnecnnqsuemods</strong></span> <span class='ocrx_word' id='word_1_246' title='bbox 1108 2373 1185 2442; x_wconf 88' lang='lat' dir='ltr'><strong>potui</strong></span> <span class='ocrx_word' id='word_1_247' title='bbox 1197 2373 1357 2441; x_wconf 78' lang='lat' dir='ltr'><strong>indigetare,</strong></span> <span class='ocrx_word' id='word_1_248' title='bbox 1370 2372 1419 2427; x_wconf 91' lang='lat' dir='ltr'><strong>ecd</strong></span> <span class='ocrx_word' id='word_1_249' title='bbox 1431 2372 1567 2429; x_wconf 84' lang='lat' dir='ltr'><strong>hebraeae</strong></span> 
     </span>
     <span class='ocr_line' id='line_1_26' title="bbox 198 2448 1525 2521; baseline -0.001 -13"><span class='ocrx_word' id='word_1_250' title='bbox 198 2464 289 2519; x_wconf 77' lang='lat' dir='ltr'><strong>voees,</strong></span> <span class='ocrx_word' id='word_1_251' title='bbox 305 2449 465 2506; x_wconf 79' lang='lat' dir='ltr'><strong>remotiores</strong></span> <span class='ocrx_word' id='word_1_252' title='bbox 483 2451 518 2503; x_wconf 91' lang='lat' dir='ltr'><strong>ab</strong></span> <span class='ocrx_word' id='word_1_253' title='bbox 537 2448 640 2521; x_wconf 80' lang='lat' dir='ltr'><strong>auditu,</strong></span> <span class='ocrx_word' id='word_1_254' title='bbox 660 2451 755 2519; x_wconf 78' lang='lat' dir='ltr'><strong>maiori</strong></span> <span class='ocrx_word' id='word_1_255' title='bbox 774 2452 970 2519; x_wconf 84' lang='lat' dir='ltr'><strong>superstitione</strong></span> <span class='ocrx_word' id='word_1_256' title='bbox 988 2454 1212 2509; x_wconf 85' lang='lat' dir='ltr'><strong>commendantur</strong></span> <span class='ocrx_word' id='word_1_257' title='bbox 1228 2454 1256 2507; x_wconf 92' lang='lat' dir='ltr'><strong>in</strong></span> <span class='ocrx_word' id='word_1_258' title='bbox 1275 2453 1391 2509; x_wconf 88' lang='lat' dir='ltr'><strong>occultis</strong></span> <span class='ocrx_word' id='word_1_259' title='bbox 1409 2454 1525 2509; x_wconf 88' lang='lat' dir='ltr'><strong>artibus.</strong></span> 
     </span>
    </p>

    <p class='ocr_par' dir='ltr' id='par_1_8' title="bbox 196 2524 1568 4571">
     <span class='ocr_line' id='line_1_27' title="bbox 302 2524 1568 2601; baseline 0.002 -16"><span class='ocrx_word' id='word_1_260' title='bbox 302 2529 348 2585; x_wconf 75' lang='lat'><strong>43.</strong></span> <span class='ocrx_word' id='word_1_261' title='bbox 367 2530 441 2585; x_wconf 81' lang='lat' dir='ltr'><strong>Eece</strong></span> <span class='ocrx_word' id='word_1_262' title='bbox 458 2530 574 2597; x_wconf 88' lang='lat' dir='ltr'><strong>iterum,</strong></span> <span class='ocrx_word' id='word_1_263' title='bbox 599 2524 631 2583; x_wconf 82' lang='lat' dir='ltr'><strong>&#39;ut</strong></span> <span class='ocrx_word' id='word_1_264' title='bbox 652 2546 697 2585; x_wconf 90' lang='lat' dir='ltr'><strong>mo</strong></span> <span class='ocrx_word' id='word_1_265' title='bbox 721 2532 872 2587; x_wconf 85' lang='lat' dir='ltr'><strong>necessitas</strong></span> <span class='ocrx_word' id='word_1_266' title='bbox 898 2533 959 2601; x_wconf 89' lang='lat' dir='ltr'><strong>ipsa</strong></span> <span class='ocrx_word' id='word_1_267' title='bbox 976 2548 1097 2586; x_wconf 89' lang='lat' dir='ltr'><strong>meorum</strong></span> <span class='ocrx_word' id='word_1_268' title='bbox 1115 2532 1319 2601; x_wconf 87' lang='lat' dir='ltr'><strong>suppositorum</strong></span> <span class='ocrx_word' id='word_1_269' title='bbox 1338 2530 1450 2600; x_wconf 86' lang='lat' dir='ltr'><strong>ejecerit</strong></span> <span class='ocrx_word' id='word_1_270' title='bbox 1467 2532 1495 2585; x_wconf 93' lang='lat' dir='ltr'><strong>in</strong></span> <span class='ocrx_word' id='word_1_271' title='bbox 1514 2532 1568 2587; x_wconf 89' lang='lat' dir='ltr'><strong>boc</strong></span> 
     </span>
     <span class='ocr_line' id='line_1_28' title="bbox 198 2608 1568 2679; baseline 0.001 -16"><span class='ocrx_word' id='word_1_272' title='bbox 198 2608 277 2678; x_wconf 87' lang='lat' dir='ltr'><strong>litua,</strong></span> <span class='ocrx_word' id='word_1_273' title='bbox 304 2608 377 2679; x_wconf 90' lang='lat' dir='ltr'><strong>qnod</strong></span> <span class='ocrx_word' id='word_1_274' title='bbox 398 2609 562 2665; x_wconf 83' lang='lat' dir='ltr'><strong>Plutarchus</strong></span> <span class='ocrx_word' id='word_1_275' title='bbox 584 2608 665 2679; x_wconf 79' lang='lat' dir='ltr'><strong>legit,</strong></span> <span class='ocrx_word' id='word_1_276' title='bbox 691 2609 803 2665; x_wconf 85' lang='lat' dir='ltr'><strong>Saturni</strong></span> <span class='ocrx_word' id='word_1_277' title='bbox 821 2611 927 2679; x_wconf 86' lang='lat' dir='ltr'><strong>etipse</strong></span> <span class='ocrx_word' id='word_1_278' title='bbox 950 2612 1066 2666; x_wconf 87' lang='lat' dir='ltr'><strong>reditum</strong></span> <span class='ocrx_word' id='word_1_279' title='bbox 1085 2612 1112 2665; x_wconf 91' lang='lat' dir='ltr'><strong>in</strong></span> <span class='ocrx_word' id='word_1_280' title='bbox 1131 2612 1249 2666; x_wconf 88' lang='lat' dir='ltr'><strong>Taurum</strong></span> <span class='ocrx_word' id='word_1_281' title='bbox 1271 2626 1493 2667; x_wconf 90' lang='lat' dir='ltr'><strong>commemorans.</strong></span> <span class='ocrx_word' id='word_1_282' title='bbox 1530 2612 1568 2665; x_wconf 79' lang='lat' dir='ltr'><strong>At</strong></span> 
     </span>
     <span class='ocr_line' id='line_1_29' title="bbox 199 2687 1566 2760; baseline 0 -15"><span class='ocrx_word' id='word_1_283' title='bbox 199 2688 285 2745; x_wconf 79' lang='lat' dir='ltr'><strong>series</strong></span> <span class='ocrx_word' id='word_1_284' title='bbox 304 2688 387 2757; x_wconf 83' lang='lat' dir='ltr'><strong>btrjns</strong></span> <span class='ocrx_word' id='word_1_285' title='bbox 405 2687 548 2742; x_wconf 83' lang='lat' dir='ltr'><strong>electionis</strong></span> <span class='ocrx_word' id='word_1_286' title='bbox 566 2704 643 2744; x_wconf 88' lang='lat' dir='ltr'><strong>mene</strong></span> <span class='ocrx_word' id='word_1_287' title='bbox 663 2688 727 2744; x_wconf 82' lang='lat' dir='ltr'><strong>tulis</strong></span> <span class='ocrx_word' id='word_1_288' title='bbox 745 2688 805 2743; x_wconf 83' lang='lat' dir='ltr'><strong>init</strong></span> <span class='ocrx_word' id='word_1_289' title='bbox 842 2690 948 2745; x_wconf 89' lang='lat' dir='ltr'><strong>lllorcrn</strong></span> <span class='ocrx_word' id='word_1_290' title='bbox 966 2690 1173 2753; x_wconf 76' lang='lat' dir='ltr'><strong>Astrolocorum</strong></span> <span class='ocrx_word' id='word_1_291' title='bbox 1193 2693 1332 2760; x_wconf 78' lang='lat' dir='ltr'><strong>allectas-i,</strong></span> <span class='ocrx_word' id='word_1_292' title='bbox 1351 2699 1382 2747; x_wconf 92' lang='lat' dir='ltr'><strong>nt</strong></span> <span class='ocrx_word' id='word_1_293' title='bbox 1400 2701 1455 2745; x_wconf 86' lang='lat' dir='ltr'><strong>torn</strong></span> <span class='ocrx_word' id='word_1_294' title='bbox 1475 2690 1566 2745; x_wconf 79' lang='lat' dir='ltr'><strong>Solem</strong></span> 
     </span>
     <span class='ocr_line' id='line_1_30' title="bbox 200 2765 1567 2839; baseline 0.003 -18"><span class='ocrx_word' id='word_1_295' title='bbox 200 2782 281 2835; x_wconf 86' lang='lat' dir='ltr'><strong>qnam</strong></span> <span class='ocrx_word' id='word_1_296' title='bbox 301 2765 406 2822; x_wconf 78' lang='lat' dir='ltr'><strong>lunam</strong></span> <span class='ocrx_word' id='word_1_297' title='bbox 425 2766 452 2820; x_wconf 91' lang='lat' dir='ltr'><strong>in</strong></span> <span class='ocrx_word' id='word_1_298' title='bbox 471 2767 590 2835; x_wconf 88' lang='lat' dir='ltr'><strong>propriis</strong></span> <span class='ocrx_word' id='word_1_299' title='bbox 609 2767 804 2823; x_wconf 88' lang='lat' dir='ltr'><strong>constituerem</strong></span> <span class='ocrx_word' id='word_1_300' title='bbox 824 2768 1009 2837; x_wconf 76' lang='lat' dir='ltr'><strong>dignitatibus.</strong></span> <span class='ocrx_word' id='word_1_301' title='bbox 1035 2770 1118 2839; x_wconf 82' lang='lat' dir='ltr'><strong>Atqui</strong></span> <span class='ocrx_word' id='word_1_302' title='bbox 1137 2770 1185 2825; x_wconf 81' lang='lat' dir='ltr'><strong>Sol</strong></span> <span class='ocrx_word' id='word_1_303' title='bbox 1202 2771 1231 2827; x_wconf 93' lang='lat' dir='ltr'><strong>in</strong></span> <span class='ocrx_word' id='word_1_304' title='bbox 1249 2772 1343 2827; x_wconf 91' lang='lat' dir='ltr'><strong>Leone</strong></span> <span class='ocrx_word' id='word_1_305' title='bbox 1361 2770 1498 2825; x_wconf 87' lang='lat' dir='ltr'><strong>domicilio</strong></span> <span class='ocrx_word' id='word_1_306' title='bbox 1516 2786 1567 2825; x_wconf 86' lang='lat' dir='ltr'><strong>sno</strong></span> 
     </span>
     <span class='ocr_line' id='line_1_31' title="bbox 198 2844 1567 2919; baseline 0.002 -19"><span class='ocrx_word' id='word_1_307' title='bbox 198 2844 251 2901; x_wconf 81' lang='lat' dir='ltr'><strong>tuit</strong></span> <span class='ocrx_word' id='word_1_308' title='bbox 268 2852 415 2915; x_wconf 87' lang='lat' dir='ltr'><strong>antequam</strong></span> <span class='ocrx_word' id='word_1_309' title='bbox 434 2846 590 2901; x_wconf 85' lang='lat' dir='ltr'><strong>Durocntus</strong></span> <span class='ocrx_word' id='word_1_310' title='bbox 609 2846 719 2901; x_wconf 81' lang='lat' dir='ltr'><strong>donnum</strong></span> <span class='ocrx_word' id='word_1_311' title='bbox 737 2848 840 2902; x_wconf 90' lang='lat' dir='ltr'><strong>rediret</strong></span> <span class='ocrx_word' id='word_1_312' title='bbox 878 2848 905 2901; x_wconf 93' lang='lat' dir='ltr'><strong>id</strong></span> <span class='ocrx_word' id='word_1_313' title='bbox 924 2850 1020 2903; x_wconf 90' lang='lat' dir='ltr'><strong>sinon</strong></span> <span class='ocrx_word' id='word_1_314' title='bbox 1039 2850 1151 2917; x_wconf 85' lang='lat' dir='ltr'><strong>luisset,</strong></span> <span class='ocrx_word' id='word_1_315' title='bbox 1176 2850 1224 2905; x_wconf 87' lang='lat' dir='ltr'><strong>Sol</strong></span> <span class='ocrx_word' id='word_1_316' title='bbox 1242 2850 1352 2919; x_wconf 90' lang='lat' dir='ltr'><strong>quidem</strong></span> <span class='ocrx_word' id='word_1_317' title='bbox 1373 2850 1401 2904; x_wconf 93' lang='lat' dir='ltr'><strong>in</strong></span> <span class='ocrx_word' id='word_1_318' title='bbox 1424 2864 1458 2903; x_wconf 90' lang='lat' dir='ltr'><strong>eo</strong></span> <span class='ocrx_word' id='word_1_319' title='bbox 1477 2850 1567 2915; x_wconf 71' lang='lat' dir='ltr'><strong>siquo,</strong></span> 
     </span>
     <span class='ocr_line' id='line_1_32' title="bbox 199 2922 1567 2995; baseline 0.001 -16"><span class='ocrx_word' id='word_1_320' title='bbox 199 2924 280 2979; x_wconf 77' lang='lat' dir='ltr'><strong>Luna</strong></span> <span class='ocrx_word' id='word_1_321' title='bbox 297 2924 325 2979; x_wconf 87' lang='lat' dir='ltr'><strong>iu</strong></span> <span class='ocrx_word' id='word_1_322' title='bbox 344 2928 463 2991; x_wconf 78' lang='lat' dir='ltr'><strong>cancro,</strong></span> <span class='ocrx_word' id='word_1_323' title='bbox 486 2922 567 2979; x_wconf 92' lang='lat' dir='ltr'><strong>dorno</strong></span> <span class='ocrx_word' id='word_1_324' title='bbox 585 2926 679 2980; x_wconf 86' lang='lat' dir='ltr'><strong>itidem</strong></span> <span class='ocrx_word' id='word_1_325' title='bbox 697 2942 763 2987; x_wconf 83' lang='lat' dir='ltr'><strong>sua,</strong></span> <span class='ocrx_word' id='word_1_326' title='bbox 789 2924 919 2981; x_wconf 86' lang='lat' dir='ltr'><strong>collocari</strong></span> <span class='ocrx_word' id='word_1_327' title='bbox 936 2928 1025 2995; x_wconf 87' lang='lat' dir='ltr'><strong>potnit</strong></span> <span class='ocrx_word' id='word_1_328' title='bbox 1045 2927 1205 2983; x_wconf 85' lang='lat' dir='ltr'><strong>decrescens</strong></span> <span class='ocrx_word' id='word_1_329' title='bbox 1224 2936 1253 2983; x_wconf 95' lang='lat' dir='ltr'><strong>et</strong></span> <span class='ocrx_word' id='word_1_330' title='bbox 1270 2927 1452 2994; x_wconf 64' lang='lat' dir='ltr'><strong>corniculum</strong></span> <span class='ocrx_word' id='word_1_331' title='bbox 1479 2938 1509 2983; x_wconf 86' lang='lat' dir='ltr'><strong>nt</strong></span> <span class='ocrx_word' id='word_1_332' title='bbox 1527 2926 1567 2981; x_wconf 92' lang='lat' dir='ltr'><strong>in·</strong></span> 
     </span>
     <span class='ocr_line' id='line_1_33' title="bbox 199 3002 1567 3073; baseline 0.003 -16"><span class='ocrx_word' id='word_1_333' title='bbox 199 3004 370 3059; x_wconf 89' lang='lat' dir='ltr'><strong>commodum</strong></span> <span class='ocrx_word' id='word_1_334' title='bbox 389 3003 441 3057; x_wconf 91' lang='lat' dir='ltr'><strong>boc</strong></span> <span class='ocrx_word' id='word_1_335' title='bbox 460 3018 634 3058; x_wconf 84' lang='lat' dir='ltr'><strong>accessurum</strong></span> <span class='ocrx_word' id='word_1_336' title='bbox 654 3002 718 3071; x_wconf 87' lang='lat' dir='ltr'><strong>init,</strong></span> <span class='ocrx_word' id='word_1_337' title='bbox 742 3004 817 3071; x_wconf 91' lang='lat' dir='ltr'><strong>quod</strong></span> <span class='ocrx_word' id='word_1_338' title='bbox 837 3004 926 3057; x_wconf 79' lang='lat' dir='ltr'><strong>solnn</strong></span> <span class='ocrx_word' id='word_1_339' title='bbox 946 3005 1064 3073; x_wconf 78' lang='lat' dir='ltr'><strong>cogebar</strong></span> <span class='ocrx_word' id='word_1_340' title='bbox 1087 3006 1137 3061; x_wconf 86' lang='lat' dir='ltr'><strong>sub</strong></span> <span class='ocrx_word' id='word_1_341' title='bbox 1156 3008 1297 3061; x_wconf 85' lang='lat' dir='ltr'><strong>horizonte</strong></span> <span class='ocrx_word' id='word_1_342' title='bbox 1316 3007 1403 3063; x_wconf 85' lang='lat' dir='ltr'><strong>ortico</strong></span> <span class='ocrx_word' id='word_1_343' title='bbox 1421 3006 1567 3073; x_wconf 83' lang='lat' dir='ltr'><strong>collocare,</strong></span> 
     </span>
     <span class='ocr_line' id='line_1_34' title="bbox 200 3082 1567 3151; baseline -0.002 -10"><span class='ocrx_word' id='word_1_344' title='bbox 200 3100 261 3141; x_wconf 82' lang='lat' dir='ltr'><strong>cum</strong></span> <span class='ocrx_word' id='word_1_345' title='bbox 279 3100 333 3139; x_wconf 90' lang='lat' dir='ltr'><strong>nox</strong></span> <span class='ocrx_word' id='word_1_346' title='bbox 352 3084 546 3151; x_wconf 77' lang='lat' dir='ltr'><strong>congruentius</strong></span> <span class='ocrx_word' id='word_1_347' title='bbox 565 3083 684 3151; x_wconf 73' lang='lat' dir='ltr'><strong>eligutur</strong></span> <span class='ocrx_word' id='word_1_348' title='bbox 701 3082 736 3137; x_wconf 87' lang='lat' dir='ltr'><strong>ud</strong></span> <span class='ocrx_word' id='word_1_349' title='bbox 755 3082 817 3137; x_wconf 83' lang='lat' dir='ltr'><strong>ists.</strong></span> <span class='ocrx_word' id='word_1_350' title='bbox 843 3082 960 3151; x_wconf 83' lang='lat' dir='ltr'><strong>l‘ropter</strong></span> <span class='ocrx_word' id='word_1_351' title='bbox 978 3085 1047 3139; x_wconf 84' lang='lat' dir='ltr'><strong>baec</strong></span> <span class='ocrx_word' id='word_1_352' title='bbox 1066 3084 1237 3139; x_wconf 89' lang='lat' dir='ltr'><strong>incommoda</strong></span> <span class='ocrx_word' id='word_1_353' title='bbox 1249 3085 1335 3139; x_wconf 83' lang='lat' dir='ltr'><strong>delevi</strong></span> <span class='ocrx_word' id='word_1_354' title='bbox 1348 3086 1455 3149; x_wconf 77' lang='lat' dir='ltr'><strong>sinuum</strong></span> <span class='ocrx_word' id='word_1_355' title='bbox 1469 3086 1567 3141; x_wconf 86' lang='lat' dir='ltr'><strong>l&#39;nncri</strong></span> 
     </span>
     <span class='ocr_line' id='line_1_35' title="bbox 199 3162 1567 3233; baseline 0.002 -16"><span class='ocrx_word' id='word_1_356' title='bbox 199 3162 362 3233; x_wconf 81' lang='lat' dir='ltr'><strong>decernique</strong></span> <span class='ocrx_word' id='word_1_357' title='bbox 380 3179 494 3227; x_wconf 75' lang='lat' dir='ltr'><strong>uterium,</strong></span> <span class='ocrx_word' id='word_1_358' title='bbox 524 3179 578 3231; x_wconf 91' lang='lat' dir='ltr'><strong>quo</strong></span> <span class='ocrx_word' id='word_1_359' title='bbox 597 3164 732 3217; x_wconf 79' lang='lat' dir='ltr'><strong>Saturnus</strong></span> <span class='ocrx_word' id='word_1_360' title='bbox 750 3163 777 3215; x_wconf 90' lang='lat' dir='ltr'><strong>iu</strong></span> <span class='ocrx_word' id='word_1_361' title='bbox 799 3162 902 3215; x_wconf 72' lang='lat' dir='ltr'><strong>Catrcro</strong></span> <span class='ocrx_word' id='word_1_362' title='bbox 922 3163 985 3231; x_wconf 81' lang='lat' dir='ltr'><strong>brit,</strong></span> <span class='ocrx_word' id='word_1_363' title='bbox 1013 3180 1114 3217; x_wconf 90' lang='lat' dir='ltr'><strong>annum</strong></span> <span class='ocrx_word' id='word_1_364' title='bbox 1132 3182 1170 3219; x_wconf 86' lang='lat' dir='ltr'><strong>sc.</strong></span> <span class='ocrx_word' id='word_1_365' title='bbox 1191 3166 1273 3229; x_wconf 77' lang='grc'><strong>1593,</strong></span> <span class='ocrx_word' id='word_1_366' title='bbox 1299 3180 1355 3233; x_wconf 91' lang='lat' dir='ltr'><strong>qno</strong></span> <span class='ocrx_word' id='word_1_367' title='bbox 1373 3180 1445 3219; x_wconf 89' lang='lat' dir='ltr'><strong>anne</strong></span> <span class='ocrx_word' id='word_1_368' title='bbox 1462 3166 1567 3233; x_wconf 88' lang='lat' dir='ltr'><strong>scripta</strong></span> 
     </span>
     <span class='ocr_line' id='line_1_36' title="bbox 198 3238 1566 3312; baseline 0 -15"><span class='ocrx_word' id='word_1_369' title='bbox 198 3242 250 3298; x_wconf 85' lang='lat' dir='ltr'><strong>tuit</strong></span> <span class='ocrx_word' id='word_1_370' title='bbox 267 3242 315 3298; x_wconf 87' lang='lat' dir='ltr'><strong>illa</strong></span> <span class='ocrx_word' id='word_1_371' title='bbox 333 3242 483 3311; x_wconf 80' lang='lat' dir='ltr'><strong>disputatio</strong></span> <span class='ocrx_word' id='word_1_372' title='bbox 503 3243 615 3309; x_wconf 76' lang='lat' dir='ltr'><strong>iustioris,</strong></span> <span class='ocrx_word' id='word_1_373' title='bbox 634 3248 683 3295; x_wconf 90' lang='lat' dir='ltr'><strong>tua</strong></span> <span class='ocrx_word' id='word_1_374' title='bbox 696 3238 814 3297; x_wconf 88' lang='lat' dir='ltr'><strong>Besolde</strong></span> <span class='ocrx_word' id='word_1_375' title='bbox 826 3255 921 3307; x_wconf 83' lang='lat' dir='ltr'><strong>nrunu;</strong></span> <span class='ocrx_word' id='word_1_376' title='bbox 940 3256 1008 3311; x_wconf 90' lang='lat' dir='ltr'><strong>quae</strong></span> <span class='ocrx_word' id='word_1_377' title='bbox 1027 3242 1124 3297; x_wconf 87' lang='lat' dir='ltr'><strong>lituras</strong></span> <span class='ocrx_word' id='word_1_378' title='bbox 1142 3244 1288 3298; x_wconf 88' lang='lat' dir='ltr'><strong>etiamnum</strong></span> <span class='ocrx_word' id='word_1_379' title='bbox 1308 3244 1414 3299; x_wconf 79' lang='lat' dir='ltr'><strong>invenio</strong></span> <span class='ocrx_word' id='word_1_380' title='bbox 1433 3243 1461 3297; x_wconf 90' lang='lat' dir='ltr'><strong>iu</strong></span> <span class='ocrx_word' id='word_1_381' title='bbox 1476 3245 1566 3312; x_wconf 91' lang='lat' dir='ltr'><strong>primo</strong></span> 
     </span>
     <span class='ocr_line' id='line_1_37' title="bbox 199 3320 1566 3392; baseline -0.001 -17"><span class='ocrx_word' id='word_1_382' title='bbox 199 3338 260 3375; x_wconf 89' lang='lat' dir='ltr'><strong>meo</strong></span> <span class='ocrx_word' id='word_1_383' title='bbox 279 3321 436 3389; x_wconf 84' lang='lat' dir='ltr'><strong>exemplari.</strong></span> <span class='ocrx_word' id='word_1_384' title='bbox 473 3320 599 3375; x_wconf 70' lang='lat' dir='ltr'><strong>irrisum</strong></span> <span class='ocrx_word' id='word_1_385' title='bbox 618 3322 700 3387; x_wconf 75' lang='lat' dir='ltr'><strong>icitur</strong></span> <span class='ocrx_word' id='word_1_386' title='bbox 718 3320 857 3373; x_wconf 85' lang='lat' dir='ltr'><strong>llurucoto</strong></span> <span class='ocrx_word' id='word_1_387' title='bbox 883 3334 942 3371; x_wconf 75' lang='lat' dir='ltr'><strong>mcc»</strong></span> <span class='ocrx_word' id='word_1_388' title='bbox 962 3326 1059 3375; x_wconf 80' lang='lat' dir='ltr'><strong>exacto</strong></span> <span class='ocrx_word' id='word_1_389' title='bbox 1077 3320 1166 3375; x_wconf 86' lang='lat' dir='ltr'><strong>hicme</strong></span> <span class='ocrx_word' id='word_1_390' title='bbox 1191 3322 1219 3375; x_wconf 90' lang='lat' dir='ltr'><strong>in</strong></span> <span class='ocrx_word' id='word_1_391' title='bbox 1238 3322 1327 3392; x_wconf 83' lang='lat' dir='ltr'><strong>pstriu</strong></span> <span class='ocrx_word' id='word_1_392' title='bbox 1346 3322 1475 3376; x_wconf 80' lang='lat' dir='ltr'><strong>Martium</strong></span> <span class='ocrx_word' id='word_1_393' title='bbox 1494 3322 1566 3385; x_wconf 68' lang='lat' dir='ltr'><strong>clegi</strong></span> 
     </span>
     <span class='ocr_line' id='line_1_38' title="bbox 201 3398 1566 3467; baseline 0.008 -22"><span class='ocrx_word' id='word_1_394' title='bbox 201 3400 349 3467; x_wconf 65' lang='lat' dir='ltr'><strong>solemque</strong></span> <span class='ocrx_word' id='word_1_395' title='bbox 373 3400 399 3452; x_wconf 79' lang='lat' dir='ltr'><strong>in</strong></span> <span class='ocrx_word' id='word_1_396' title='bbox 425 3400 610 3467; x_wconf 69' lang='lat' dir='ltr'><strong>aequinoctio.</strong></span> <span class='ocrx_word' id='word_1_397' title='bbox 637 3400 710 3455; x_wconf 90' lang='lat' dir='ltr'><strong>bono</strong></span> <span class='ocrx_word' id='word_1_398' title='bbox 735 3400 814 3465; x_wconf 76' lang='lat' dir='ltr'><strong>sicco</strong></span> <span class='ocrx_word' id='word_1_399' title='bbox 838 3400 1034 3459; x_wconf 71' lang='lat' dir='ltr'><strong>astronomici),</strong></span> <span class='ocrx_word' id='word_1_400' title='bbox 1057 3398 1139 3467; x_wconf 92' lang='lat' dir='ltr'><strong>iuque</strong></span> <span class='ocrx_word' id='word_1_401' title='bbox 1162 3399 1238 3454; x_wconf 90' lang='lat' dir='ltr'><strong>aditu</strong></span> <span class='ocrx_word' id='word_1_402' title='bbox 1261 3400 1362 3455; x_wconf 82' lang='lat' dir='ltr'><strong>Arietis</strong></span> <span class='ocrx_word' id='word_1_403' title='bbox 1388 3400 1566 3455; x_wconf 85' lang='lat' dir='ltr'><strong>exaltationis</strong></span> 
     </span>
     <span class='ocr_line' id='line_1_39' title="bbox 202 3478 1565 3545; baseline -0.004 -10"><span class='ocrx_word' id='word_1_404' title='bbox 202 3494 283 3539; x_wconf 71' lang='lat' dir='ltr'><strong>suae:</strong></span> <span class='ocrx_word' id='word_1_405' title='bbox 302 3478 381 3531; x_wconf 66' lang='lat' dir='ltr'><strong>laurus</strong></span> <span class='ocrx_word' id='word_1_406' title='bbox 400 3478 483 3543; x_wconf 76' lang='lat' dir='ltr'><strong>icitur</strong></span> <span class='ocrx_word' id='word_1_407' title='bbox 500 3479 523 3531; x_wconf 80' lang='lat' dir='ltr'><strong>si</strong></span> <span class='ocrx_word' id='word_1_408' title='bbox 541 3478 709 3535; x_wconf 83' lang='lat' dir='ltr'><strong>corniculata</strong></span> <span class='ocrx_word' id='word_1_409' title='bbox 729 3479 824 3535; x_wconf 84' lang='lat' dir='ltr'><strong>debuit</strong></span> <span class='ocrx_word' id='word_1_410' title='bbox 842 3478 939 3543; x_wconf 79' lang='lat' dir='ltr'><strong>rideri,</strong></span> <span class='ocrx_word' id='word_1_411' title='bbox 958 3480 986 3533; x_wconf 85' lang='lat' dir='ltr'><strong>in</strong></span> <span class='ocrx_word' id='word_1_412' title='bbox 1006 3480 1084 3545; x_wconf 77' lang='lat' dir='ltr'><strong>sipno</strong></span> <span class='ocrx_word' id='word_1_413' title='bbox 1103 3494 1132 3533; x_wconf 85' lang='lat' dir='ltr'><strong>sc</strong></span> <span class='ocrx_word' id='word_1_414' title='bbox 1161 3478 1218 3531; x_wconf 82' lang='lat' dir='ltr'><strong>Soli</strong></span> <span class='ocrx_word' id='word_1_415' title='bbox 1237 3478 1338 3541; x_wconf 80' lang='lat' dir='ltr'><strong>cicino,</strong></span> <span class='ocrx_word' id='word_1_416' title='bbox 1364 3494 1417 3531; x_wconf 88' lang='lat' dir='ltr'><strong>uon</strong></span> <span class='ocrx_word' id='word_1_417' title='bbox 1437 3478 1565 3545; x_wconf 88' lang='lat' dir='ltr'><strong>equidem</strong></span> 
     </span>
     <span class='ocr_line' id='line_1_40' title="bbox 200 3556 1565 3625; baseline 0.001 -12"><span class='ocrx_word' id='word_1_418' title='bbox 200 3560 228 3613; x_wconf 85' lang='lat' dir='ltr'><strong>in</strong></span> <span class='ocrx_word' id='word_1_419' title='bbox 247 3556 301 3611; x_wconf 83' lang='lat' dir='ltr'><strong>alio</strong></span> <span class='ocrx_word' id='word_1_420' title='bbox 327 3556 486 3621; x_wconf 73' lang='lat' dir='ltr'><strong>dimritutem</strong></span> <span class='ocrx_word' id='word_1_421' title='bbox 509 3557 629 3625; x_wconf 86' lang='lat' dir='ltr'><strong>aliquam</strong></span> <span class='ocrx_word' id='word_1_422' title='bbox 649 3557 758 3623; x_wconf 80' lang='lat' dir='ltr'><strong>babuit,</strong></span> <span class='ocrx_word' id='word_1_423' title='bbox 786 3572 868 3625; x_wconf 83' lang='lat' dir='ltr'><strong>quum</strong></span> <span class='ocrx_word' id='word_1_424' title='bbox 893 3558 920 3612; x_wconf 92' lang='lat' dir='ltr'><strong>in</strong></span> <span class='ocrx_word' id='word_1_425' title='bbox 939 3558 1030 3613; x_wconf 86' lang='lat' dir='ltr'><strong>&#39;l&#39;auro</strong></span> <span class='ocrx_word' id='word_1_426' title='bbox 1062 3558 1264 3612; x_wconf 78' lang='lat' dir='ltr'><strong>exaltationem.</strong></span> <span class='ocrx_word' id='word_1_427' title='bbox 1302 3558 1399 3625; x_wconf 84' lang='lat' dir='ltr'><strong>ltaque</strong></span> <span class='ocrx_word' id='word_1_428' title='bbox 1422 3565 1453 3611; x_wconf 89' lang='lat' dir='ltr'><strong>ut</strong></span> <span class='ocrx_word' id='word_1_429' title='bbox 1478 3558 1565 3615; x_wconf 77' lang='lat' dir='ltr'><strong>uideri</strong></span> 
     </span>
     <span class='ocr_line' id='line_1_41' title="bbox 201 3634 1565 3707; baseline 0.001 -20"><span class='ocrx_word' id='word_1_430' title='bbox 201 3643 297 3705; x_wconf 88' lang='lat' dir='ltr'><strong>posset</strong></span> <span class='ocrx_word' id='word_1_431' title='bbox 311 3634 393 3702; x_wconf 82' lang='lat' dir='ltr'><strong>justu</strong></span> <span class='ocrx_word' id='word_1_432' title='bbox 412 3634 506 3689; x_wconf 86' lang='lat' dir='ltr'><strong>stellus</strong></span> <span class='ocrx_word' id='word_1_433' title='bbox 531 3636 614 3703; x_wconf 84' lang='lat' dir='ltr'><strong>clius,</strong></span> <span class='ocrx_word' id='word_1_434' title='bbox 639 3638 760 3707; x_wconf 73' lang='lat' dir='ltr'><strong>optutuit</strong></span> <span class='ocrx_word' id='word_1_435' title='bbox 779 3636 869 3693; x_wconf 86' lang='lat' dir='ltr'><strong>Solem</strong></span> <span class='ocrx_word' id='word_1_436' title='bbox 887 3636 939 3693; x_wconf 88' lang='lat' dir='ltr'><strong>snb</strong></span> <span class='ocrx_word' id='word_1_437' title='bbox 958 3638 1099 3691; x_wconf 84' lang='lat' dir='ltr'><strong>occiduum</strong></span> <span class='ocrx_word' id='word_1_438' title='bbox 1118 3636 1286 3689; x_wconf 82' lang='lat' dir='ltr'><strong>horizontem</strong></span> <span class='ocrx_word' id='word_1_439' title='bbox 1306 3636 1408 3689; x_wconf 85' lang='lat' dir='ltr'><strong>rcicrre</strong></span> <span class='ocrx_word' id='word_1_440' title='bbox 1430 3636 1565 3707; x_wconf 88' lang='lat' dir='ltr'><strong>principio</strong></span> 
     </span>
     <span class='ocr_line' id='line_1_42' title="bbox 200 3713 1568 3787; baseline 0.001 -20"><span class='ocrx_word' id='word_1_441' title='bbox 200 3714 300 3781; x_wconf 89' lang='lat' dir='ltr'><strong>noetis,</strong></span> <span class='ocrx_word' id='word_1_442' title='bbox 320 3714 392 3781; x_wconf 87' lang='lat' dir='ltr'><strong>qnod</strong></span> <span class='ocrx_word' id='word_1_443' title='bbox 412 3713 463 3769; x_wconf 81' lang='lat' dir='ltr'><strong>luit</strong></span> <span class='ocrx_word' id='word_1_444' title='bbox 482 3729 516 3768; x_wconf 92' lang='lat' dir='ltr'><strong>ex</strong></span> <span class='ocrx_word' id='word_1_445' title='bbox 535 3724 608 3783; x_wconf 83' lang='lat' dir='ltr'><strong>soto,</strong></span> <span class='ocrx_word' id='word_1_446' title='bbox 627 3716 789 3787; x_wconf 83' lang='lat' dir='ltr'><strong>praesertim</strong></span> <span class='ocrx_word' id='word_1_447' title='bbox 802 3716 829 3771; x_wconf 92' lang='lat' dir='ltr'><strong>in</strong></span> <span class='ocrx_word' id='word_1_448' title='bbox 843 3717 927 3783; x_wconf 73' lang='lat' dir='ltr'><strong>sienis</strong></span> <span class='ocrx_word' id='word_1_449' title='bbox 940 3716 1081 3785; x_wconf 71' lang='lat' dir='ltr'><strong>loricarum</strong></span> <span class='ocrx_word' id='word_1_450' title='bbox 1095 3716 1315 3771; x_wconf 84' lang='lat' dir='ltr'><strong>descensionum.</strong></span> <span class='ocrx_word' id='word_1_451' title='bbox 1335 3716 1473 3785; x_wconf 87' lang='lat' dir='ltr'><strong>inquibus</strong></span> <span class='ocrx_word' id='word_1_452' title='bbox 1486 3717 1568 3771; x_wconf 85' lang='lat' dir='ltr'><strong>Luna</strong></span> 
     </span>
     <span class='ocr_line' id='line_1_43' title="bbox 200 3792 1565 3865; baseline 0.001 -18"><span class='ocrx_word' id='word_1_453' title='bbox 200 3792 248 3847; x_wconf 89' lang='lat' dir='ltr'><strong>tali</strong></span> <span class='ocrx_word' id='word_1_454' title='bbox 266 3794 321 3848; x_wconf 89' lang='lat' dir='ltr'><strong>situ</strong></span> <span class='ocrx_word' id='word_1_455' title='bbox 341 3792 419 3847; x_wconf 79' lang='lat' dir='ltr'><strong>ualde</strong></span> <span class='ocrx_word' id='word_1_456' title='bbox 437 3802 480 3849; x_wconf 87' lang='lat' dir='ltr'><strong>est</strong></span> <span class='ocrx_word' id='word_1_457' title='bbox 498 3796 647 3863; x_wconf 81' lang='lat' dir='ltr'><strong>corrspicuo</strong></span> <span class='ocrx_word' id='word_1_458' title='bbox 665 3802 724 3851; x_wconf 88' lang='lat' dir='ltr'><strong>toto</strong></span> <span class='ocrx_word' id='word_1_459' title='bbox 744 3812 859 3865; x_wconf 88' lang='lat' dir='ltr'><strong>corpore</strong></span> <span class='ocrx_word' id='word_1_460' title='bbox 877 3797 948 3851; x_wconf 87' lang='lat' dir='ltr'><strong>intra</strong></span> <span class='ocrx_word' id='word_1_461' title='bbox 967 3795 1139 3865; x_wconf 90' lang='lat' dir='ltr'><strong>complexum</strong></span> <span class='ocrx_word' id='word_1_462' title='bbox 1158 3810 1242 3849; x_wconf 89' lang='lat' dir='ltr'><strong>corun</strong></span> <span class='ocrx_word' id='word_1_463' title='bbox 1260 3793 1351 3859; x_wconf 75' lang='lat' dir='ltr'><strong>lucidi,</strong></span> <span class='ocrx_word' id='word_1_464' title='bbox 1376 3802 1405 3848; x_wconf 91' lang='lat' dir='ltr'><strong>ut</strong></span> <span class='ocrx_word' id='word_1_465' title='bbox 1418 3794 1446 3847; x_wconf 93' lang='lat' dir='ltr'><strong>iu</strong></span> <span class='ocrx_word' id='word_1_466' title='bbox 1458 3794 1565 3863; x_wconf 87' lang='lat' dir='ltr'><strong>Opticia</strong></span> 
     </span>
     <span class='ocr_line' id='line_1_44' title="bbox 201 3870 1565 3943; baseline -0.001 -16"><span class='ocrx_word' id='word_1_467' title='bbox 201 3874 285 3941; x_wconf 87' lang='lat' dir='ltr'><strong>inquo</strong></span> <span class='ocrx_word' id='word_1_468' title='bbox 303 3872 496 3927; x_wconf 76' lang='lat' dir='ltr'><strong>dissertatione</strong></span> <span class='ocrx_word' id='word_1_469' title='bbox 514 3889 575 3929; x_wconf 89' lang='lat' dir='ltr'><strong>cum</strong></span> <span class='ocrx_word' id='word_1_470' title='bbox 595 3876 693 3929; x_wconf 87' lang='lat' dir='ltr'><strong>nuncio</strong></span> <span class='ocrx_word' id='word_1_471' title='bbox 714 3874 820 3929; x_wconf 89' lang='lat' dir='ltr'><strong>sidereo</strong></span> <span class='ocrx_word' id='word_1_472' title='bbox 840 3874 963 3931; x_wconf 84' lang='lat' dir='ltr'><strong>Galiluei.</strong></span> <span class='ocrx_word' id='word_1_473' title='bbox 983 3874 1100 3943; x_wconf 87' lang='lat' dir='ltr'><strong>denique</strong></span> <span class='ocrx_word' id='word_1_474' title='bbox 1126 3874 1153 3928; x_wconf 89' lang='lat' dir='ltr'><strong>in</strong></span> <span class='ocrx_word' id='word_1_475' title='bbox 1173 3872 1300 3941; x_wconf 76' lang='lat' dir='ltr'><strong>Epitomu</strong></span> <span class='ocrx_word' id='word_1_476' title='bbox 1324 3870 1389 3927; x_wconf 85' lang='lat' dir='ltr'><strong>diri.</strong></span> <span class='ocrx_word' id='word_1_477' title='bbox 1427 3872 1464 3925; x_wconf 90' lang='lat' dir='ltr'><strong>l&#39;t</strong></span> <span class='ocrx_word' id='word_1_478' title='bbox 1481 3872 1565 3941; x_wconf 79' lang='lat' dir='ltr'><strong>igilur</strong></span> 
     </span>
     <span class='ocr_line' id='line_1_45' title="bbox 200 3951 1565 4021; baseline -0.001 -13"><span class='ocrx_word' id='word_1_479' title='bbox 200 3952 282 4008; x_wconf 81' lang='lat' dir='ltr'><strong>etiam</strong></span> <span class='ocrx_word' id='word_1_480' title='bbox 301 3952 435 4008; x_wconf 82' lang='lat' dir='ltr'><strong>Saturnus</strong></span> <span class='ocrx_word' id='word_1_481' title='bbox 455 3954 550 4006; x_wconf 77' lang='lat' dir='ltr'><strong>lutuno</strong></span> <span class='ocrx_word' id='word_1_482' title='bbox 565 3954 739 4021; x_wconf 69' lang='lat' dir='ltr'><strong>jungeretur.</strong></span> <span class='ocrx_word' id='word_1_483' title='bbox 758 3952 833 4020; x_wconf 90' lang='lat' dir='ltr'><strong>quod</strong></span> <span class='ocrx_word' id='word_1_484' title='bbox 851 3954 952 4007; x_wconf 87' lang='lat' dir='ltr'><strong>habeut</strong></span> <span class='ocrx_word' id='word_1_485' title='bbox 971 3954 1101 4019; x_wconf 77' lang='lat' dir='ltr'><strong>astrologi</strong></span> <span class='ocrx_word' id='word_1_486' title='bbox 1126 3960 1314 4019; x_wconf 73' lang='lat' dir='ltr'><strong>srrntrrucuturu</strong></span> <span class='ocrx_word' id='word_1_487' title='bbox 1334 3951 1503 4005; x_wconf 81' lang='lat' dir='ltr'><strong>occultorum</strong></span> <span class='ocrx_word' id='word_1_488' title='bbox 1522 3968 1565 4007; x_wconf 83' lang='lat' dir='ltr'><strong>rr·</strong></span> 
     </span>
     <span class='ocr_line' id='line_1_46' title="bbox 201 4030 1565 4099; baseline 0 -13"><span class='ocrx_word' id='word_1_489' title='bbox 201 4032 278 4089; x_wconf 82' lang='lat' dir='ltr'><strong>tiurm</strong></span> <span class='ocrx_word' id='word_1_490' title='bbox 297 4032 432 4085; x_wconf 85' lang='lat' dir='ltr'><strong>Saturnus</strong></span> <span class='ocrx_word' id='word_1_491' title='bbox 454 4048 564 4099; x_wconf 74' lang='lat' dir='ltr'><strong>speroque</strong></span> <span class='ocrx_word' id='word_1_492' title='bbox 592 4032 619 4083; x_wconf 90' lang='lat' dir='ltr'><strong>iu</strong></span> <span class='ocrx_word' id='word_1_493' title='bbox 639 4031 730 4085; x_wconf 86' lang='lat' dir='ltr'><strong>Tunro</strong></span> <span class='ocrx_word' id='word_1_494' title='bbox 754 4030 895 4098; x_wconf 75' lang='lat' dir='ltr'><strong>peinendus</strong></span> <span class='ocrx_word' id='word_1_495' title='bbox 919 4031 980 4085; x_wconf 76' lang='lat' dir='ltr'><strong>ierit.</strong></span> <span class='ocrx_word' id='word_1_496' title='bbox 1017 4031 1060 4084; x_wconf 85' lang='lat' dir='ltr'><strong>lta</strong></span> <span class='ocrx_word' id='word_1_497' title='bbox 1082 4032 1195 4097; x_wconf 72' lang='lat' dir='ltr'><strong>emergit</strong></span> <span class='ocrx_word' id='word_1_498' title='bbox 1218 4040 1341 4099; x_wconf 83' lang='lat' dir='ltr'><strong>ternpus.</strong></span> <span class='ocrx_word' id='word_1_499' title='bbox 1368 4047 1423 4099; x_wconf 92' lang='lat' dir='ltr'><strong>quo</strong></span> <span class='ocrx_word' id='word_1_500' title='bbox 1446 4032 1565 4088; x_wconf 84' lang='lat' dir='ltr'><strong>maxima</strong></span> 
     </span>
     <span class='ocr_line' id='line_1_47' title="bbox 202 4108 1565 4179; baseline 0.001 -14"><span class='ocrx_word' id='word_1_501' title='bbox 202 4110 342 4165; x_wconf 78' lang='lat' dir='ltr'><strong>ten-ebant</strong></span> <span class='ocrx_word' id='word_1_502' title='bbox 364 4110 567 4161; x_wconf 75' lang='lat' dir='ltr'><strong>obseruationes</strong></span> <span class='ocrx_word' id='word_1_503' title='bbox 586 4108 737 4177; x_wconf 70' lang='lat' dir='ltr'><strong>Tyetuuie.</strong></span> <span class='ocrx_word' id='word_1_504' title='bbox 764 4122 835 4159; x_wconf 80' lang='lat' dir='ltr'><strong>atino</strong></span> <span class='ocrx_word' id='word_1_505' title='bbox 863 4110 930 4161; x_wconf 67' lang='lat' dir='ltr'><strong>[eiu</strong></span> <span class='ocrx_word' id='word_1_506' title='bbox 952 4112 992 4179; x_wconf 65' lang='lat' dir='ltr'><strong>ll.</strong></span> <span class='ocrx_word' id='word_1_507' title='bbox 1014 4112 1093 4163; x_wconf 73' lang='lat' dir='ltr'><strong>bium.</strong></span> <span class='ocrx_word' id='word_1_508' title='bbox 1113 4110 1233 4178; x_wconf 78' lang='lat' dir='ltr'><strong>uesperi.</strong></span> <span class='ocrx_word' id='word_1_509' title='bbox 1256 4110 1366 4178; x_wconf 88' lang='lat' dir='ltr'><strong>quando</strong></span> <span class='ocrx_word' id='word_1_510' title='bbox 1390 4110 1473 4165; x_wconf 82' lang='lat' dir='ltr'><strong>eliam</strong></span> <span class='ocrx_word' id='word_1_511' title='bbox 1499 4128 1565 4167; x_wconf 85' lang='lat' dir='ltr'><strong>con·</strong></span> 
     </span>
     <span class='ocr_line' id='line_1_48' title="bbox 196 4183 1564 4261; baseline 0 -18"><span class='ocrx_word' id='word_1_512' title='bbox 196 4190 304 4261; x_wconf 86' lang='lat' dir='ltr'><strong>junctio</strong></span> <span class='ocrx_word' id='word_1_513' title='bbox 323 4190 349 4243; x_wconf 91' lang='lat' dir='ltr'><strong>in</strong></span> <span class='ocrx_word' id='word_1_514' title='bbox 368 4189 602 4244; x_wconf 69' lang='lat' dir='ltr'><strong>concertationem</strong></span> <span class='ocrx_word' id='word_1_515' title='bbox 622 4186 763 4242; x_wconf 85' lang='lat' dir='ltr'><strong>l&#39;leiadum</strong></span> <span class='ocrx_word' id='word_1_516' title='bbox 783 4183 889 4251; x_wconf 87' lang='lat' dir='ltr'><strong>incidit,</strong></span> <span class='ocrx_word' id='word_1_517' title='bbox 907 4187 981 4255; x_wconf 68' lang='lat' dir='ltr'><strong>«prod</strong></span> <span class='ocrx_word' id='word_1_518' title='bbox 1000 4187 1075 4241; x_wconf 81' lang='lat' dir='ltr'><strong>sidus</strong></span> <span class='ocrx_word' id='word_1_519' title='bbox 1091 4190 1172 4255; x_wconf 81' lang='lat' dir='ltr'><strong>justo</strong></span> <span class='ocrx_word' id='word_1_520' title='bbox 1191 4188 1296 4241; x_wconf 81' lang='lat' dir='ltr'><strong>lunum</strong></span> <span class='ocrx_word' id='word_1_521' title='bbox 1315 4188 1478 4244; x_wconf 73' lang='lat' dir='ltr'><strong>collocatum</strong></span> <span class='ocrx_word' id='word_1_522' title='bbox 1498 4192 1564 4245; x_wconf 88' lang='lat' dir='ltr'><strong>imu-</strong></span> 
     </span>
     <span class='ocr_line' id='line_1_49' title="bbox 201 4264 1564 4335; baseline 0.001 -14"><span class='ocrx_word' id='word_1_523' title='bbox 201 4268 353 4335; x_wconf 68' lang='lat' dir='ltr'><strong>qiontionea</strong></span> <span class='ocrx_word' id='word_1_524' title='bbox 371 4268 428 4322; x_wconf 89' lang='lat' dir='ltr'><strong>noti</strong></span> <span class='ocrx_word' id='word_1_525' title='bbox 447 4267 622 4335; x_wconf 81' lang='lat' dir='ltr'><strong>multiplicet.</strong></span> <span class='ocrx_word' id='word_1_526' title='bbox 648 4275 678 4320; x_wconf 94' lang='lat' dir='ltr'><strong>ut</strong></span> <span class='ocrx_word' id='word_1_527' title='bbox 704 4265 732 4319; x_wconf 92' lang='lat' dir='ltr'><strong>in</strong></span> <span class='ocrx_word' id='word_1_528' title='bbox 751 4264 919 4319; x_wconf 85' lang='lat' dir='ltr'><strong>llurmouicis</strong></span> <span class='ocrx_word' id='word_1_529' title='bbox 943 4268 1075 4320; x_wconf 72' lang='lat' dir='ltr'><strong>comessi.</strong></span> <span class='ocrx_word' id='word_1_530' title='bbox 1111 4266 1183 4335; x_wconf 85' lang='lat' dir='ltr'><strong>Quin</strong></span> <span class='ocrx_word' id='word_1_531' title='bbox 1202 4268 1282 4321; x_wconf 83' lang='lat' dir='ltr'><strong>etium</strong></span> <span class='ocrx_word' id='word_1_532' title='bbox 1301 4270 1500 4323; x_wconf 87' lang='lat' dir='ltr'><strong>astronomicae</strong></span> <span class='ocrx_word' id='word_1_533' title='bbox 1518 4285 1564 4325; x_wconf 91' lang='lat' dir='ltr'><strong>ra·</strong></span> 
     </span>
     <span class='ocr_line' id='line_1_50' title="bbox 201 4342 1566 4418; baseline -0.001 -14"><span class='ocrx_word' id='word_1_534' title='bbox 201 4348 291 4403; x_wconf 88' lang='lat' dir='ltr'><strong>ticueu</strong></span> <span class='ocrx_word' id='word_1_535' title='bbox 309 4346 500 4400; x_wconf 85' lang='lat' dir='ltr'><strong>corruucualont</strong></span> <span class='ocrx_word' id='word_1_536' title='bbox 519 4346 591 4399; x_wconf 88' lang='lat' dir='ltr'><strong>bunc</strong></span> <span class='ocrx_word' id='word_1_537' title='bbox 610 4342 781 4397; x_wconf 80' lang='lat' dir='ltr'><strong>usterismum</strong></span> <span class='ocrx_word' id='word_1_538' title='bbox 801 4343 826 4395; x_wconf 90' lang='lat' dir='ltr'><strong>iu</strong></span> <span class='ocrx_word' id='word_1_539' title='bbox 847 4344 1037 4399; x_wconf 72' lang='lat' dir='ltr'><strong>obseruatione</strong></span> <span class='ocrx_word' id='word_1_540' title='bbox 1057 4346 1152 4399; x_wconf 75' lang='lat' dir='ltr'><strong>lunone</strong></span> <span class='ocrx_word' id='word_1_541' title='bbox 1171 4346 1361 4399; x_wconf 83' lang='lat' dir='ltr'><strong>conuculstae.</strong></span> <span class='ocrx_word' id='word_1_542' title='bbox 1394 4347 1462 4401; x_wconf 87' lang='lat' dir='ltr'><strong>l&#39;ide</strong></span> <span class='ocrx_word' id='word_1_543' title='bbox 1479 4346 1566 4418; x_wconf 87' lang='lat' dir='ltr'><strong>bnjna</strong></span> 
     </span>
     <span class='ocr_line' id='line_1_51' title="bbox 201 4423 1566 4495; baseline 0.003 -16"><span class='ocrx_word' id='word_1_544' title='bbox 201 4428 309 4495; x_wconf 62' lang='lat' dir='ltr'><strong>premeris</strong></span> <span class='ocrx_word' id='word_1_545' title='bbox 329 4426 544 4481; x_wconf 70' lang='lat' dir='ltr'><strong>‹rb-eructionem</strong></span> <span class='ocrx_word' id='word_1_546' title='bbox 570 4426 596 4479; x_wconf 91' lang='lat' dir='ltr'><strong>in</strong></span> <span class='ocrx_word' id='word_1_547' title='bbox 616 4424 721 4493; x_wconf 86' lang='lat' dir='ltr'><strong>lipticie</strong></span> <span class='ocrx_word' id='word_1_548' title='bbox 746 4423 826 4491; x_wconf 81' lang='lat' dir='ltr'><strong>trucis,</strong></span> <span class='ocrx_word' id='word_1_549' title='bbox 852 4428 910 4491; x_wconf 87' lang='lat' dir='ltr'><strong>l&#39;op</strong></span> <span class='ocrx_word' id='word_1_550' title='bbox 939 4426 985 4481; x_wconf 70' lang='lat' dir='ltr'><strong>xl.</strong></span> <span class='ocrx_word' id='word_1_551' title='bbox 1005 4424 1053 4477; x_wconf 85' lang='lat' dir='ltr'><strong>iol.</strong></span> <span class='ocrx_word' id='word_1_552' title='bbox 1072 4424 1133 4479; x_wconf 76' lang='lat' dir='ltr'><strong>dli.</strong></span> <span class='ocrx_word' id='word_1_553' title='bbox 1153 4440 1186 4477; x_wconf 82' lang='lat' dir='ltr'><strong>ex</strong></span> <span class='ocrx_word' id='word_1_554' title='bbox 1205 4440 1276 4479; x_wconf 82' lang='lat' dir='ltr'><strong>utino</strong></span> <span class='ocrx_word' id='word_1_555' title='bbox 1296 4426 1374 4479; x_wconf 70' lang='lat' dir='ltr'><strong>tiitlrl.</strong></span> <span class='ocrx_word' id='word_1_556' title='bbox 1393 4426 1418 4481; x_wconf 86' lang='lat'><strong>8.</strong></span> <span class='ocrx_word' id='word_1_557' title='bbox 1437 4426 1516 4495; x_wconf 75' lang='lat' dir='ltr'><strong>April</strong></span> <span class='ocrx_word' id='word_1_558' title='bbox 1536 4438 1566 4483; x_wconf 90' lang='lat' dir='ltr'><strong>et</strong></span> 
     </span>
     <span class='ocr_line' id='line_1_52' title="bbox 202 4506 615 4571; baseline -0.015 -8"><span class='ocrx_word' id='word_1_559' title='bbox 202 4510 245 4563; x_wconf 76' lang='lat'><strong>2⁸1.</strong></span> <span class='ocrx_word' id='word_1_560' title='bbox 262 4506 339 4561; x_wconf 81' lang='lat' dir='ltr'><strong>lubi.</strong></span> <span class='ocrx_word' id='word_1_561' title='bbox 357 4508 424 4567; x_wconf 75' lang='lat' dir='ltr'><strong>qt&#39;ol.</strong></span> <span class='ocrx_word' id='word_1_562' title='bbox 445 4508 476 4571; x_wconf 84' lang='lat' dir='ltr'><strong>tl,</strong></span> <span class='ocrx_word' id='word_1_563' title='bbox 496 4524 521 4571; x_wconf 89' lang='lat' dir='ltr'><strong>p.</strong></span> <span class='ocrx_word' id='word_1_564' title='bbox 541 4510 615 4569; x_wconf 76' lang='lat' dir='ltr'><strong>eti.)</strong></span> 
     </span>
    </p>

    <p class='ocr_par' dir='ltr' id='par_1_9' title="bbox 203 4581 1565 4895">
     <span class='ocr_line' id='line_1_53' title="bbox 305 4581 1564 4651; baseline 0.004 -15"><span class='ocrx_word' id='word_1_565' title='bbox 305 4584 349 4639; x_wconf 81' lang='lat' dir='ltr'><strong>tt.</strong></span> <span class='ocrx_word' id='word_1_566' title='bbox 368 4586 410 4639; x_wconf 69' lang='lat'><strong>4¹³.</strong></span> <span class='ocrx_word' id='word_1_567' title='bbox 429 4584 473 4637; x_wconf 80' lang='lat' dir='ltr'><strong>-l.&#39;.</strong></span> <span class='ocrx_word' id='word_1_568' title='bbox 505 4584 579 4635; x_wconf 87' lang='lat' dir='ltr'><strong>llucc</strong></span> <span class='ocrx_word' id='word_1_569' title='bbox 601 4594 711 4649; x_wconf 87' lang='lat' dir='ltr'><strong>quoque</strong></span> <span class='ocrx_word' id='word_1_570' title='bbox 730 4581 833 4645; x_wconf 75' lang='lat' dir='ltr'><strong>inspico</strong></span> <span class='ocrx_word' id='word_1_571' title='bbox 851 4584 1016 4649; x_wconf 84' lang='lat' dir='ltr'><strong>ceremonia,</strong></span> <span class='ocrx_word' id='word_1_572' title='bbox 1041 4582 1085 4635; x_wconf 89' lang='lat' dir='ltr'><strong>cni</strong></span> <span class='ocrx_word' id='word_1_573' title='bbox 1104 4582 1251 4651; x_wconf 85' lang='lat' dir='ltr'><strong>respondet</strong></span> <span class='ocrx_word' id='word_1_574' title='bbox 1277 4581 1305 4637; x_wconf 89' lang='lat' dir='ltr'><strong>in</strong></span> <span class='ocrx_word' id='word_1_575' title='bbox 1323 4584 1428 4637; x_wconf 88' lang='lat' dir='ltr'><strong>rutione</strong></span> <span class='ocrx_word' id='word_1_576' title='bbox 1446 4582 1564 4641; x_wconf 90' lang='lat' dir='ltr'><strong>docendi</strong></span> 
     </span>
     <span class='ocr_line' id='line_1_54' title="bbox 205 4659 1563 4731; baseline 0.001 -14"><span class='ocrx_word' id='word_1_577' title='bbox 205 4664 407 4729; x_wconf 84' lang='lat' dir='ltr'><strong>astronomiam,</strong></span> <span class='ocrx_word' id='word_1_578' title='bbox 427 4660 501 4729; x_wconf 89' lang='lat' dir='ltr'><strong>quod</strong></span> <span class='ocrx_word' id='word_1_579' title='bbox 520 4678 552 4715; x_wconf 88' lang='lat' dir='ltr'><strong>eu</strong></span> <span class='ocrx_word' id='word_1_580' title='bbox 571 4676 744 4728; x_wconf 84' lang='lat' dir='ltr'><strong>nequaquam</strong></span> <span class='ocrx_word' id='word_1_581' title='bbox 762 4667 804 4713; x_wconf 91' lang='lat' dir='ltr'><strong>est</strong></span> <span class='ocrx_word' id='word_1_582' title='bbox 824 4659 989 4729; x_wconf 79' lang='lat' dir='ltr'><strong>professoria</strong></span> <span class='ocrx_word' id='word_1_583' title='bbox 1009 4678 1057 4715; x_wconf 88' lang='lat' dir='ltr'><strong>seu</strong></span> <span class='ocrx_word' id='word_1_584' title='bbox 1076 4672 1297 4731; x_wconf 80' lang='lat' dir='ltr'><strong>extemporanea,</strong></span> <span class='ocrx_word' id='word_1_585' title='bbox 1315 4664 1363 4715; x_wconf 81' lang='lat' dir='ltr'><strong>secl</strong></span> <span class='ocrx_word' id='word_1_586' title='bbox 1383 4660 1487 4719; x_wconf 86' lang='lat' dir='ltr'><strong>indicet</strong></span> <span class='ocrx_word' id='word_1_587' title='bbox 1506 4678 1563 4719; x_wconf 88' lang='lat' dir='ltr'><strong>om·</strong></span> 
     </span>
     <span class='ocr_line' id='line_1_55' title="bbox 203 4736 1564 4813; baseline 0.001 -16"><span class='ocrx_word' id='word_1_588' title='bbox 203 4744 245 4799; x_wconf 87' lang='lat' dir='ltr'><strong>uis</strong></span> <span class='ocrx_word' id='word_1_589' title='bbox 269 4743 397 4813; x_wconf 72' lang='lat' dir='ltr'><strong>expedita</strong></span> <span class='ocrx_word' id='word_1_590' title='bbox 421 4742 565 4809; x_wconf 75' lang='lat' dir='ltr'><strong>responsio</strong></span> <span class='ocrx_word' id='word_1_591' title='bbox 584 4740 693 4808; x_wconf 89' lang='lat' dir='ltr'><strong>quiete,</strong></span> <span class='ocrx_word' id='word_1_592' title='bbox 716 4736 906 4791; x_wconf 87' lang='lat' dir='ltr'><strong>recollectione</strong></span> <span class='ocrx_word' id='word_1_593' title='bbox 929 4754 1058 4793; x_wconf 89' lang='lat' dir='ltr'><strong>sensuum</strong></span> <span class='ocrx_word' id='word_1_594' title='bbox 1077 4742 1271 4812; x_wconf 79' lang='lat' dir='ltr'><strong>correptisque</strong></span> <span class='ocrx_word' id='word_1_595' title='bbox 1294 4740 1390 4793; x_wconf 81' lang='lat' dir='ltr'><strong>serbis.</strong></span> <span class='ocrx_word' id='word_1_596' title='bbox 1429 4742 1459 4795; x_wconf 89' lang='lat' dir='ltr'><strong>lu</strong></span> <span class='ocrx_word' id='word_1_597' title='bbox 1479 4746 1564 4813; x_wconf 84' lang='lat' dir='ltr'><strong>partl-</strong></span> 
     </span>
     <span class='ocr_line' id='line_1_56' title="bbox 203 4818 1565 4895; baseline 0.003 -20"><span class='ocrx_word' id='word_1_598' title='bbox 203 4822 289 4877; x_wconf 88' lang='lat' dir='ltr'><strong>culari</strong></span> <span class='ocrx_word' id='word_1_599' title='bbox 306 4822 506 4879; x_wconf 78' lang='lat' dir='ltr'><strong>observationis</strong></span> <span class='ocrx_word' id='word_1_600' title='bbox 523 4818 665 4889; x_wconf 76' lang='lat' dir='ltr'><strong>ctqjmdum</strong></span> <span class='ocrx_word' id='word_1_601' title='bbox 683 4818 778 4889; x_wconf 83' lang='lat' dir='ltr'><strong>praxi,</strong></span> <span class='ocrx_word' id='word_1_602' title='bbox 801 4832 872 4887; x_wconf 88' lang='lat' dir='ltr'><strong>quae</strong></span> <span class='ocrx_word' id='word_1_603' title='bbox 894 4818 961 4875; x_wconf 88' lang='lat' dir='ltr'><strong>mibi</strong></span> <span class='ocrx_word' id='word_1_604' title='bbox 979 4820 1083 4889; x_wconf 74' lang='lat' dir='ltr'><strong>Praqae</strong></span> <span class='ocrx_word' id='word_1_605' title='bbox 1101 4822 1175 4877; x_wconf 89' lang='lat' dir='ltr'><strong>circu</strong></span> <span class='ocrx_word' id='word_1_606' title='bbox 1192 4820 1254 4875; x_wconf 86' lang='lat' dir='ltr'><strong>illos</strong></span> <span class='ocrx_word' id='word_1_607' title='bbox 1271 4836 1358 4876; x_wconf 88' lang='lat' dir='ltr'><strong>annos</strong></span> <span class='ocrx_word' id='word_1_608' title='bbox 1381 4822 1477 4879; x_wconf 84' lang='lat' dir='ltr'><strong>crebra</strong></span> <span class='ocrx_word' id='word_1_609' title='bbox 1494 4832 1565 4895; x_wconf 80' lang='lat' dir='ltr'><strong>erat,</strong></span> 
     </span>
    </p>
   </div>
   <div class='ocr_carea' id='block_1_3' title="bbox 0 0 1659 5534">
    <p class='ocr_par' dir='ltr' id='par_1_10' title="bbox 0 0 1659 5534">
     <span class='ocr_line' id='line_1_57' title="bbox 0 0 1659 5534; baseline 0 0"><span class='ocrx_word' id='word_1_610' title='bbox 0 0 1659 5534; x_wconf 95' lang='lat' dir='ltr'><strong> </strong></span> 
     </span>
    </p>
   </div>
  </div>
 </body>
</html>
