3308 5534
153 394 221 465 aas
661 391 996 474 accusaremus

152 577 259 654 quibus
298 581 396 654 potest
426 573 564 652 expedire
599 592 661 635 rem
687 575 796 638 studet.
856 574 1027 637 Hermastus
1060 581 1159 636 autem
1192 575 1399 655 Remmiam
1426 578 1508 639 ‘nicr-

151 667 326 742 prelationis
348 663 459 723 auxilio
483 661 571 722 valde
594 671 749 724 contentus
771 665 882 742 gratias
904 681 964 723 aaa
987 661 1075 723 modo
1105 664 1206 723 ambis
1233 666 1320 741 egit,
1347 663 1401 725 ssd
1429 668 1508 726 sdan

155 752 256 812 retulit
277 769 345 810 curn
369 749 513 810 donorum
535 749 721 826 iiberalitate,
745 757 808 812 tura
830 768 959 828 quoque,
982 768 1048 811 cum
1071 753 1134 828 ipse
1154 753 1407 828 lreqocntissiros
1424 752 1509 813 horsi·

155 856 224 898 nom
248 837 460 898 consuetudine
485 846 623 911 uteretur,
646 839 738 899 literis
755 839 1005 899 commendaticiis
1028 837 1066 898 ad
1083 856 1217 899 summos
1240 848 1275 899 et
1298 842 1509 916 potentini-ss

152 929 240 1000 viros,
265 927 395 1002 inprimis
418 925 456 985 ad
480 925 637 984 nonnullos
658 926 793 987 Jesuitns
812 926 1000 1004 (Hernartns
1029 928 1093 1002 ipsc
1123 934 1189 986 erat
1218 945 1303 987 uuas
1327 945 1365 987 ex
1385 926 1508 988 Jsssits·

153 1032 216 1072 rum
233 1009 395 1091 sacietate),
418 1011 650 1086 adlllelserum,
674 1013 712 1073 ad
729 1013 934 1074 coloniensem
949 1013 1214 1090 arehiepiscopum
1230 1015 1378 1091 aliosque
1394 1019 1508 1093 scripit

152 1099 220 1177 Qua
247 1101 395 1161 llerwarti
427 1099 680 1160 commendatione
711 1101 798 1161 valde
826 1101 930 1177 adjuta
960 1110 1006 1160 est
1027 1099 1147 1177 Kepleri
1176 1119 1239 1173 res,
1274 1119 1346 1161 corn
1374 1112 1406 1162 et
1432 1101 1509 1163 Pu

152 1189 304 1260 Caeciius,
337 1188 422 1262 cujas
444 1186 529 1263 apud
555 1187 749 1247 Archiducem
777 1187 994 1248 Ferdinandnrn
1024 1206 1138 1247 samma
1167 1192 1340 1248 auctoritas
1368 1200 1398 1248 et
1425 1192 1509 1265 grath

152 1285 224 1350 erat,
249 1279 277 1333 io
301 1275 436 1352 Styriaoa
457 1277 557 1332 uxoris
579 1275 760 1335 haereditate
786 1276 963 1351 permultum
986 1275 1153 1353 prodesset,
1178 1286 1209 1335 et
1224 1276 1385 1336 Wclserrrs
1406 1280 1508 1351 (serti

153 1363 313 1440 imperialis
332 1362 512 1437 praelectus)
534 1362 681 1437 quidquid
712 1363 828 1422 debitae
857 1366 1000 1438 pecuniae
1030 1365 1060 1420 in
1083 1366 1221 1421 maximis
1249 1366 1435 1440 imperatorii
1455 1364 1508 1423 firi

151 1453 298 1527 angustiis
321 1457 446 1524 poterat,
469 1448 599 1524 Keplero
622 1449 760 1522 solveret,
787 1460 817 1509 et
840 1450 1086 1526 Archiepiscopus
1110 1449 1305 1510 coloniensis
1329 1451 1507 1511 mathemati·

152 1555 218 1596 cum
242 1540 279 1597 ab
304 1536 457 1595 Herwarto
481 1535 716 1595 commendatum
746 1535 911 1612 adjutorem
934 1556 1020 1596 sarum
1043 1536 1215 1611 adhiberet,
1249 1556 1323 1597 cum
1342 1556 1415 1609 aas,
1441 1556 1507 1615 (με

153 1644 206 1702 per
228 1625 368 1684 Sanctum
393 1622 551 1699 Imperium
574 1622 740 1682 Romanam
770 1626 800 1681 io
825 1641 880 1684 asu
908 1635 992 1684 eraut
1021 1632 1052 1684 et
1080 1641 1235 1683 mensuras
1265 1636 1299 1685 et
1329 1628 1507 1685 commosis

153 1713 284 1772 ordinem
307 1721 337 1770 et
368 1711 498 1786 aliquam
530 1713 652 1770 unitatis
681 1713 823 1770 rationem
846 1710 978 1788 redigere
1004 1711 1258 1784 vellet(0fr.v01.
1280 1718 1315 1773 V.
1341 1734 1369 1787 p.
1387 1719 1508 1787 olisai

152 1799 289 1876 idemque
312 1807 480 1857 astronomo
505 1797 690 1870 concederet,
721 1806 753 1856 ut
774 1798 873 1859 sidera
900 1799 1004 1858 melias
1034 1799 1194 1860 observare
1225 1809 1335 1876 posset
1358 1801 1507 1879 telmcspis

151 1904 190 1946 eo
221 1896 351 1962 tempore
382 1888 502 1945 invento
533 1887 592 1958 nti,
624 1886 709 1960 cujas
732 1901 788 1961 ope
819 1888 846 1945 ei
871 1884 960 1945 lovis
984 1885 1128 1946 satellites
1151 1891 1333 1963 conspicere
1357 1888 1458 1961 licuit,
1482 1900 1507 1949 st

150 1974 271 2050 Kepleri
302 1990 421 2049 quoque
449 1974 569 2048 negotia
596 1971 812 2032 liberalissimis
842 1976 979 2048 praemiis
1006 1973 1173 2033 honoraret.
1217 1974 1391 2051 Keplernm
1419 1986 1506 2037 sote!

151 2079 218 2121 cum
227 2060 357 2120 lesuitis
382 2061 512 2120 Deckero
537 2060 573 2119 dc
595 2059 800 2135 chronologia,
826 2058 1040 2135 Grienbcrgero
1062 2069 1093 2121 et
1115 2060 1250 2122 Gnidino
1275 2062 1315 2123 de
1338 2066 1506 2123 senona-'s

151 2157 184 2209 et
204 2149 414 2207 mathematica
441 2147 613 2206 familiarius
643 2146 795 2207 literarum
824 2151 1027 2209 commercium
1059 2151 1205 2227 incepisse
1237 2149 1321 2210 idem
1348 2150 1505 2211 Herum

151 2239 214 2296 alne
238 2236 329 2296 dubio
353 2243 455 2294 auctor
477 2246 549 2293 erat.
595 2234 667 2293 Cum
684 2233 838 2294 Praetorio
860 2234 987 2311 denique
1009 2234 1174 2297 Altdorliue
1194 2238 1428 2299 mathematica
1448 2255 1505 2315 pro·

151 2324 281 2397 sessore,
304 2323 388 2398 enjus
412 2322 448 2380 de
471 2321 632 2380 Prodromo
652 2320 797 2397 judicium
816 2321 948 2398 Keplero
971 2341 991 2382 a
1013 2323 1189 2383 cancellario
1217 2328 1348 2385 missum
1371 2337 1418 2387 est
1437 2332 1504 2395 (cs

151 2430 178 2484 p
197 2415 249 2470 623
268 2416 334 2482 ss),
362 2417 562 2469 astronomum
585 2418 615 2468 et
637 2410 771 2468 notitiam
795 2417 824 2468 et
846 2409 1075 2469 familiaritatem
1097 2411 1208 2471 hahere
1231 2411 1316 2472 idern
1333 2414 1426 2475 soluit
1440 2413 1505 2473 ller-

151 2492 270 2567 narius,
294 2499 344 2571 qui
368 2499 457 2555 etiam
473 2496 509 2555 de
525 2495 696 2572 Tychonica
717 2496 873 2573 hypothesi
899 2495 993 2556 lunari
1017 2497 1171 2558 doctorum
1195 2504 1394 2574 quaestiones
1414 2504 1502 2561 mori.

256 2584 409 2643 Herwarto
441 2584 477 2642 de
505 2586 618 2642 ratione
647 2582 848 2659 (topermcaoa
877 2583 1077 2644 dubitationes
1108 2603 1176 2645 cam
1208 2585 1363 2662 Keplerus
1392 2594 1504 2649 erinon

152 2672 255 2744 vellet,
285 2682 386 2747 aperte
418 2681 447 2730 et
470 2671 592 2730 honesto
624 2682 726 2730 contra
755 2689 822 2731 sum
846 2671 1077 2747 Copemicanam
1108 2689 1229 2732 canaam
1261 2673 1408 2739 defendit.
1449 2676 1504 2751 Q·

151 2770 282 2836 tempore
306 2761 361 2818 hoc
385 2757 575 2834 epistolarum
599 2759 804 2817 commercium
826 2760 1041 2835 irequentatum
1064 2768 1118 2832 ost,
1141 2760 1275 2821 ecclesia
1299 2761 1438 2823 Romans
1456 2780 1504 2823 sus

152 2857 236 2906 tanta
258 2849 418 2906 severitate
449 2844 611 2904 doctrinam
636 2846 867 2921 Copcrnicanarn
896 2848 1089 2923 improbarit,
1122 2857 1236 2923 quantu
1270 2860 1381 2925 postea
1403 2856 1504 2919 (tolli

152 2953 218 2994 eam
242 2933 468 3006 condemnauit3
492 2950 580 3008 qaam
604 2934 642 2991 ob
665 2950 725 2992 reru
741 2932 895 2993 Herwarto
917 2933 985 2993 fidei
1009 2934 1174 2995 catholicae
1197 2936 1423 2998 studiosissimo
1443 2942 1503 2997 sis·

151 3022 255 3082 leesori
277 3022 359 3081 nullu
381 3029 444 3080 erat
474 3038 577 3092 causa,
607 3037 657 3079 cur
687 3020 847 3079 doctrinam
878 3039 943 3080 eam
970 3023 1112 3096 rejiceret.
1163 3023 1277 3083 Totum
1307 3039 1408 3085 autem
1439 3024 1504 3085 tls·

151 3112 234 3169 warti
258 3112 386 3167 animam
411 3117 441 3166 ut
466 3111 506 3167 rei
524 3108 743 3183 Copernicanae
766 3108 933 3168 conciliaret
948 3126 1074 3183 eamque
1098 3108 1135 3169 de
1157 3110 1249 3187 hujus
1267 3111 1422 3174 doctrinae
1438 3115 1502 3172 reri·

155 3205 217 3256 tatu
241 3199 437 3266 convinceret,
461 3213 612 3271 nunquam
634 3194 781 3270 Keplerus
803 3197 900 3271 potuit
923 3196 1045 3255 allicere.

259 3284 425 3357 Quaerentc
448 3281 602 3341 llerwarto
626 3282 768 3356 judiciam
790 3282 912 3359 Kepleri
933 3283 970 3342 de
993 3282 1119 3343 Gilherti
1141 3283 1220 3343 libro
1243 3283 1283 3346 dc
1308 3296 1456 3363 magnete,
1482 3289 1502 3343 ’1

155 3372 305 3449 explicans
329 3390 378 3442 aa,
410 3388 485 3446 qaae
517 3371 572 3445 ipsi
604 3369 640 3428 de
668 3372 776 3430 virtute
802 3372 969 3446 magnetica
999 3373 1062 3430 vise
1087 3373 1163 3442 sint,
1195 3372 1273 3432 haec
1302 3373 1340 3433 de
1363 3376 1502 3450 Copersioi

156 3459 314 3535 hypothesi
342 3456 439 3516 addit:
475 3456 581 3537 „Quod
605 3455 642 3514 ad
672 3466 782 3516 motum
805 3457 933 3519 Telluris
961 3460 1080 3529 attinet,
1113 3458 1201 3519 lacile
1231 3465 1350 3535 poteris
1378 3463 1503 3538 cogitare.

153 3563 331 3623 magnopere
361 3563 407 3604 me
435 3548 641 3621 probaturum,
676 3562 752 3619 quae
782 3544 832 3606 ille
850 3549 1016 3616 (hilbertus)
1040 3545 1078 3604 ad
1103 3546 1345 3620 Caperoieunam
1374 3552 1502 3607 rationu

151 3633 360 3693 stabiliendam
384 3633 481 3703 alleri,
513 3650 578 3692 eum
604 3632 821 3707 Copemicanus
843 3641 873 3692 et
896 3634 958 3708 ipsa
981 3636 1045 3690 sim.
1092 3632 1189 3691 Velim
1215 3646 1318 3694 tamen
1342 3634 1502 3713 perpendes

151 3725 246 3797 ipsum
271 3719 508 3797 probabilitatem
531 3719 636 3778 saltem
660 3718 796 3794 profiteri.
826 3720 971 3807 Diuqnum
987 3719 1093 3778 Terrae
1110 3731 1224 3779 ructum
1241 3725 1386 3783 omnibus
1403 3722 1501 3782 msu-

151 3812 197 3866 nis
220 3808 359 3879 adstruit,
385 3808 421 3866 de
444 3825 541 3866 annuo
566 3806 721 3883 suspendit
742 3809 933 3884 sententiam,
962 3806 1035 3865 lorte
1064 3808 1136 3883 quin
1157 3820 1354 3869 astronomus
1377 3829 1433 3871 ooo
1453 3822 1501 3869 ert:

149 3896 234 3966 alias,
257 3898 283 3953 si
308 3896 381 3954 benc
404 3897 474 3953 trevi
497 3895 561 3968 ejus
584 3896 748 3969 ingenium,
772 3896 918 3953 mordicus
941 3893 1044 3952 luisset
1067 3901 1238 3970 arrepturus
1263 3908 1296 3955 et
1320 3898 1428 3957 hunc·
1463 3894 1500 3955 bd

149 3981 224 4041 haec
247 3988 425 4041 annotans
450 3984 559 4057 scripta
582 3979 727 4057 Keplerrrs
751 3981 825 4040 redit
847 3998 924 4039 anno
945 3987 1037 4051 root,
1062 3981 1228 4053 Herwarto,
1254 3987 1309 4059 qui
1325 3986 1387 4045 aiis
1402 3990 1498 4043 rsusss

149 4067 334 4142 planetarum
357 4079 386 4128 et
409 4068 487 4127 Solis
511 4076 621 4127 motam
648 4086 766 4126 servare
790 4077 913 4126 coontne
936 4077 980 4126 est
1004 4085 1090 4143 quarn
1115 4068 1323 4143 Coporoicus,
1353 4092 1438 4147 segre
1455 4068 1500 4131 sl-

147 4156 275 4213 mittcoti
298 4164 409 4214 motum
426 4155 561 4227 Telluris,
586 4155 750 4230 Coperoiei¹
762 4157 905 4214 rationem
927 4154 1059 4230 pluribus
1075 4155 1205 4230 explicat
1221 4166 1251 4217 et
1269 4162 1314 4218 sic
1331 4160 1417 4219 linem
1431 4160 1500 4217 iacit:

151 4241 236 4313 „Non
259 4242 334 4300 adeo
357 4243 517 4301 absurdum
542 4241 822 4318 videturphysicis,
846 4249 923 4301 stare
947 4242 1044 4301 Solem
1069 4247 1241 4304 semoveri
1267 4246 1402 4308 Terram
1435 4246 1499 4306 Ses-

148 4330 240 4385 tentia
264 4329 300 4386 dc
324 4331 444 4387 circuita
469 4329 548 4388 Solis
578 4338 680 4405 peccat
703 4331 732 4387 in
755 4328 905 4405 regulam,
937 4347 1013 4404 qrrae
1036 4340 1160 4404 possunt
1193 4331 1257 4390 heri
1289 4351 1346 4408 per
1367 4337 1500 4411 pausus.

147 4429 206 4471 aran
230 4413 337 4472 debunt
361 4416 422 4475 lieri
445 4434 495 4492 per
519 4417 611 4491 plura.
658 4416 786 4474 Possunt
813 4428 912 4475 antem
943 4416 1052 4475 salvari
1076 4416 1289 4492 phaenomena
1312 4432 1413 4481 sunto
1433 4418 1498 4479 Solo

148 4498 209 4556 Sed
232 4516 286 4558 nec
309 4503 430 4561 circuitu
454 4520 528 4578 opus
551 4510 597 4563 est
619 4502 656 4561 ad
679 4506 831 4563 circuitum
855 4506 960 4562 celeris
984 4503 1217 4577 coriciliuodom,
1242 4524 1315 4565 carn
1337 4510 1406 4568 sola
1426 4506 1499 4565 vu*

146 4585 227 4642 tione
251 4585 279 4643 id
302 4591 405 4662 possit.
454 4589 587 4665 lienique
617 4590 743 4650 naturali
767 4592 860 4649 motui
883 4593 977 4666 magis
1008 4600 1052 4650 cst
1074 4604 1332 4667 consentancum,
1364 4595 1498 4655 volum

146 4669 225 4727 Solis
249 4674 396 4733 coraciliari
421 4684 451 4734 et
473 4678 568 4736 inlerri
593 4679 697 4736 celcris
720 4680 899 4738 circuitionis
915 4681 1131 4749 necessitatem,
1156 4679 1229 4738 durn
1244 4688 1434 4743 emanatione
1448 4682 1497 4737 ris·

147 4759 217 4813 tratis
246 4780 348 4820 raasson
379 4763 427 4821 val
450 4760 526 4831 ἑλξει
550 4773 648 4823 utatur
677 4764 716 4822 ad
744 4765 1005 4826 circurnrehcodoe
1032 4775 1156 4825 ceteros.
1208 4771 1248 4826 ht
1273 4770 1423 4845 quomodo
1448 4769 1496 4827 cir·

145 4843 242 4903 nouas
265 4843 344 4941 Solis
359 4849 503 4910 conciliet
524 4853 629 4913 ceteris
651 4852 820 4929 urentium,
853 4852 882 4913 id
906 4871 964 4915 non
995 4855 1039 4913 ita
1063 4852 1155 4916 lacilo
1183 4864 1234 4917 est
1254 4856 1390 4921 definire.
1429 4854 1494 4915 Νι
