3308 5534
377 380 559 446 aruncum
576 378 713 441 Ηίιιοήιιο
729 380 919 439 Asboaomiao
936 380 1031 440 saonlo
1047 382 1124 441 m.
1361 380 1427 453 507

128 564 284 629 matur,
303 561 516 631 magnitudinem
533 560 635 615 Terrae
653 558 689 615 ad
707 556 814 614 coelum
831 557 956 614 collatam
975 572 1088 629 prorsus
1109 574 1280 630 assuescere,
1298 575 1332 618 so
1352 560 1427 631 quod

129 648 187 705 mon
209 648 279 704 coeli
303 650 448 720 sphaeram
471 648 596 705 blisum
618 652 706 717 secet,
738 644 813 715 qnod
836 644 1071 705 obseruationibus
1095 659 1145 718 per
1166 644 1301 719 dioptsam
1325 654 1427 719 pateat.

128 738 214 807 pitibua
225 737 252 793 7.
266 744 295 793 et
305 738 333 795 Β.
350 736 470 793 rationes
488 744 610 793 soterum
621 735 792 806 (praesertim
804 732 954 789 Ptolemaei
967 740 996 790 et
1007 735 1173 806 Aristotelis)
1190 752 1241 806 pro
1253 735 1314 795 loco
1326 736 1428 795 Terrae

133 824 212 881 mundi
229 824 320 881 medio
338 824 452 895 eiusque
470 824 657 880 immobilitate
674 828 852 879 recensentur
868 820 1084 894 refutanturqua.

173 910 366 981 Quaestionem
390 927 550 983 aggressus,
577 927 628 977 „un
646 909 748 967 Terrae
772 910 866 981 plures
887 912 997 979 possint
1022 912 1133 967 attribui
1156 916 1263 967 motus¹¹
1289 914 1361 983 (cap.
1380 914 1428 985 a),

128 1012 151 1053 ιι
164 997 243 1055 silort
255 1000 422 1069 Copcrnicus
440 999 604 1055 sententiam
617 1000 651 1055 de
668 1000 860 1067 grauitate:
881 993 1032 1067 „Equidem
1045 1000 1179 1065 existimo,
1198 1000 1359 1069 pravitatem
1371 1016 1427 1057 uon

128 1086 152 1141 sd
169 1102 229 1143 asse
253 1104 336 1157 quam
359 1090 544 1158 appetentiam
569 1087 705 1157 quandum
728 1087 894 1154 naturalem,
915 1088 1040 1157 partibus
1063 1084 1176 1142 inditam
1194 1102 1212 1141 a
1230 1084 1321 1142 dirius
1338 1086 1427 1156 prosl-

128 1174 174 1245 rtin,
193 1179 224 1230 ut
240 1174 269 1231 iu
288 1176 419 1232 unitatem
437 1176 676 1247 integritatemque
695 1193 771 1233 suam
785 1192 846 1233 sese
858 1178 1010 1247 conferant,
1028 1176 1056 1230 ln
1074 1176 1189 1231 formam
1201 1174 1273 1245 qlobl
1286 1183 1426 1233 coeuntes.

128 1278 164 1317 sm
178 1262 381 1319 affectationem
400 1264 530 1320 credibile
554 1272 597 1319 est
616 1264 698 1318 etiam
717 1264 786 1333 Soli,
809 1264 904 1321 Luuao
927 1264 1080 1331 ceterisque
1104 1264 1251 1319 errantium
1273 1261 1426 1333 fulgoribus

128 1364 175 1414 sse,
201 1355 233 1405 ut
250 1350 310 1419 ejus
333 1351 456 1407 efficacis
480 1352 509 1407 iu
533 1368 565 1408 eu
585 1368 639 1421 qua
667 1369 696 1407 se
720 1358 927 1423 repraesentant
950 1350 1118 1407 rotunditate
1142 1358 1333 1419 permaneant,
1357 1362 1428 1421 qnae

128 1434 247 1493 ilominus
265 1437 357 1493 multis
375 1439 463 1494 modia
482 1456 547 1495 suos
565 1439 688 1497 elficiuut
705 1440 843 1496 circuitus.
880 1437 910 1495 si
927 1440 1009 1509 igitur
1027 1446 1055 1493 et
1073 1440 1158 1493 Terra
1179 1438 1262 1495 luciat
1279 1440 1361 1511 allos,
1380 1449 1425 1495 ne·

128 1524 230 1593 merit,
247 1540 296 1581 eoa
315 1540 385 1592 esse,
402 1525 449 1596 qui
468 1526 590 1583 similiter
606 1528 777 1584 extrinsecus
795 1528 823 1583 iu
841 1527 934 1583 multis
951 1532 1094 1599 apparent,
1113 1527 1142 1580 ln
1160 1527 1259 1595 quibus
1276 1527 1427 1583 invenimus

128 1628 193 1669 tuum
215 1612 384 1669 circuitum.“
421 1614 492 1671 Hinc
516 1615 655 1672 concludit
677 1616 857 1685 Coporuicus,
883 1614 952 1671 coeli
978 1621 1080 1670 motum
1104 1620 1281 1685 apparentem
1305 1620 1427 1671 assumta

128 1714 178 1756 ras
193 1710 272 1757 motu
289 1708 318 1758 et
335 1702 393 1757 Soli
410 1702 597 1759 immobilitate
615 1717 746 1759 concessa
764 1702 888 1758 excusari
906 1718 998 1772 posse.

177 1788 273 1859 Cupite
294 1792 333 1847 10.
360 1791 419 1846 adit
445 1790 611 1860 (loperuicus
637 1789 789 1845 ordinem
822 1790 952 1845 orbiunt
979 1789 1197 1859 coelestium,
1225 1790 1330 1859 primus
1355 1790 1428 1847 lntsr

128 1892 168 1933 ses
193 1877 383 1933 demonstrans
407 1877 558 1935 rationibus
583 1878 703 1949 physicis
727 1885 756 1934 et
776 1877 974 1949 philosophicis
1000 1876 1077 1934 illum
1101 1878 1223 1933 ordinem
1248 1876 1427 1948 planetarum,

129 1980 154 2017 us
172 1962 317 2021 hincinde
334 1963 370 2018 ad
387 1973 481 2020 uostra
499 1982 586 2035 nsque
603 1975 726 2036 tempora
744 1976 775 2021 ut
786 1983 879 2021 verum
892 1974 1082 2022 assumserunt
1098 1968 1247 2022 astronomi
1268 1966 1367 2022 sinceri
1377 1977 1429 2023 uec

128 2054 201 2109 riona
218 2052 292 2107 falsa
308 2054 336 2106 in
354 2051 435 2108 sliam
454 2054 524 2108 rium
543 2053 660 2109 deducti.
696 2055 800 2110 Mutum
819 2056 920 2109 Terrae
943 2054 1040 2109 tribuit
1064 2054 1243 2124 triplicem
1262 2055 1429 2125 (iopamicus

128 2162 140 2195 ι.
161 2142 226 2207 11.),
255 2140 387 2210 „primum
411 2146 617 2211 νιιχθιμιρινω,
647 2140 699 2196 dici
723 2142 868 2211 noctisque
891 2141 1032 2198 circuitum
1056 2141 1197 2210 proprium
1219 2142 1293 2199 circa
1317 2148 1426 2213 axam“;

128 2230 221 2287 sudum
238 2238 342 2285 motum
360 2228 445 2285 centri
462 2246 584 2285 aunuum
602 2230 674 2285 eirca
692 2228 791 2284 Solem.
828 2228 938 2283 Tertius
962 2228 1063 2283 Terras
1086 2235 1175 2283 motus
1200 2230 1299 2285 dicitur
1322 2238 1427 2296 „motus

128 2318 271 2385 linationis,
290 2324 386 2373 contra
402 2325 506 2373 motum
524 2316 611 2371 centri
629 2331 720 2372 annua
737 2315 907 2372 resolutione
919 2314 1090 2384 reflecteret
1109 2334 1164 2388 quo
1176 2316 1312 2374 alliciatur
1323 2317 1427 2375 dierum

128 2406 237 2463 noctium
254 2405 435 2475 inaequalitas
449 2413 477 2460 ot
490 2404 554 2461 anni
565 2412 718 2474 temporum
732 2404 882 2459 diversitas.
916 2404 976 2471 ,Sic
988 2404 1120 2459 ambobus
1133 2404 1248 2459 inrlcem
1267 2403 1428 2473 aequalibus

145 2501 175 2548 st
193 2492 279 2550 obuiis
296 2500 391 2548 mutuo
408 2493 513 2561 evenit,
537 2498 569 2547 ut
590 2493 650 2547 aris
669 2493 771 2548 Terrae
788 2501 817 2549 et
839 2494 945 2563 inipso
964 2492 1098 2547 maximus
1124 2492 1316 2562 parallelorum
1334 2492 1427 2561 acqui·

128 2578 200 2635 tinlis
222 2580 251 2633 iu
269 2580 383 2635 eandem
407 2580 464 2635 lere
485 2580 578 2637 mundi
595 2587 702 2649 partem
721 2588 861 2651 spectent,
887 2582 1000 2653 periudc
1017 2598 1051 2636 ac
1066 2582 1090 2635 sl
1108 2580 1259 2637 immobiles
1276 2586 1428 2641 manerent.

128 2684 165 2723 us
182 2667 230 2723 ille
247 2668 320 2724 circa
336 2684 415 2723 arem
434 2668 606 2737 superficiem
623 2668 735 2724 insumit
752 2670 886 2734 conicum,
909 2670 937 2724 in
960 2676 1053 2724 centm
1071 2668 1173 2724 Terras
1191 2670 1335 2725 habentem
1352 2669 1428 2727 iasti-

128 2772 155 2823 ιι,
173 2754 253 2811 basin
270 2770 334 2810 sero
353 2756 485 2814 circulum
497 2755 688 2825 aequinoctiali
700 2756 871 2826 parallelum.
902 2757 983 2811 Patet
994 2756 1085 2824 igitur,
1103 2756 1240 2825 quomodo
1254 2762 1428 2813 occurrentes

128 2855 187 2897 cem
211 2842 268 2899 biui
290 2852 395 2913 motus,
420 2844 507 2899 centri
527 2843 637 2913 iuquam
660 2852 688 2899 et
709 2844 904 2910 inclinationis,
927 2850 1029 2913 coquunt
1053 2856 1133 2898 axem
1154 2842 1259 2899 Terrae
1280 2842 1309 2899 ln
1331 2842 1428 2899 eodem

128 2938 235 2983 amento
253 2944 363 2985 manere
381 2946 414 2985 uo
431 2930 569 2999 positione
588 2932 723 2987 consimili
735 2937 763 2986 et
774 2946 907 3001 apparere
919 2932 1018 2999 omnis,
1036 2930 1114 2999 qussi
1127 2930 1182 2985 sint
1193 2930 1297 2985 solatas
1308 2934 1427 2987 motus“.

128 3032 151 3071 ιο
168 3016 281 3071 tertium
294 3016 395 3072 Terras
412 3028 515 3073 motum
527 3018 743 3086 Copernicauum
760 3016 897 3086 lieplerus
915 3017 950 3072 ad
967 3032 1027 3073 earn
1040 3016 1157 3083 redusit,
1176 3032 1246 3087 quae
1259 3032 1289 3073 re
1300 3026 1366 3073 rata
1377 3022 1429 3085 cst

128 3102 285 3159 nobilitatem
299 3106 376 3173 quasi
388 3106 447 3159 axis
459 3121 508 3175 per
521 3104 661 3160 circuitum
673 3120 800 3165 annuum.
812 3103 933 3159 inclinati
945 3104 981 3160 ad
993 3104 1154 3175 eclipticam,
1167 3118 1300 3174 axemque
1312 3104 1430 3175 sibiipsi

129 3206 181 3260 per
198 3188 361 3260 parallelum
379 3199 532 3247 manentem
551 3195 595 3259 [ut
611 3190 655 3245 hic
673 3190 907 3260 aequinoctiorum
924 3190 1141 3263 praecessionem
1159 3191 1288 3246 intactam
1308 3199 1428 3260 praeter-

128 3282 230 3351 umus).

175 3367 318 3438 capitibus
335 3368 379 3425 12.
395 3367 436 3424 13.
456 3367 518 3423 libri
531 3367 553 3421 I.
575 3366 704 3436 proponit
722 3366 889 3437 Gepsmicus
908 3366 1060 3423 doctrinam
1077 3366 1274 3435 triangulorum
1287 3367 1429 3438 planorum

128 3454 321 3526 ephaericosum
339 3454 431 3511 addite
448 3453 542 3511 tabula
559 3454 676 3510 sinuum.

175 3542 281 3598 Libro
298 3542 340 3598 11.
364 3543 546 3598 astronomiae
569 3541 728 3611 sphaericae
750 3541 854 3610 dicato,
880 3541 1038 3609 praemissis
1062 3544 1135 3612 (cap.
1159 3546 1195 3613 l.)
1224 3543 1429 3602 delinitionibus

128 3632 235 3689 ulorum
253 3632 281 3686 in
299 3630 431 3700 sphaera,
456 3630 514 3685 adit
533 3630 699 3699 Coperuicus
727 3629 868 3699 eclipticas
891 3627 1079 3698 obliquitatem
1098 3632 1172 3699 (cap.
1191 3629 1245 3697 2.),
1271 3630 1351 3685 docet
1374 3638 1430 3700 qut

128 3736 177 3777 one
194 3718 242 3775 illa
260 3719 415 3774 inveniatur
432 3718 529 3786 hisque
546 3716 615 3772 haec
632 3716 787 3785 subjungit:
806 3715 980 3770 Ptolemaeus
998 3715 1080 3784 igitur
1098 3715 1270 3771 interuallum
1288 3714 1341 3773 boc
1358 3718 1430 3773 inter

128 3808 186 3863 ἰιοιιι
204 3808 320 3863 boreum
341 3813 369 3860 et
387 3807 538 3862 austrinum
555 3805 737 3875 deprehendit
755 3806 805 3860 47⁰
823 3805 867 3859 tt‘
885 3806 951 3867 tot,
969 3803 1108 3859 dimidium
1126 3804 1175 3859 23⁰
1193 3807 1236 3860 δι’
1254 3806 1315 3861 20”.
1349 3808 1430 3873 ,Eri-

128 3897 194 3951 sasit
210 3894 397 3961 Ptolemaeus,
416 3893 611 3948 invariabiliter
629 3893 668 3948 sic
686 3909 716 3947 se
734 3891 835 3947 habere
853 3898 881 3945 et
897 3906 1105 3960 permansurum
1123 3908 1239 3962 semper.
1276 3894 1377 3949 Verum
1394 3898 1430 3951 ab

128 3992 246 4053 tempore
262 3981 437 4037 inveniuntur
455 3982 523 4035 haec
542 3981 669 4036 continuo
688 3981 841 4035 decrevisse
859 3980 894 4035 ad
907 3994 957 4033 nos
976 3994 1072 4048 usque.
1098 3981 1218 4050 Reperio
1230 3986 1273 4037 eat
1290 3982 1361 4036 enim
1372 3982 1428 4051 jam

128 4072 187 4128 rabis
204 4078 233 4127 et
251 4070 313 4126 aliis
333 4068 495 4137 quibusdum
515 4070 669 4124 coaetaneis
688 4068 789 4124 nostris
808 4068 937 4123 distantia
955 4068 1121 4138 tropicorum
1134 4070 1183 4125 lti⁰
1201 4072 1245 4125 hi'
1261 4069 1319 4125 iere
1337 4076 1366 4125 et
1383 4081 1429 4126 sn·

128 4176 156 4215 us
171 4159 302 4218 sectionis
320 4158 370 4211 ‘23⁰
387 4157 457 4227 ‘titii
477 4164 505 4209 ut
525 4158 593 4211 satis
608 4156 664 4226 jam
682 4164 784 4227 pateat,
802 4154 928 4210 mobilem
947 4170 1009 4209 esse
1027 4153 1108 4210 etiam
1127 4155 1249 4228 signiferi
1268 4157 1430 4226 obliquatio·

128 4262 153 4317 s,
167 4248 297 4318 illamqua
314 4260 452 4313 nunquam
471 4245 601 4313 majorem
620 4244 706 4301 luisse
725 4247 834 4302 23⁰·52‘
850 4259 901 4300 nec
918 4258 1038 4313 uuquam
1060 4244 1191 4299 minorem
1209 4243 1330 4300 futuram
1348 4252 1429 4313 quam

128 4336 208 4401 '28¹5‘
232 4336 307 4405 quod
328 4333 399 4389 libro
417 4333 465 4387 Ill.
484 4348 544 4402 cap.
563 4333 588 4387 2.
615 4332 731 4402 probare
754 4331 813 4386 vult
835 4330 1003 4400 Copernieus
1025 4331 1188 4387 testimoniis
1210 4331 1429 4387 observationum

128 4425 145 4477 la
159 4438 176 4477 a
190 4423 355 4479 Timochare
372 4420 558 4475 Alexandrino
577 4435 664 4489 usque
681 4420 710 4474 in
728 4434 827 4475 annum
846 4420 914 4475 taes
932 4420 1118 4475 institutarum
1137 4418 1199 4487 (alr.
1213 4417 1264 4475 vol.
1277 4418 1326 4473 lll.
1345 4434 1372 4488 p:
1385 4419 1429 4486 st,

128 4528 170 4581 .p.
188 4512 240 4582 tat.
277 4510 354 4566 Libri
371 4509 405 4563 ll.
424 4508 559 4577 capitibus
576 4510 662 4564 3-14
686 4508 779 4563 insum
795 4506 968 4563 definitiones
991 4508 1026 4561 sd
1050 4506 1242 4562 astronomiam
1260 4506 1429 4576 sphaericam

128 4599 243 4655 maanus
261 4606 290 4654 ot
309 4596 481 4669 problemata
499 4597 736 4664 theoremataque,
761 4610 832 4665 quae
856 4594 910 4648 illis
928 4594 1093 4663 innituntur,
1118 4594 1214 4649 eudem
1238 4593 1296 4649 lere
1313 4608 1384 4664 quae
1401 4592 1429 4646 in

128 4688 159 4741 ris
173 4688 318 4745 Ptolemaei
336 4694 365 4741 et
383 4685 538 4756 Albatcgnii
556 4683 792 4755 deprehendimus.
821 4684 988 4753 SubJunctae
1007 4690 1071 4738 aunt
1088 4681 1198 4737 tahulse
1217 4682 1429 4737 declinationum

128 4770 241 4847 imitus«,
258 4774 471 4835 dilimeutiarum
488 4774 678 4833 saceusiouum
695 4770 877 4848 obliquorum,
900 4770 1090 4828 ascensionum
1107 4778 1243 4829 rectarum
1262 4775 1290 4827 et
1306 4770 1430 4847 obliqua·
