3308 5534
652 430 663 453 0
751 394 831 453 teto.
849 393 927 453 teat.
1167 444 1171 457 .
1440 399 1505 470 879

147 578 268 657 pentem
289 576 478 639 submittetnr
500 573 664 650 integratio,
688 571 792 632 titulus
813 587 856 633 se.
879 587 945 630 oum
967 570 1169 647 praeambulo.
1198 572 1258 634 Hic
1279 592 1316 635 eu
1338 575 1394 636 tibi
1408 575 1506 639 lusum

148 676 317 729 arbactum
340 685 375 726 ex
399 681 487 742 opere
509 663 628 739 majori,
651 664 676 719 si
700 668 796 719 tamen
819 675 877 718 nou
901 661 989 718 etiam
1018 659 1096 719 hunc
1118 660 1228 721 dudum
1250 661 1352 729 habes.
1399 664 1483 729 Vale.

255 758 307 812 Die
325 756 462 824 daldaji:
494 751 641 811 Reversus
673 748 840 821 Tubingam
868 763 934 805 snm
964 745 1001 805 ad
1032 764 1098 806 mea
1128 746 1282 811 latrocinia
1310 751 1423 813 urbana
1452 771 1505 831 pro

137 828 300 901 'tribunall
344 840 457 899 Nactus
480 839 577 898 subito
600 837 679 894 htrnc
700 832 865 893 studiosum
887 833 1051 909 Noriherga
1081 838 1264 911 venientem,
1294 838 1422 900 salutem
1449 844 1505 902 tibi

147 945 203 1006 par
224 929 303 988 hunc
324 927 456 999 latorem,
481 927 536 1001 ipsi
560 926 633 983 iorte
649 922 817 993 salutarem,
840 921 975 992 scribere,
1000 921 1037 981 de
1053 921 1198 999 Prospero
1221 930 1396 1001 percontari,
1419 928 1505 988 deui-

148 1033 209 1093 que
232 1014 305 1074 illud
328 1023 356 1075 te
379 1031 483 1090 rogere
508 1010 597 1085 volui,
621 1017 653 1069 ut
675 1010 699 1067 si
723 1018 807 1086 potes
830 1007 927 1067 Prooli
942 1006 1179 1086 Hypotyposeou
1202 1011 1335 1072 libellum
1357 1032 1505 1094 graecum,

147 1101 288 1163 Basileon
310 1104 498 1177 impressum,
526 1102 552 1156 si
576 1114 637 1174 qua
657 1105 742 1174 potes
766 1112 803 1155 ex
824 1095 1003 1156 bibliotheca
1033 1097 1105 1155 mihi
1128 1098 1177 1157 vel
1199 1104 1317 1161 coeman
1348 1102 1396 1162 vel
1418 1113 1506 1163 nten-

149 1189 222 1250 dnm
245 1192 443 1261 transmittas,
469 1187 600 1261 ,deniqne
633 1187 676 1242 nti
707 1183 807 1242 valeas
836 1182 994 1258 significes.
1039 1183 1130 1244 Plura
1157 1202 1215 1244 non
1245 1188 1352 1248 sufficit
1375 1190 1506 1253 calamus

148 1287 308 1337 contumax
331 1276 472 1351 locusque
494 1277 610 1350 ineptus
636 1270 818 1330 meditationi
841 1281 871 1330 et
895 1269 1003 1346 hospes
1025 1288 1168 1334 morosus.
1212 1273 1298 1336 Vale.

246 1358 308 1423 'Die
325 1370 368 1424 tt.
388 1365 519 1435 Augusti:
545 1362 647 1418 hirnus
663 1359 877 1434 circumagitur,
901 1357 1025 1417 necdum
1047 1364 1168 1434 negotia
1187 1379 1254 1421 mea
1275 1362 1363 1424 finem
1385 1365 1505 1427 babent.

149 1451 340 1529 Exemplaria
362 1449 428 1508 libri
445 1448 497 1506 IV.
514 1447 664 1524 Epitomes
688 1447 808 1504 omniuo
826 1449 863 1505 17
887 1462 999 1504 mecum
1022 1447 1109 1506 attuli
1132 1448 1244 1523 Lincio,
1268 1468 1344 1526 qnae
1366 1451 1507 1514 distracta

148 1545 229 1597 sunt.
276 1537 361 1598 Nunc
382 1537 445 1595 filia
467 1553 533 1595 mea
554 1534 718 1592 Ratisbona
742 1532 876 1591 Lincium
899 1532 1062 1606 deseendit,
1091 1542 1123 1592 ut
1147 1538 1274 1611 proterat
1296 1555 1312 1597 e
1334 1538 1506 1616 supelleeti-

149 1625 229 1685 libus
262 1628 336 1684 meis
365 1624 545 1699 exemplaria
577 1623 684 1681 omnia.
738 1618 864 1679 Omnino
898 1637 1057 1696 persuasus
1087 1638 1167 1695 sum,
1199 1623 1414 1701 Grlngalletnm
1446 1628 1504 1688 duo

149 1715 315 1789 accepisse,
348 1720 380 1770 ut
403 1728 502 1770 eorum
526 1727 615 1769 uuum
639 1710 718 1780 (sine
740 1716 837 1767 tamen
861 1707 962 1780 titulo,
996 1711 1047 1783 qui
1070 1708 1225 1786 Tubingae
1248 1716 1422 1790 impressus)
1451 1718 1505 1775 tihl

149 1800 338 1876 relinqueret.
370 1799 458 1858 Liber
482 1798 517 1859 V.
541 1797 593 1855 vt.
611 1796 677 1855 Vll.
700 1795 882 1853 Francolnrti
905 1803 950 1853 est
971 1795 1050 1871 apud
1073 1796 1303 1874 Tampaohinru3
1327 1818 1414 1879 spero
1435 1821 1506 1879 pro-
1548 1867 1552 1877 ¹

151 1888 283 1948 diturum
309 1887 456 1945 nundinis.
500 1883 629 1944 lleoudit
650 1891 681 1942 et
702 1881 877 1959 Mysterinm
905 1899 971 1941 cum
998 1886 1076 1942 notis
1105 1889 1188 1950 meis.
1233 1887 1334 1947 'l'ertio
1365 1891 1505 1966 respondi

150 1974 190 2037 l).
213 1974 252 2034 de
275 1974 428 2034 Fluctibus
450 1974 633 2048 ineptissimo
657 1969 748 2040 libro,
778 1971 911 2046 poenitet
933 1985 1055 2045 operae,
1083 1971 1137 2031 scd
1160 1977 1282 2050 promisi
1304 1975 1506 2055 Tampaohioe

150 2064 253 2123 nescio
276 2080 314 2121 an
337 2061 393 2120 hoe
414 2078 587 2136 responsum
609 2060 647 2117 sit
669 2057 850 2132 proditurum
872 2055 984 2135 jam.*)

256 2148 302 2208 De
324 2148 469 2224 Prospero
493 2148 593 2223 accepi
623 2165 641 2202 a
665 2143 861 2216 Sehiekardo,
892 2148 1012 2202 missum
1036 2145 1266 2209 Francolurtnm.
1313 2151 1380 2210 Nou
1403 2151 1507 2213 laboro

149 2235 279 2315 amplius
304 2244 336 2295 ut
359 2235 477 2307 edatur,
509 2234 598 2293 medo
621 2251 657 2291 ne
681 2232 752 2292 mihi
774 2239 876 2308 pereat
898 2232 1074 2307 exemplum.
1121 2235 1252 2297 Alteram
1275 2237 1398 2299 letitiam
1421 2244 1508 2316 pagi·

147 2342 218 2383 nam
248 2340 352 2383 vereor
378 2341 416 2382 ne
444 2324 501 2398 ipsi
524 2321 669 2398 Prospero
698 2322 736 2378 sit
768 2318 989 2395 impedimento,
1020 2320 1119 2380 malim
1148 2326 1242 2383 omitti
1272 2325 1364 2385 illam.
1408 2328 1455 2390 De
1478 2338 1507 2388 ta

147 2411 240 2472 audio
263 2414 530 2488 interumperet-iiam
555 2409 584 2467 id
607 2411 632 2466 si
656 2417 701 2465 eet
723 2415 841 2483 propter
863 2424 930 2467 mea
953 2409 1044 2466 verba
1065 2408 1135 2467 lolio
1160 2419 1210 2469 tue
1235 2418 1307 2484 362,
1332 2413 1418 2474 doleo
1442 2433 1508 2474 mea

147 2498 197 2558 rel
221 2515 313 2574 opera
335 2497 383 2557 vel
408 2496 568 2571 indigentia
595 2502 675 2553 tuam
699 2495 951 2570 promtitudinem,
983 2503 1070 2554 antea
1093 2500 1213 2557 nimium
1244 2501 1273 2559 iu
1297 2517 1344 2560 ms
1366 2523 1507 2579 reponem,

147 2585 316 2662 prolicitam
338 2589 369 2643 in
393 2582 514 2660 aliquod
538 2586 579 2642 tui
603 2590 698 2641 status
722 2581 947 2641 incommodum.
992 2581 1107 2642 Nudius
1134 2602 1187 2660 per
1215 2587 1382 2648 studiosum
1405 2592 1508 2666 rogavi

148 2672 187 2733 tle
210 2672 332 2746 Preciae
355 2689 433 2731 nunc
456 2669 620 2746 exemplum
644 2678 749 2730 nactus
772 2687 836 2730 earn
860 2686 978 2745 operam
1002 2670 1056 2729 tibi
1078 2675 1204 2733 remitte.
1250 2674 1347 2736 Melta
1370 2693 1428 2737 nox
1451 2686 1506 2751 eat

147 2758 265 2822 desino.
310 2759 394 2819 Vols.
1516 2804 1519 2811 -

255 2851 298 2905 De
317 2850 435 2905 editione
454 2848 584 2903 librorum
603 2849 783 2916 posteriorum
795 2849 938 2918 Epitomee
956 2849 1025 2903 haec
1044 2848 1109 2904 dicit
1121 2851 1270 2920 Keplerus:
1288 2850 1312 2909 E
1327 2849 1508 2926 praeloquiis

148 2933 378 3012 Ephemerldnm
402 2940 535 3009 apparet,
558 2932 648 2990 semel
673 2942 762 3008 atque
785 2934 890 2991 iterum
912 2941 1056 2991 mutatam
1079 2951 1143 2993 esse
1167 2936 1289 2997 lormnm
1304 2938 1412 2997 calculi
1425 2942 1507 3012 (uto-

147 3028 232 3081 tuum
258 3021 389 3095 Lunae),
420 3023 529 3095 qnippe
552 3019 711 3078 fittctnante
735 3021 904 3095 passimque
934 3021 1113 3094 impingente
1143 3038 1275 3084 assensu.
1325 3024 1392 3084 Hac
1421 3044 1507 3089 ornos

147 3108 277 3185 danique
300 3108 437 3168 liberavit
459 3110 667 3165 astronomiam
690 3109 850 3182 praecipua
871 3107 1106 3183 speculationum
1122 3125 1250 3169 meatum
1266 3110 1392 3173 inlicitas
1407 3130 1508 3174 meuse

146 3197 243 3274 Aprili
257 3197 327 3254 anui
347 3202 438 3254 1620.
458 3203 514 3261 (111.
535 3204 585 3251 661
607 3206 648 3257 aa.)
671 3211 737 3252 cum
760 3202 921 3271 appareret,
944 3211 1159 3271 supervacuum
1182 3215 1246 3256 esse
1266 3199 1389 3259 alterum
1407 3200 1509 3263 uanae

147 3286 354 3344 eccentricum.
408 3282 537 3358 Jamque
568 3291 682 3358 tempus
719 3290 797 3353 crat,
837 3280 970 3340 ultimum
1007 3281 1200 3360 colophonem
1234 3288 1401 3361 imponendi
1431 3289 1507 3348 libro

148 3380 257 3449 quarto
281 3369 441 3447 Epitnmes,
465 3388 524 3445 quo
547 3370 625 3427 sacto
649 3367 686 3427 ad
710 3367 867 3428 editionem
900 3369 978 3428 illius
1009 3386 1127 3446 operam
1155 3374 1290 3431 transtuli
1313 3374 1410 3434 media
1434 3378 1508 3435 inter

148 3474 235 3519 uma
250 3458 396 3516 Bavarica
420 3461 595 3532 crebrosque
611 3456 728 3516 nterbos
752 3463 781 3515 et
803 3465 912 3516 mortes
936 3466 995 3515 tam
1019 3458 1143 3517 militum
1168 3477 1255 3534 quam
1273 3464 1390 3521 civium.
1430 3461 1508 3538 Quin

147 3548 241 3607 etiam
257 3544 428 3621 Ephetneris
451 3547 480 3602 iu
504 3562 612 3603 annum
631 3551 723 3603 1621.
740 3554 909 3623 computata
932 3547 1030 3603 statim
1053 3546 1108 3604 luit
1131 3564 1165 3604 ex
1189 3546 1244 3606 huc
1263 3549 1388 3626 simplici
1405 3550 1508 3611 Lunae

150 3634 330 3705 auoernrico,
361 3649 462 3690 rernm
486 3635 596 3693 itineris
619 3635 675 3691 mei
699 3634 875 3691 necessitate
898 3631 1060 3709 prohibitus
1085 3633 1306 3709 Eplrerneridem
1330 3637 1412 3695 illum
1433 3638 1507 3697 hac·

149 3727 239 3781 tenus
262 3719 348 3779 edere
371 3736 429 3779 non
454 3722 535 3797 potui
539 3762 645 3778 .....
692 3719 754 3777 Etsi
784 3727 850 3796 posi
873 3718 982 3777 editum
1014 3718 1121 3778 librum
1144 3720 1196 3779 lv.
1221 3723 1396 3802 tEpitomes)
1419 3724 1506 3785 domo

148 3808 272 3880 meum,
308 3823 362 3865 nec
391 3824 492 3883 parum
522 3810 659 3884 temporis
693 3808 845 3866 itineribus
873 3808 1203 3882 curisque-lorensibns
1232 3812 1366 3883 insumo,
1399 3813 1507 3887 potiori

147 3901 249 3955 tamen
272 3897 411 3971 temporis
440 3902 521 3971 parte
550 3897 620 3953 mihi
644 3894 727 3953 licuit
755 3895 995 3969 interquiescere,
1026 3903 1115 3970 atque
1147 3895 1227 3954 illnur
1259 3914 1374 3956 omnnem
1398 3916 1453 3974 ego
1476 3901 1506 3957 iu

148 3998 249 4042 euram
272 3981 361 4057 hujus
385 3981 521 4041 editionis
545 3981 682 4059 impendi.
728 3981 894 4056 Tubingam
918 3989 949 4039 ut
972 3985 1038 4041 veni
1063 3993 1187 4042 exeunte
1210 3992 1399 4059 aun01620,
1423 3988 1508 4063 coepi

147 4071 357 4146 quaestiones,
383 4078 414 4128 ut
437 4069 473 4128 de
496 4073 600 4129 ceteris
623 4070 763 4145 planetis,
793 4070 837 4127 sic
859 4071 946 4127 etiam
970 4069 1006 4129 de
1030 4071 1114 4129 Luna
1137 4089 1172 4130 ex
1195 4071 1353 4149 hypothesi
1383 4072 1508 4151 physica

149 4155 271 4217 tandem
295 4159 415 4216 iuventa
439 4159 629 4216 conscribere.
675 4155 747 4215 Mox
771 4163 802 4213 nt
825 4154 1018 4214 Ratisbonam
1042 4158 1080 4216 ad
1096 4158 1246 4218 ‘familiam
1269 4160 1356 4233 redii,
1387 4160 1507 4221 easdem

147 4243 245 4304 revidi
269 4243 534 4317 describendosque
559 4243 636 4304 dedi.
669 4243 787 4302 Interim
809 4243 875 4303 iibri
892 4241 943 4300 Vl.
968 4252 1079 4320 partem
1098 4247 1239 4319 nltimam,
1262 4247 1405 4307 hactenus
1430 4249 1507 4308 dila·

147 4341 225 4404 unt,
253 4348 330 4390 nunc
353 4348 509 4406 aggressus
541 4334 639 4390 inveni
670 4330 847 4391 laboriosum
851 4371 958 4391 .....
1003 4330 1152 4389 hlonachii
1185 4334 1274 4394 breve
1296 4336 1368 4394 mihi
1392 4346 1508 4414 tempus

148 4420 360 4479 constitutione
391 4417 567 4494 epocharum
591 4427 619 4478 et
642 4419 859 4495 computatione
887 4416 1040 4493 eclipsium
1071 4420 1242 4479 intercessit.
1287 4421 1452 4500 Statimque
1475 4431 1508 4483 ut

145 4504 317 4582 Tubingam
337 4502 421 4579 redii,
444 4505 532 4564 etiam
555 4512 666 4582 partem
689 4505 756 4564 libri
772 4502 826 4566 Vl.
849 4512 982 4580 quartam
1005 4509 1128 4583 repetito
1151 4507 1252 4568 labore
1275 4509 1508 4589 interpolandatu

252 4730 280 4797 ⁵)
304 4732 420 4795 Epistola
446 4732 600 4781 dedicatoria
624 4730 742 4780 editionis
764 4730 889 4780 secundas
907 4730 1022 4793 llystsrll
1047 4733 1106 4780 data
1131 4736 1170 4781 nst
1192 4733 1225 4782 ad
1244 4732 1351 4784 Ordines
1375 4734 1505 4797 Styrlacos

146 4801 305 4853 raucorum
324 4805 351 4850 el.
364 4804 405 4851 30.
418 4802 490 4851 Juuii
508 4805 584 4865 reat,
602 4800 728 4867 Apologia
740 4802 891 4852 Harmoniae
909 4807 1006 4862 (contra
1018 4803 1163 4863 iiluddlum)
1181 4807 1277 4871 scripta
1294 4818 1378 4857 meuse
1391 4807 1505 4869 hugum

144 4886 216 4927 mtto
237 4874 314 4940 1621,
332 4874 359 4922 lu
378 4873 453 4922 titulo
471 4874 548 4923 babet
565 4887 659 4923 anuum
679 4875 755 4924 teta.
