3308 5534
475 422 518 479 De
534 420 629 478 auide
646 424 675 478 et
692 420 845 480 fautoribus
863 421 985 494 Keplerl.
1349 420 1414 493 981

55 606 139 667 tione
160 600 312 684 respondit
335 608 364 662 at
386 618 444 661 uon
468 599 556 662 modo
579 603 609 659 lu
631 597 793 662 refellendo
816 597 986 661 adversario
1009 601 1101 661 multo
1116 600 1252 663 inferiore
1267 606 1415 680 egregiam

55 694 150 755 animi
172 694 304 752 servavit
326 689 577 766 tranquillitatem,
601 688 654 749 sed
677 690 765 749 etlam
780 686 913 767 pluribus
930 690 1124 765 cogitationes
1147 707 1217 749 snas
1241 699 1271 751 et
1285 693 1415 752 rationes

55 779 228 859 explicavit,
251 797 271 838 a
287 777 522 854 lsongomoutsui
542 776 655 853 jndicio
669 775 758 852 louge
773 782 910 849 remotas,
935 793 1011 851 quaa
1034 775 1100 835 aliis
1124 776 1301 851 bominibus,
1325 796 1415 855 quam

55 871 109 947 qui
133 867 190 940 bic,
215 866 431 943 ,domesticns“
457 863 606 941 quondam
624 863 783 941 Tycbouls,
808 870 838 922 ct
860 862 1001 922 haeredes
1025 870 1107 923 erant
1130 862 1266 943 (quorum
1288 865 1362 926 ione
1385 874 1417 928 et

55 973 149 1017 causa
172 964 201 1014 et
222 955 339 1013 nomine
356 950 491 1032 scripsit),
516 968 572 1009 nou
596 950 691 1009 solum
714 948 750 1010 de
774 949 1037 1029 maximachleri
1061 950 1223 1011 studiorum
1247 954 1414 1015 sinceritate

56 1042 184 1120 ejusque
206 1040 389 1101 humanitate
411 1037 629 1117 persuaderent,
652 1038 705 1097 aad
720 1039 808 1097 etiam
824 1055 938 1097 summa
960 1037 1049 1114 hujus
1073 1040 1191 1099 maximi
1214 1042 1324 1116 ingenii
1347 1040 1415 1100 ald·

56 1135 159 1191 cenent
175 1126 376 1189 admiratione.
409 1127 572 1203 Responsio
587 1124 708 1203 Keplerl
730 1125 846 1202 legatur
868 1124 929 1187 vol.
946 1124 1001 1188 ΙΙΙ,
1025 1143 1052 1204 p.
1070 1129 1110 1186 32
1127 1143 1177 1201 ss,
1201 1129 1248 1186 cni
1271 1126 1415 1204 epistolae

55 1236 77 1279 s
90 1216 335 1292 Longomontano
358 1230 436 1273 suno
452 1213 568 1272 demum
588 1217 679 1274 1610.
696 1229 867 1290 responsum
883 1222 945 1287 est3
969 1229 1063 1288 usque
1078 1212 1116 1272 ad
1131 1213 1162 1272 id
1177 1223 1293 1292 tempus
1307 1232 1339 1274 se
1354 1232 1415 1277 uon

57 1303 247 1382 respondisse
270 1302 385 1375 scribit,
418 1300 518 1377 ,qnod
540 1299 687 1378 peculiare
724 1294 796 1361 nihil
829 1300 1017 1360 continebant
1048 1307 1162 1378 praeter
1195 1304 1416 1364 excusationem

58 1394 174 1453 tusm“.
206 1389 341 1449 Ceterum
366 1405 483 1467 prorsus
506 1388 596 1447 alium
619 1404 654 1447 ao
677 1394 765 1455 antea
787 1404 820 1447 se
835 1388 958 1465 praebet
973 1395 1002 1446 et
1017 1387 1087 1463 quid
1103 1387 1249 1467 Keplerus
1265 1388 1302 1449 de
1317 1397 1416 1450 astro·

56 1481 160 1541 nomia
183 1479 292 1556 optime
315 1478 460 1548 meruerit,
484 1475 686 1536 lubentissime
708 1473 871 1534 confltetur.
906 1474 961 1534 Do
985 1474 1164 1535 Academiae
1186 1476 1344 1552 Prageusis
1367 1494 1416 1538 re·

24 1558 27 1563 ’
57 1566 212 1628 stitutione
234 1582 300 1624 sese
324 1565 501 1641 comperisse
524 1563 625 1623 scribit
646 1563 763 1637 sibique
785 1563 945 1621 marimum
968 1562 1096 1623 laturum
1120 1580 1185 1623 esse
1208 1563 1366 1640 gaudium,
1389 1565 1415 1623 sl

56 1652 120 1715 illlc
141 1651 270 1731 Keplero
294 1650 426 1710 docenda
449 1650 655 1710 mathematice
677 1651 861 1709 tribueretur.

167 1739 319 1818 'lychoms
342 1740 392 1813 qui
416 1746 498 1797 erant
521 1740 601 1816 prius
624 1736 786 1813 adjutores,
810 1733 830 1795 J
840 1753 984 1797 oannes
1008 1736 1172 1811 Erlksen,
1196 1738 1415 1799 Ambrosius

62 1826 260 1899 Rhodius,
284 1824 304 1885 J
312 1842 460 1885 oannes
475 1823 683 1897 ldtillarus,
706 1826 756 1901 qni
772 1822 931 1902 Keplerum
948 1824 1026 1902 apud
1041 1823 1212 1903 Tychonem
1229 1832 1258 1884 et
1273 1832 1417 1886 noverant

58 1922 91 1977 et
112 1915 233 1975 maximi
255 1915 492 1985 aestimaverant,
515 1920 619 1991 postea
636 1927 756 1988 quoqne
778 1913 929 1988 antiquam
952 1914 981 1968 iu
996 1911 1155 1991 Keplerum
1179 1910 1265 1972 fidem
1288 1919 1318 1973 et
1340 1914 1416 1972 ami-

61 2004 164 2063 citiam
187 2002 428 2071 obsecraverunt,
452 2000 535 2075 cujus
558 2000 599 2058 rei
622 2006 691 2057 sunt
712 2000 880 2058 testimonio
902 1999 1155 2074 frequentissimae
1178 1998 1248 2059 illae
1271 1999 1309 2059 ad
1331 1999 1418 2077 Kep-

57 2090 154 2151 lerum
175 2089 214 2149 sb
245 2087 302 2146 illis
330 2088 455 2165 scriptae
485 2085 627 2165 epistolae
651 2084 782 2163 (Kepleri
813 2086 905 2164 ipsius
935 2084 1036 2146 literae
1059 2103 1117 2146 nou
1145 2084 1280 2161 exstant).
1323 2086 1418 2148 Vete-

57 2194 122 2239 rem
143 2193 228 2236 suam
258 2176 428 2234 societatem
458 2183 487 2233 et
515 2175 672 2233 amicitiam
696 2172 825 2252 Keplero
854 2176 883 2231 in
914 2176 1084 2234 memoriam
1106 2183 1248 2234 revocant
1275 2173 1418 2235 eundem·

58 2281 119 2345 que
143 2262 178 2323 tle
202 2264 330 2338 negotiis
352 2265 428 2334 suis,
463 2263 550 2320 etiarn
574 2259 611 2319 de
634 2262 723 2320 variis
746 2260 833 2320 rebus
864 2260 989 2338 publicis
1012 2260 1151 2332 edocent,
1184 2269 1217 2320 ut
1239 2262 1418 2336 Erikseu,

57 2352 111 2429 qui
134 2358 196 2410 tum
219 2352 248 2408 in
272 2348 377 2425 Belgis
401 2355 472 2421 erat,
496 2347 532 2408 de
556 2345 701 2407 Ostendes
715 2347 797 2406 urbis
813 2348 983 2409 obsessione
1000 2351 1116 2428 scripsit
1131 2347 1261 2426 (1601):
1287 2347 1419 2426 „dicunt

58 2437 256 2499 Arcuttucem
282 2436 435 2497 Albertum
458 2434 525 2513 plus
547 2452 636 2510 quam
660 2434 760 2495 decem
776 2437 838 2494 suri
854 2435 1000 2496 milliones
1015 2438 1045 2494 in
1062 2433 1215 2496 obsidione
1230 2435 1418 2514 impendisse,

57 2542 118 2589 nse
138 2532 236 2585 tamen
260 2523 358 2583 adhuc
379 2522 449 2599 quid
473 2531 555 2581 tanto
583 2522 666 2581 biatu
690 2521 810 2599 dignum
833 2523 1001 2584 ellectum“.
1047 2523 1140 2585 lidem
1170 2526 1297 2583 amicum
1320 2522 1419 2598 qualis

56 2628 116 2675 sua
138 2628 319 2688 suorumque
342 2610 481 2693 conditio,
505 2626 582 2686 quse
604 2612 663 2668 siut
676 2610 805 2685 nepotis,
829 2610 900 2685 quid
916 2610 1071 2689 profecerit
1086 2613 1116 2669 in
1132 2613 1311 2671 astronomia
1326 2612 1419 2672 inter·

56 2708 175 2777 rogent,
199 2700 237 2758 ab
261 2716 355 2774 eoque
377 2706 430 2758 sut
452 2714 542 2776 opera
564 2705 616 2755 aut
639 2695 817 2773 astrologice
835 2697 949 2774 judicia
970 2705 1085 2775 petunt.
1129 2697 1242 2773 Quibus
1265 2698 1419 2777 petitioni-

54 2789 115 2849 bus
138 2789 163 2847 si
186 2803 245 2845 uon
269 2789 367 2846 statim
393 2787 481 2844 cessit
504 2784 662 2861 Keplerus,
686 2784 774 2844 modo
797 2784 834 2844 de
858 2783 1037 2847 diuturniore
1060 2784 1176 2845 silentio
1192 2793 1418 2862 conqueruntur,

53 2872 148 2937 morlo
169 2876 276 2933 veteris
300 2890 370 2932 susa
394 2890 460 2931 eum
483 2872 641 2931 admonent
661 2874 817 2945 amicitiae,
841 2890 929 2948 quam
953 2890 1023 2949 erga
1044 2890 1076 2933 se
1097 2890 1164 2932 eum
1187 2875 1331 2950 integram
1348 2891 1418 2933 ser-

54 2970 198 3024 vaturum
221 2968 251 3019 et
273 2963 445 3019 continuato
468 2959 618 3018 literarum
647 2960 820 3019 commercio
842 2962 1050 3036 praestiturum
1078 2977 1142 3020 esse
1165 2962 1221 3038 ipsi
1245 2968 1274 3020 et
1300 2968 1419 3039 sperent

56 3058 90 3113 et
112 3047 317 3108 ardentissima
340 3050 470 3123 cupiant.
516 3045 565 3105 Sic
586 3044 765 3105 Rhodius
787 3048 903 3124 scripsit
925 3064 1002 3107 anuo
1022 3048 1122 3107 1605:
1148 3046 1264 3122 „Quam
1288 3064 1344 3123 epo
1366 3047 1418 3106 dr·

53 3140 147 3199 miter
160 3146 277 3195 teneam
294 3143 457 3196 vestrorum
472 3135 643 3192 memoriam
659 3149 806 3209 quamque
828 3134 914 3193 unice
937 3136 1016 3192 votis
1039 3137 1112 3195 meis
1136 3144 1271 3212 expetam
1288 3142 1417 3195 vestram

55 3223 109 3286 vel
133 3224 227 3283 literis
250 3221 299 3282 vel
322 3239 419 3281 coram
443 3222 567 3298 experiri
590 3219 838 3294 benevolentiam,
862 3223 925 3298 ipse
942 3220 1060 3297 quidem
1076 3232 1177 3283 sancte
1200 3240 1320 3300 possum
1336 3222 1418 3283 aldr-

54 3328 158 3383 msrc,
183 3320 212 3369 et
234 3310 337 3369 literae
361 3309 470 3368 dudum
493 3326 511 3366 a
534 3324 580 3366 me
603 3309 729 3384 scriptae
753 3306 817 3383 jam
845 3316 1016 3384 praesentes
1039 3316 1193 3369 testantur.
1240 3309 1337 3385 Quam
1359 3326 1415 3371 vos

51 3404 162 3461 eontra
178 3400 234 3456 mei
258 3398 424 3473 abjeceritis
440 3397 610 3455 memoriam
626 3395 673 3455 vel
690 3412 724 3455 es
740 3410 776 3455 eo
793 3402 916 3468 constat,
941 3396 1019 3473 quod
1036 3396 1157 3457 tabellio
1171 3396 1268 3458 nullae
1284 3406 1415 3459 vestrum

48 3488 169 3559 literas,
193 3487 251 3544 imo
274 3502 311 3543 ne
334 3484 459 3543 salutem
483 3482 600 3559 quidem
622 3482 747 3542 afferret.
792 3480 859 3541 'l'uli
883 3483 913 3541 id
943 3486 1040 3543 auimo
1070 3487 1248 3560 aegerrimo,
1281 3487 1332 3562 qui
1351 3485 1416 3561 J'sm

48 3574 205 3641 amiserim
227 3574 337 3632 amicos
360 3588 427 3643 cos,
459 3587 533 3646 quos
555 3586 611 3645 ego
635 3571 738 3630 merito
759 3571 869 3646 primos
894 3569 1056 3645 habebam,
1090 3578 1180 3649 atque
1212 3572 1268 3632 boc
1296 3571 1414 3648 quidem

50 3660 222 3733 molestius,
247 3659 325 3736 quod
343 3676 408 3717 cum
427 3658 559 3716 Limnaei
575 3655 724 3732 Jeuensie,
741 3656 843 3717 Pitisci
858 3656 1129 3733 Heidelbergcnsls,
1145 3658 1305 3731 Maestlini,
1320 3659 1415 3719 Prae·

50 3749 124 3811 torii
156 3764 253 3806 coram
276 3748 305 3804 in
329 3747 562 3823 peregrinatione
592 3762 660 3805 mes
686 3750 840 3805 assecutus
867 3747 922 3804 sim
952 3748 1126 3819 amicitiam,
1157 3748 1271 3806 interim
1293 3745 1416 3823 Keplerl

50 3836 116 3899 ursi
140 3836 302 3907 amiserim,
336 3851 424 3909 quam
447 3840 476 3892 et
498 3834 620 3909 primam
651 3839 680 3892 et
702 3832 860 3891 maximam
892 3832 1058 3892 solebam.“
1105 3833 1160 3893 Cui
1184 3833 1326 3911 epistolae
1349 3850 1415 3894 cum

48 3924 140 3987 brevi
172 3929 240 3999 post
262 3940 281 3981 a
303 3920 430 3996 Keplero
461 3936 633 3996 responsum
663 3926 755 3989 esset,
785 3918 921 3979 Rhodius
952 3920 996 3979 lris
1028 3921 1125 3980 verbis
1155 3929 1185 3982 et
1211 3920 1355 3981 laetitiam
1385 3928 1416 3981 et

49 4012 171 4091 gratias
192 4012 336 4069 maximas
359 4026 429 4066 suas
452 4009 604 4085 exprimit:
631 4007 742 4082 „Erant
763 4006 835 4065 milri
850 4014 910 4067 tam
926 4014 1027 4083 gratae
1050 4016 1154 4069 ettam
1174 4007 1324 4084 jucundae
1346 4015 1416 4070 tuae

41 4099 209 4189 prasimae
232 4096 343 4167 literae,
369 4113 456 4172 quam
481 4112 558 4171 quse
581 4101 609 4154 et
631 4094 816 4171 gratissimae
839 4103 867 4155 et
886 4095 1127 4172 jucundissimae.
1167 4096 1258 4155 Erant
1279 4097 1416 4156 nimirum

49 4184 284 4249 benevolentiae
306 4185 502 4243 amicissimae
525 4181 650 4259 plenae“
676 4189 731 4242 etc.
775 4179 858 4242 ldem
881 4190 983 4243 exorta
1005 4200 1082 4243 anno
1108 4189 1202 4245 1607.
1226 4184 1255 4241 lu
1272 4182 1417 4245 Bobemia

47 4271 226 4355 pestilentia
240 4270 382 4332 sollicitus
398 4270 472 4330 haec
487 4269 601 4330 scribit:
625 4269 682 4328 'l'ui
706 4270 839 4346 inprimis
853 4286 889 4329 ac
910 4276 1025 4329 tuorum
1049 4273 1143 4332 vicem
1158 4272 1245 4332 anxie
1268 4269 1416 4335 dolebam.

47 4360 187 4425 minium
210 4359 286 4419 euim
309 4358 441 4429 verebar,
465 4374 502 4415 ne
524 4356 675 4433 publicum
690 4354 762 4415 illud
779 4358 938 4415 maximum
953 4358 1063 4417 malum
1078 4376 1133 4418 vos
1149 4374 1268 4435 quoqne
1282 4360 1416 4435 privatos

53 4445 261 4525 compellaret.
294 4445 385 4522 Spero
410 4454 438 4504 ct
462 4454 541 4505 certo
565 4443 689 4517 confido,
713 4442 851 4519 angelum
873 4444 956 4502 illum
973 4444 1186 4507 interfectorem
1206 4447 1292 4523 jussu
1314 4445 1416 4507 divino

53 4536 149 4597 vobis
171 4535 345 4611 pepercisse.
393 4533 479 4592 Anno
505 4538 597 4592 1614.
625 4530 703 4591 idem
726 4529 861 4590 Rhodius
884 4531 973 4592 baec:
1005 4531 1192 4611 Quamquam
1214 4550 1271 4609 ego
1291 4533 1353 4607 jsm
1377 4534 1416 4594 ab

49 4622 174 4701 aliquot
196 4622 279 4680 anuis
303 4619 400 4680 nullas
423 4637 519 4695 neque
542 4617 581 4678 ad
603 4625 632 4678 te
656 4616 723 4678 dedi
746 4636 842 4695 neque
866 4638 884 4678 a
906 4626 935 4678 tc
950 4623 1050 4697 accepi
1074 4621 1183 4689 literas,
1206 4623 1284 4681 scias
1306 4627 1416 4693 temen,

52 4712 99 4773 tul
123 4708 204 4787 apud
227 4726 273 4768 me
295 4710 465 4769 memoriam
497 4724 563 4767 esse
594 4706 809 4782 quotidianam,
838 4723 897 4783 qua
928 4725 985 4766 non
1016 4708 1112 4769 solum
1142 4706 1279 4769 recordo'r
1307 4708 1417 4768 veteris

51 4796 139 4859 illius
167 4802 286 4856 nostrae
315 4798 477 4868 amicitiae,
515 4794 566 4855 sad
597 4795 729 4871 inprimis
757 4800 874 4855 tuorum
901 4797 1203 4871 ingeniosissimorum
1232 4797 1416 4872 scriptorum,

55 4884 169 4964 quibus
192 4900 254 4946 reus
276 4884 522 4961 mathematicam,
546 4885 572 4944 sl
593 4884 662 4965 quis
685 4880 770 4959 altus,
791 4880 831 4944 sd
856 4883 950 4965 ipsum
972 4882 1123 4965 fastigium
1137 4900 1232 4965 usque
1247 4898 1416 4969 promoves.
