3308 5534
612 383 856 447 suanensem
1349 378 1414 453 let

58 572 174 644 penae
219 564 350 645 Figurae
379 564 486 647 planes
516 587 552 633 ex
586 569 673 632 lincis
702 570 835 650 proxima
865 569 1007 632 oriuntur.
1058 564 1209 626 Distentis
1240 563 1333 624 omnis
1361 579 1415 641 per

56 655 161 715 lum
185 662 298 717 rectam
319 654 500 734 intelligitur.
545 657 646 720 Liuais
673 674 765 721 cause
794 658 951 719 creationis
978 652 1087 717 accidit
1109 669 1281 725 concursus,
1310 653 1414 727 santio,

57 740 277 821 parallelitas„

157 828 236 890 Cum
258 828 339 893 lines
362 837 558 894 transversum
581 830 697 894 dueltnr
717 849 771 909 per
792 838 902 893 certam
924 830 1102 902 distantiam,
1127 835 1160 889 ut
1182 829 1298 890 interim
1318 827 1413 905 primu

58 919 119 977 itui
143 925 270 980 maneat
290 917 444 995 parallelis,
466 928 595 981 creatum
617 920 739 998 planum
761 918 943 997 intelligitur.
981 917 1079 979 creati
1102 933 1202 977 omnes
1225 924 1293 977 sunt
1313 914 1415 994 paral·

57 1004 251 1084 lelugrammi.

156 1092 272 1154 Latara
293 1101 363 1154 suut
383 1093 482 1155 lineae
503 1094 626 1172 figuram
642 1094 823 1157 clsudentes.
853 1092 1124 1170 Parallelogramrni
1147 1090 1241 1151 latera
1255 1097 1323 1150 sunt
1339 1106 1416 1167 qna·

59 1190 125 1244 tuor.
171 1180 252 1241 Nam
273 1179 334 1242 duo
356 1180 450 1243 latare
470 1192 754 1260 praesupponuntnr,
778 1200 868 1244 unum
882 1198 1013 1257 maneus,
1035 1180 1161 1241 alterum
1183 1177 1226 1238 illi
1241 1177 1414 1256 parallelum

59 1276 98 1327 est
118 1265 256 1331 ductum.
298 1268 390 1329 Ducti
419 1270 541 1332 secundi
568 1279 638 1333 sunt
665 1279 796 1332 extrema
824 1276 935 1349 puncta
963 1278 993 1330 et
1014 1276 1155 1346 punctum
1186 1266 1306 1327 ductum
1335 1272 1416 1325 meat

59 1355 172 1419 lineam
219 1356 300 1433 Ergo
322 1355 382 1416 duo
404 1367 514 1434 puncta
535 1358 652 1418 fluentis
673 1358 771 1419 lineas
793 1376 854 1419 una
874 1358 987 1418 iaciunt
1008 1373 1102 1417 novas
1125 1354 1208 1415 duas.

157 1441 275 1504 Lineae
305 1441 382 1505 duas
411 1454 525 1505 tautum
552 1445 645 1506 semel
667 1455 853 1509 concurrant
897 1441 993 1507 Latus
1016 1442 1169 1522 quodlibet
1191 1442 1237 1500 his
1260 1440 1414 1501 concurrit

60 1530 120 1591 uno
147 1529 251 1591 latero
275 1535 478 1594 concurrentia
504 1535 616 1594 isciunt
645 1533 796 1611 angulum.
841 1532 937 1594 Plane
969 1537 1013 1592 tot
1039 1531 1150 1591 habent
1177 1527 1319 1605 angulos,
1343 1533 1416 1603 quot

155 1703 288 1767 Videtur
309 1706 493 1785 parallelitas
514 1708 601 1769 alitor
628 1706 807 1780 definienda,
841 1724 929 1786 quam
958 1724 1010 1784 per
1037 1722 1096 1766 non
1125 1720 1312 1777 concursum,
1342 1701 1417 1763 nihil

60 1796 130 1854 enim
152 1810 210 1871 per
231 1794 421 1871 negationem
443 1794 555 1855 definiri
578 1804 685 1875 potest.
715 1794 880 1856 Parallalaa
903 1796 992 1871 igitur
1014 1800 1092 1867 snut,
1115 1795 1144 1853 ln
1168 1793 1276 1870 qulbus
1297 1792 1417 1868 signata

61 1880 126 1942 blus
147 1888 264 1959 punctu
285 1881 517 1959 aequidistantis
537 1883 656 1960 singule
677 1885 768 1946 etiam
789 1884 877 1944 unius
890 1900 910 1944 a
923 1882 1049 1957 singulis
1071 1880 1191 1941 alterius
1206 1877 1415 1956 aequidistans

156 1968 264 2029 Seetio
286 1978 339 2029 aut
362 1978 408 2031 est
429 1971 678 2048 perpendicularis
700 1977 752 2030 aut
774 1969 923 2033 inclinate.
969 1967 1318 2046 Perpeudicularls,
1348 1984 1416 2026 cum

57 2059 132 2133 ιιςὶο
155 2064 381 2133 supersectam
404 2075 456 2134 per
477 2058 651 2119 incidentem
674 2060 705 2115 in
730 2064 747 2118 2
770 2057 909 2135 sequalis
931 2057 1080 2130 dividitur,
1104 2055 1151 2116 val
1174 2057 1255 2130 regio
1276 2071 1366 2131 supra
1384 2061 1415 2114 et

56 2145 126 2205 iulrs
146 2152 264 2204 rectam
286 2145 316 2201 in
339 2151 359 2204 4
381 2144 519 2221 nequalia
540 2153 773 2224 personantem.
802 2144 971 2222 Spatlorum
994 2143 1109 2203 illorum
1133 2142 1287 2219 quodlibet
1309 2140 1417 2202 dicitnr

57 2230 183 2309 angulus
199 2239 306 2290 rectus.
328 2230 361 2309 (2
376 2230 424 2303 R..
450 2238 467 2292 4
485 2229 532 2310 R.)
567 2229 787 2304 Inclinata,
812 2250 877 2292 cum
893 2233 1036 2292 diuiditur
1057 2233 1086 2290 ln
1104 2229 1273 2307 inaequalia
1286 2231 1416 2308 spatium

56 2336 141 2397 suprs
165 2328 288 2377 rectam.
334 2316 466 2379 Obtusns
488 2322 591 2398 major,
615 2329 720 2381 acutus
742 2323 838 2380 minor
858 2326 948 2381 recto.
1389 2380 1391 2385 .

154 2404 442 2482 Parallelogrsmma
468 2407 579 2469 habent
608 2416 735 2486 quatuor
757 2415 861 2469 raetos.
907 2406 984 2468 Nam
1007 2413 1134 2484 quatuor
1163 2407 1321 2466 exteriores
1342 2403 1417 2464 finnt

58 2494 245 2554 nemoribus
268 2500 297 2552 et
318 2495 464 2570 oppositis
486 2495 642 2572 aequales,
665 2511 736 2571 argo
757 2497 937 2570 conjunctim
960 2497 1119 2556 exteriores
1141 2503 1211 2553 sunt
1233 2492 1417 2554 interioribus

57 2582 236 2658 conjunctim
259 2581 411 2656 aequales.
455 2581 494 2641 Et
514 2586 643 2659 spatium
668 2598 753 2643 omne
776 2584 854 2643 circa
875 2581 934 2644 duo
957 2590 1067 2660 puncts
1096 2582 1171 2642 inira
1193 2588 1223 2642 ct
1245 2578 1304 2641 duo
1326 2596 1417 2657 supra

57 2668 162 2730 lineam
196 2667 319 2727 alterum
346 2671 376 2727 in
400 2670 539 2745 aequalia
562 2671 690 2732 divisum
709 2678 768 2745 est,
800 2687 924 2747 quorum
955 2688 1045 2730 unum
1073 2677 1143 2729 sunt
1172 2668 1272 2745 angult
1301 2669 1416 2742 interni,

57 2755 180 2818 alterum
206 2756 326 2815 externi.
372 2755 421 2815 Ad
444 2755 554 2817 dietum
577 2760 704 2835 spatium
726 2764 794 2817 sunt
817 2763 836 2818 8
859 2760 946 2829 recti,
970 2758 1031 2817 hini
1058 2758 1135 2818 cirea
1157 2756 1276 2833 singula
1296 2764 1416 2830 punctu,

59 2861 183 2920 quorum
212 2849 283 2902 snut
306 2850 336 2903 4.
382 2843 461 2920 Ergo
490 2844 642 2906 dimidium
669 2853 739 2905 sunt
762 2851 782 2905 4
804 2847 887 2906 recti.
933 2844 1037 2907 Omnis
1062 2843 1330 2922 parallelogrammi
1359 2859 1417 2904 au·

59 2930 118 3009 guli
140 2931 275 3011 oppositi
297 2938 368 2992 sunt
389 2932 531 3007 aequales
553 2940 583 2995 at
604 2933 698 2995 latera
721 2935 857 3012 opposite
880 2934 1027 3009 aequalia.

410 3092 588 3151 Hsctenus
610 3094 758 3162 cresim
778 3092 850 3162 jam
870 3093 915 3150 de
938 3093 1053 3151 sectis.

158 3201 294 3278 Singulis
317 3203 423 3263 creatis
446 3202 607 3263 adhaerent
630 3202 700 3263 bina
721 3211 803 3264 secta
824 3203 970 3283 aequalia.
1017 3204 1092 3265 Sunt
1114 3203 1269 3279 triangula.
1307 3201 1415 3263 Tribus

55 3291 199 3353 lateribus
220 3292 362 3366 pauciora
383 3289 466 3350 nulla
488 3291 583 3368 figura
605 3289 755 3350 rectilinea
776 3291 885 3353 hahere
908 3299 1015 3368 potest.
1056 3292 1175 3352 Habent
1198 3303 1255 3351 tres
1279 3290 1414 3366 anguine,

55 3379 198 3456 aequales
213 3377 329 3437 duobus
344 3380 441 3438 rectis.
473 3377 547 3438 Nam
570 3380 701 3454 ipsorum
716 3387 779 3438 tota
794 3378 904 3439 habent
927 3386 946 3439 4
962 3386 1057 3440 rectos
1071 3379 1220 3456 aequales.
1260 3379 1300 3438 At
1313 3395 1415 3439 omnes

57 3464 303 3540 inatriangula
330 3466 486 3526 distributi.
531 3466 609 3543 Ergo
641 3465 711 3525 hina
743 3466 890 3543 triangula
918 3466 1029 3528 hahent
1052 3476 1068 3527 4
1094 3476 1198 3528 rectos.
1246 3465 1316 3526 Jam
1345 3482 1415 3525 vero

56 3564 122 3615 nni
142 3551 287 3629 aequalia
309 3561 340 3612 et
360 3553 477 3625 similia,
500 3569 570 3629 ergo
593 3554 756 3628 aequaliter
772 3558 936 3630 partiuntur
952 3563 971 3616 4
987 3558 1073 3616 rectis
1090 3555 1257 3631 habentque
1276 3560 1293 3613 2
1310 3561 1415 3614 rectos.

158 3638 259 3701 Omns
288 3640 465 3716 triangulum
494 3657 562 3716 pars
591 3637 723 3717 generati
754 3641 1031 3718 parallelogrammi.
1085 3642 1199 3715 Causa,
1234 3645 1305 3717 quia
1336 3643 1415 3699 omrni

56 3727 205 3805 hisnffllo
226 3727 324 3787 simile
348 3727 410 3787 dari
436 3734 534 3805 potest
556 3736 586 3788 ct
608 3727 741 3804 aequale.
787 3728 856 3789 Duo
885 3732 974 3807 igitur
999 3729 1147 3806 applicata
1176 3728 1294 3804 aequali
1323 3728 1419 3789 latere

55 3817 181 3895 angulos
198 3816 352 3892 oppositos
367 3815 476 3875 iaciunt
490 3813 630 3892 aequales
644 3824 678 3876 nt
691 3833 790 3893 supra,
803 3835 893 3894 quarn
909 3821 1089 3878 constituunt
1099 3817 1414 3894 parallelogrammum.

158 3902 295 3963 Veniunt
325 3904 472 3979 triangula
493 3921 529 3964 ex
559 3902 736 3981 rectangulis
769 3907 956 3981 rectangula,
987 3923 1023 3964 ex
1046 3905 1191 3981 quadrato
1214 3902 1416 3978 reetengulum

55 3990 210 4065 nomios,
237 4008 275 4050 ex
297 3989 420 4049 rhombo
443 3990 491 4052 vel
516 3990 744 4066 obtusangnlum
766 3991 905 4053 isosceles
927 3994 1066 4052 connexis
1089 3991 1205 4070 angulis
1228 3991 1345 4066 longius
1368 3989 1415 4048 di-

56 4080 221 4152 stantibus,
250 4076 299 4138 vel
320 4079 529 4156 acutangulum
552 4078 706 4152 isosceles,
739 4082 879 4139 connexis
908 4082 1101 4157 propioribus.
1148 4081 1191 4139 Es
1214 4089 1293 4139 certe
1315 4079 1414 4154 speeie

56 4168 180 4239 rhombi,
202 4164 428 4240 aequilaterum.
472 4166 517 4225 Ex
538 4165 738 4226 rhomboidesi
762 4166 938 4242 quibusdam
965 4166 1145 4244 aeutangula
1173 4166 1310 4241 isoscele,
1341 4182 1415 4226 cou-

56 4260 135 4317 nexis
157 4254 360 4332 propioribus,
382 4271 417 4313 ex
441 4252 638 4314 rhomboidesi
660 4252 726 4312 aliis
748 4256 841 4316 varia.

159 4339 309 4401 Omnibus
325 4340 476 4417 triangulis
497 4341 554 4401 hoc
575 4342 660 4413 inest,
684 4340 765 4416 quod
786 4342 892 4419 majori
914 4341 1024 4419 angulo
1039 4342 1134 4416 majus
1148 4341 1226 4403 latus
1248 4342 1414 4420 opponitur.

59 4429 282 4509 hequilsterum
305 4430 461 4506 igiturest
483 4435 571 4490 etiam
594 4429 832 4506 aequiangulum.

538 4589 686 4660 Figurae
708 4589 929 4658 compositae.

159 4700 346 4776 Compositio
370 4704 415 4758 est
438 4715 473 4759 ex
496 4699 664 4776 triangulis;
688 4700 720 4759 m
743 4703 858 4777 quoties
878 4708 896 4761 2
914 4700 1059 4778 triangula
1082 4717 1141 4760 uno
1164 4699 1255 4760 latare
1278 4693 1415 4773 aequalis

61 4796 307 4867 uagmmtanrur.
345 4783 406 4847 Ubi
428 4786 502 4846 ordo
525 4789 739 4848 commissionis
754 4787 888 4848 diversus
911 4790 1006 4862 luerit,
1030 4788 1148 4849 diversa
1161 4787 1233 4846 dunt
1248 4804 1267 4847 a
1280 4784 1416 4860 superiu-

61 4878 150 4954 ribns,
178 4876 314 4955 trapezia
334 4873 420 4938 liunt
464 4874 500 4936 ln
522 4875 700 4954 rectangnlis
723 4882 753 4938 et
775 4876 980 4955 obtusangulis
1003 4875 1075 4938 ordo
1098 4877 1204 4936 inserti
1225 4890 1285 4934 non
1306 4878 1414 4951 potest,
