3308 5534
150 372 216 443 160
505 371 678 433 Collectsnca
695 388 729 431 ex
748 372 887 433 codicibus
905 373 1146 435 Pallensiensibua.

148 554 243 614 vicem
258 555 446 631 quantitates.
483 552 658 630 Respondet
672 553 846 615 Aristoteles
869 554 897 613 in
913 552 1079 633 Categoriis
1100 558 1226 633 primum
1247 555 1287 618 ad
1307 560 1435 635 priorem
1450 558 1510 621 ob-

149 640 314 715 jectionem,
337 659 444 703 vocum
459 642 573 703 illarum
589 641 699 703 nullam
715 660 780 704 assa
795 641 931 702 absoluto
954 644 983 701 in
998 644 1235 721 praedicamento
1251 649 1435 722 quantitatis,
1454 646 1509 709 sed

149 730 178 786 ia
193 727 343 803 relatione,
366 732 526 791 conuarias
548 732 637 807 igitur
659 749 723 793 esse
746 747 804 790 non
828 738 860 789 ut
882 733 1071 806 quantitates,
1094 732 1147 793 sad
1169 743 1201 792 ut
1223 734 1326 795 relata.
1373 734 1456 795 Nihil
1477 752 1509 795 u.

149 832 201 892 per
222 834 255 877 sc
278 819 374 895 ipsum
404 817 509 877 dicitur
531 834 684 893 maguum,
714 818 766 879 sed
788 817 946 879 collatione
968 819 1008 879 ad
1030 820 1121 879 aliud.
1167 818 1252 883 Unde
1274 839 1312 883 ne
1334 822 1455 898 quidem
1478 826 1509 883 lu

148 903 291 964 relatione
318 904 455 966 absoluta
482 906 538 963 sibi
562 914 664 966 mutuo
695 914 764 965 sunt
787 908 941 965 contraria.
987 906 1145 985 Reciperet
1173 912 1250 969 enim
1279 927 1371 971 anum
1393 910 1509 989 aliquid

150 990 208 1050 dno
231 995 375 1052 contraria
399 994 427 1050 in
451 1009 491 1064 se,
515 1010 581 1051 curn
605 992 682 1052 idem
701 994 764 1067 jam
785 1010 925 1069 parvum,
945 993 1009 1069 jam
1032 1013 1171 1072 magnum
1195 996 1326 1071 dicatur,
1348 997 1508 1059 collatione

148 1080 227 1140 iacta
249 1097 314 1139 cum
338 1079 470 1139 diuersis.
514 1078 579 1139 lrno
601 1080 656 1157 (X.
680 1080 751 1139 Met.
777 1078 819 1159 5.)
840 1083 898 1159 ait,
929 1098 987 1141 uon
1010 1100 1149 1161 magnum
1172 1101 1281 1160 parvo,
1304 1086 1358 1145 aed
1380 1086 1508 1163 aequale

147 1170 264 1244 utrique
285 1184 349 1227 csse
372 1168 558 1239 contrarium,
582 1178 614 1226 ut
637 1170 785 1244 privativa
806 1171 935 1245 negatio,
958 1185 1027 1229 nam
1043 1174 1262 1247 contrariorum,
1285 1190 1363 1250 qnae
1378 1174 1508 1234 taedium

147 1254 260 1331 aliquid
283 1254 402 1328 babent,
425 1264 580 1330 utrumque
594 1256 694 1329 negari
711 1272 815 1335 posss;
837 1258 912 1317 inter
926 1274 1066 1335 magnum
1081 1269 1110 1322 et
1124 1278 1249 1337 parvum
1264 1272 1365 1323 autem
1382 1262 1508 1338 sequela

148 1343 276 1404 medium
300 1352 354 1401 est.

253 1429 299 1489 lld
322 1429 445 1489 alteram
468 1428 665 1503 objectionem
687 1430 791 1490 similis
807 1440 852 1491 est
872 1434 1024 1509 responsio
1041 1433 1098 1509 (X.
1116 1434 1188 1496 blct.
1206 1434 1259 1507 6.).
1291 1434 1390 1497 Unam
1405 1435 1508 1496 multl-

147 1518 242 1577 tudinl
265 1520 440 1577 contrarium
464 1533 521 1574 stau
546 1528 576 1574 ut
600 1519 696 1577 auitas
719 1526 749 1577 et
769 1521 882 1578 numeri
904 1521 990 1578 simui
1013 1529 1083 1581 sunt
1104 1522 1132 1580 hs
1156 1524 1507 1602 praedicamentnquan·

148 1609 257 1677 litatis,
286 1606 337 1665 sed
369 1615 514 1681 quotenne
542 1613 611 1662 susa
641 1607 766 1665 invicem
793 1605 900 1679 relata,
930 1625 1021 1667 causa
1048 1612 1205 1687 praecipue
1234 1614 1386 1673 materiae.
1431 1611 1507 1673 Natu

151 1694 181 1770 1)
203 1702 390 1770 opponuntur
411 1701 529 1769 propter
550 1693 710 1767 particulas
733 1694 896 1767 divisibile,
919 1694 1113 1770 indivisibile,
1137 1714 1215 1773 quse
1236 1700 1396 1775 respiciunt
1418 1718 1508 1777 prae·

148 1784 234 1857 cipue
264 1782 432 1854 materiam3
464 1784 498 1853 t)
522 1789 709 1855 opponuntur
739 1782 768 1837 in
799 1780 1037 1857 praedicamento
1069 1784 1233 1857 relationis,
1264 1796 1296 1845 ut
1326 1790 1452 1848 scientia
1477 1796 1507 1849 et

147 1867 261 1943 scibile,
283 1871 309 1928 si
331 1866 434 1927 scibile
456 1869 496 1926 alt
517 1874 551 1925 at
572 1883 717 1941 uumerus,
741 1885 832 1929 unum
854 1886 924 1929 vero
947 1878 981 1930 nt
1001 1889 1137 1933 mensura
1159 1868 1217 1955 (X.
1240 1872 1311 1934 Met.
1336 1874 1391 1952 6.).

721 2050 835 2140 Caput
869 2047 924 2121 12.

569 2190 619 2248 De
642 2190 800 2248 scientiis
821 2188 1081 2247 Mathematicus.

251 2310 303 2373 tv.
326 2309 398 2370 Met.
424 2316 453 2370 2.
478 2310 650 2369 Aristoteles
673 2310 806 2383 affirmat,
829 2309 1052 2369 mathematiccn
1076 2309 1185 2370 habere
1207 2318 1306 2387 partes
1328 2330 1454 2390 esseque
1476 2314 1505 2371 in

148 2418 184 2461 ea
206 2402 317 2477 priores
340 2397 497 2474 quasdam,
527 2397 602 2457 alias
624 2400 800 2474 posteriores
823 2398 869 2455 vcl
892 2406 1114 2472 corsscquentes.
1160 2397 1195 2456 ld
1219 2400 1368 2473 quomodo
1393 2400 1504 2460 iutelli-

146 2489 282 2563 gendum,
305 2504 340 2545 ex
364 2489 541 2545 resumtiout
568 2504 631 2561 cap.
657 2493 686 2545 t.
711 2484 834 2559 intelligi
857 2494 963 2559 potest.
1011 2485 1123 2543 Etenim
1148 2485 1325 2559 audivimus,
1350 2492 1504 2563 quantita·

146 2584 208 2635 tum
230 2574 319 2633 sliam
343 2590 406 2632 csse
422 2577 599 2645 corstinuam,
623 2572 712 2630 aliam
728 2572 890 2639 discretam,
915 2581 944 2629 ct
959 2573 1082 2646 priorem
1097 2582 1202 2631 statura
1219 2571 1385 2633 discretam.
1426 2574 1504 2633 llnr·

146 2680 211 2721 aum
235 2662 345 2719 dictum
369 2670 422 2733 est,
446 2664 604 2735 utrobique
627 2677 692 2719 esse
714 2658 825 2734 aliquid
849 2660 1028 2733 primarium,
1051 2662 1151 2735 aliqua
1173 2661 1356 2732 secundaria,
1381 2672 1414 2721 nt
1431 2666 1505 2723 iuter

146 2750 272 2809 discreta
285 2765 432 2820 numerus,
456 2751 531 2806 inter
545 2749 684 2805 continua
698 2744 871 2821 magnitudo
887 2749 1024 2821 primaria
1048 2756 1101 2805 eat
1131 2748 1268 2807 Omnium
1284 2751 1374 2823 igitur
1388 2748 1506 2809 marbe-

145 2840 268 2897 rnatices
289 2835 460 2895 lacaltatum
489 2838 583 2911 prima
606 2845 665 2905 est,
698 2852 773 2909 quae
797 2832 833 2891 de
856 2836 984 2892 nunteris
1008 2834 1079 2907 agit.
1124 2834 1249 2911 Oportet
1270 2846 1369 2895 autern
1393 2836 1504 2897 intelll-

146 2943 215 3002 gere
238 2940 296 2983 nna
321 2940 435 2982 omnem
458 2924 660 2981 tractationem
676 2938 870 2979 numerorum.
902 2920 976 2978 b'am
1000 2920 1078 2995 qaod
1103 2924 1130 2978 in
1154 2924 1289 2983 universa
1303 2923 1504 3001 philosophia,

146 3012 176 3071 id
200 3014 325 3071 maxime
348 3013 377 3067 in
400 3010 610 3069 mathematica
633 3009 729 3067 locum
753 3008 855 3079 habet,
886 3016 916 3065 nt
945 3008 1080 3081 sirrgnlae
1103 3011 1243 3069 scientiae
1269 3012 1402 3087 singulas
1426 3024 1504 3071 artes

146 3102 270 3177 gignunt
285 3106 314 3157 et
335 3116 387 3174 per
403 3096 468 3154 illas
484 3114 520 3155 ex
537 3098 649 3155 theoria
664 3096 702 3155 ad
720 3098 821 3173 praxiu
838 3112 901 3154 sese
920 3096 1047 3154 efferunt.
1075 3094 1226 3155 Praeticac
1243 3114 1312 3155 veru
1328 3098 1502 3175 disciplinae

146 3188 284 3248 omnibus
306 3184 473 3245 theoreticis
494 3195 563 3242 sunt
585 3186 776 3259 posteriores,
805 3185 893 3259 igitur
916 3200 1099 3241 uunrernrum
1124 3186 1301 3258 cognitioni,
1332 3202 1391 3245 uon
1416 3204 1504 3263 pruc-

146 3278 223 3335 tieae
245 3274 334 3353 (quae
358 3272 485 3347 vulgaris
508 3272 691 3331 sritlunetica
720 3272 791 3347 est),
821 3270 874 3330 sed
904 3270 1080 3329 scientificae
1112 3273 1236 3347 primum
1267 3271 1362 3331 lucum
1392 3277 1501 3337 tribuo.

146 3364 203 3421 ltts
226 3378 295 3421 vero
318 3361 472 3436 perpaucis
500 3371 613 3417 coarctat
643 3360 839 3419 theorematis.
878 3358 1017 3433 Sequitur
1039 3358 1114 3417 lrcssrc
1142 3359 1339 3419 arithmeticen
1361 3362 1502 3437 specula·

147 3452 240 3508 livam
263 3460 375 3525 partem
398 3450 569 3519 georsretria.
601 3464 677 3521 equae
705 3446 741 3505 dc
769 3446 1020 3515 magnitudinibus
1050 3447 1111 3515 argit
1138 3450 1270 3506 seorsim.
1316 3449 1358 3507 lla
1387 3467 1502 3509 rursum

146 3536 253 3616 duplex
278 3546 338 3603 cst,
369 3536 529 3593 theoretica
555 3544 585 3593 et
608 3535 749 3609 practica,
780 3534 862 3591 nulla
885 3550 913 3589 n.
936 3533 1058 3591 scientia
1086 3532 1152 3609 plm
1183 3532 1220 3591 ad
1248 3540 1392 3609 practicus
1422 3550 1503 3597 artes

146 3624 298 3695 conducit,
331 3640 419 3698 qaam
448 3624 616 3697 geometria.
668 3620 705 3679 Et
732 3620 850 3697 quidem
879 3622 1057 3695 geometriae
1087 3621 1264 3679 theoreticae
1297 3626 1379 3681 initio
1410 3624 1502 3699 hrrjus

144 3721 287 3773 tractatas
310 3709 383 3769 duas
404 3710 526 3768 decisurus
549 3718 656 3785 partes,
680 3726 768 3768 unam
792 3708 828 3767 dc
844 3707 1103 3781 magnitudinibus,
1128 3719 1273 3783 qnatenus
1289 3710 1360 3767 hunt
1378 3710 1502 3783 liparae,

147 3800 268 3860 alteram
292 3798 329 3857 tle
352 3800 568 3873 comparatione
592 3796 748 3869 figurarum
772 3806 801 3855 et
824 3798 1029 3872 quantitatum,
1053 3794 1130 3853 unde
1153 3800 1304 3871 proportio
1328 3800 1440 3855 existit.

248 3884 315 3945 liae
338 3883 414 3944 dunc
436 3886 585 3955 scientiae,
609 3885 792 3943 arithmetica
807 3894 836 3943 ct
850 3886 1010 3959 geonretria
1024 3883 1216 3958 speculativa,
1240 3894 1357 3943 nrtstnas
1380 3884 1503 3945 trudunt

145 3990 248 4049 operas
271 3990 325 4031 nec
347 3974 386 4031 ab
408 3975 532 4031 invicem
556 3974 685 4047 separari
714 3980 852 4047 possunt,
884 3972 1019 4046 (quassaris
1050 3979 1079 4028 et
1109 3968 1292 4031 arithmetica
1320 3974 1358 4031 sit
1388 3976 1503 4049 princi·

144 4064 224 4137 plum
248 4061 432 4135 cognitionis.

248 4150 417 4223 Sequuntur
435 4148 497 4223 jam
519 4149 674 4217 sclemiae,
703 4163 778 4221 quae
806 4152 958 4204 versantur
986 4147 1063 4202 eirea
1092 4146 1270 4219 quantitates
1298 4146 1502 4209 secundariae.

147 4235 182 4293 Et
204 4238 332 4294 numeris
355 4234 472 4311 quidem
494 4252 583 4310 snpra
605 4236 753 4294 accesssita
776 4234 829 4291 luit
853 4236 990 4291 oratio.
1036 4230 1140 4306 ltaque
1164 4234 1294 4307 proxime
1316 4246 1383 4309 post
1406 4236 1502 4295 arith·

145 4326 280 4381 melleam
302 4324 435 4399 seqnitur
464 4325 592 4395 engiritio
620 4324 793 4397 quantitatis
821 4320 1017 4397 syllabarum,
1048 4336 1125 4394 quae
1149 4328 1193 4375 est
1223 4336 1290 4395 pars
1312 4322 1447 4395 politices
1470 4332 1501 4383 et

147 4412 292 4469 oratoriae
316 4421 344 4469 et
368 4410 457 4467 babet
479 4426 629 4468 numerum
653 4408 831 4468 muuerialem
856 4424 908 4483 pro
930 4408 1073 4482 snlrJectn.
1098 4416 1212 4481 tempus
1228 4422 1268 4463 sc.
1284 4410 1500 4481 pronunciandi

148 4496 336 4557 numerabile.
383 4496 429 4555 lta
452 4514 548 4567 voees,
572 4506 716 4571 quatenns
738 4498 866 4554 numeris
890 4496 1119 4557 seornmnnieaat.
1143 4494 1216 4550 lirant
1239 4495 1404 4567 subjectum
1429 4496 1500 4557 har·

146 4590 274 4645 manices
282 4628 292 4661 ,
321 4602 397 4660 quac
421 4583 689 4661 l'ytlragoraeorum
720 4587 849 4643 interitio
881 4594 933 4639 est.
980 4582 1040 4639 Nus
1071 4592 1167 4639 tarrren
1203 4582 1275 4637 iul'ra
1311 4582 1405 4641 aliter.
1454 4584 1500 4643 lta

146 4676 221 4731 latter
243 4674 381 4731 continua
405 4690 470 4729 eum
494 4684 552 4731 tres
574 4675 632 4730 sim
655 4671 864 4747 magnitudinis
887 4672 1016 4745 species,
1048 4668 1138 4739 linea,
1160 4668 1343 4743 superficies,
1376 4688 1499 4747 eorpus:

146 4758 224 4819 linea
246 4760 374 4836 quidem,
399 4771 543 4835 quatenus
566 4757 624 4818 luci
647 4760 772 4818 radianti
796 4760 1004 4828 communicat,
1029 4756 1059 4813 lit
1081 4756 1247 4829 subjectum
1270 4759 1399 4833 opticen,
1423 4775 1501 4834 qua·

147 4858 231 4909 tenua
251 4850 361 4925 motui,
389 4848 423 4907 llt
443 4848 609 4925 subjectum
639 4846 838 4923 mechanices,
868 4854 1013 4925 quatenus
1035 4852 1151 4924 tempus
1174 4846 1341 4920 ccuuttuit,
1370 4844 1403 4905 bt
1425 4846 1501 4909 aab·
