3308 5534
520 378 611 439 Notas
628 382 657 438 in
671 364 821 491 Somnium
831 381 1060 440 Astronomlcum.
1428 372 1471 458 53'

99 558 247 617 lerevrtt
280 559 335 617 list
351 574 419 635 erqo
435 562 464 619 ia
481 574 546 617 vera
563 563 669 620 orbium
686 560 864 633 proportione
876 558 1022 617 discrimen
1033 558 1238 617 intervallorum
1252 560 1323 619 Solis
1335 562 1472 623 11111111

98 641 309 699 mmdiuaornm
333 640 444 699 circiter
464 639 602 698 tricesima
623 642 723 712 totins,
748 656 833 712 quare
856 656 913 697 nou
937 638 1024 697 multo
1049 638 1243 696 muitarum
1269 640 1351 699 111111
1369 644 1472 715 digres-

100 736 223 777 nonum.

208 800 442 858 1110111111
464 800 551 870 major
573 806 705 872 appareat
729 799 855 857 lunicolis
880 814 962 871 quam
984 797 1134 861 terricolis,
1160 804 1270 867 oportet
1291 807 1321 857 et
1336 800 1472 861 Venerem

99 878 210 949 Terris,
236 885 266 935 et
282 879 390 935 Lunam
408 878 466 935 Soli
489 894 550 936 esse
572 880 732 949 proximam.
769 878 853 949 Atqui
875 894 937 934 cnm
962 884 1005 933 est
1022 877 1102 932 buna
1119 876 1177 933 Soli
1196 878 1322 949 proxima
1346 882 1375 937 in
1396 882 1471 939 novi·

100 958 179 1015 inuio
198 968 305 1027 111111,
324 958 553 1016 subvolvauorum
570 956 653 1013 medii
669 974 723 1013 nou
742 958 836 1013 vident
848 957 939 1015 Solem
957 972 1009 1012 uec
1025 956 1168 1026 Venerem,
1187 974 1248 1014 cuvn
1266 958 1388 1017 babeant
1404 968 1471 1020 tunc

100 1054 179 1093 mana
198 1038 317 1095 medim
335 1046 453 1099 noctem.
487 1037 661 1109 Relinquitur
682 1036 765 1108 igitur
782 1036 852 1092 baec
873 1038 1008 1107 apparitio
1026 1036 1074 1103 iis,
1100 1037 1147 1108 qui
1169 1038 1314 1097 divisorem
1339 1040 1470 1099 incolunt

100 1117 156 1173 Est
172 1124 268 1174 111111
284 1116 370 1187 paulo
393 1117 548 1173 evidentius
571 1116 714 1175 discrimen
739 1114 918 1187 apparitionis
936 1116 1050 1171 Veneris
1072 1130 1158 1186 penes
1181 1116 1363 1174 subvolvanos
1389 1136 1472 1189 quam

101 1196 201 1251 uerno
219 1210 308 1267 penes
326 1196 464 1266 prirolvas
482 1196 543 1265 (etsi
560 1196 590 1252 bi
608 1195 733 1251 divisoris
747 1194 854 1251 incolae
866 1196 1010 1265 utriusque
1022 1205 1138 1265 aspectu
1155 1194 1238 1265 potiri
1250 1198 1389 1270 possunt),
1408 1198 1473 1270 qula

100 1274 129 1327 ia
147 1274 420 1345 appropinquatione
444 1276 568 1345 proxima
585 1275 700 1330 Veneris
719 1281 747 1329 et
763 1273 867 1331 Terrae
883 1272 1048 1343 relinquitur
1066 1273 1241 1331 intervallum
1260 1276 1363 1348 21300,
1391 1275 1472 1348 cujus

102 1352 148 1419 (ut
164 1352 282 1409 niaoru
300 1368 382 1424 quam
400 1362 462 1410 erat
478 1369 562 1425 supra
579 1356 678 1411 Martis
696 1354 798 1422 36113)
817 1352 950 1407 diameter
967 1353 1064 1409 Lunae
1081 1354 1171 1423 major
1188 1358 1232 1409 est
1248 1354 1347 1423 portio.

211 1432 540 1493 1211111111111111111
564 1450 649 1503 supra
672 1432 802 1488 definitus
828 1441 871 1488 eat
893 1448 944 1502 per
966 1432 1045 1502 polos
1071 1430 1256 1489 conversionis
1274 1432 1370 1490 Lunae
1393 1448 1468 1491 mena

101 1516 196 1567 sanae
214 1513 343 1570 transire.
378 1513 442 1569 Jasn
464 1530 528 1570 vero
545 1512 642 1568 Lunae
666 1511 757 1568 orbita
779 1510 863 1567 babet
885 1510 1056 1567 latitudinem
1080 1509 1133 1566 bac
1153 1510 1182 1567 iu
1206 1510 1332 1575 boream,
1357 1512 1421 1570 illac
1439 1515 1468 1573 lu

101 1594 237 1657 11111111,
257 1600 286 1646 11
304 1594 372 1659 axis,
391 1598 470 1657 cuisvs
489 1598 611 1647 extrema
629 1590 694 1662 poli,
712 1590 795 1647 rectis
807 1589 915 1661 augulis
927 1592 1040 1660 ponitur
1057 1590 1184 1647 insistere
1201 1590 1284 1661 plano
1302 1594 1472 1651 eecentricae

101 1670 216 1727 aditae
243 1672 306 1729 Etsi
324 1673 409 1743 igitur
426 1680 522 1728 111111
540 1671 665 1743 polosum
678 1670 774 1724 Lunae
791 1670 907 1738 propius
926 1669 1013 1725 altero
1032 1670 1128 1725 annuit
1146 1670 1179 1724 ad
1200 1662 1306 1743 Solent,¹
1318 1669 1351 1726 to
1368 1678 1469 1741 tamen,

102 1758 132 1805 at
150 1749 236 1820 polus
253 1762 367 1810 norbae
386 1753 537 1823 eclipticas,
555 1767 626 1821 qnae
644 1750 712 1819 ipsis
730 1756 861 1805 censetur
872 1747 997 1819 ecliptica
1015 1746 1113 1815 media,
1133 1746 1242 1804 differat
1259 1749 1352 1820 apulo
1365 1751 1471 1808 orbitae

101 1829 210 1897 Lunae,
229 1830 334 1901 qnippe
350 1832 396 1887 bic
414 1830 490 1887 illum
509 1830 598 1901 spatio
617 1830 651 1886 19
669 1844 803 1883 annorum
821 1826 953 1882 circumit.
990 1826 1057 1881 Cum
1077 1842 1142 1897 erqo
1160 1826 1276 1883 Veneris
1293 1826 1362 1885 situs
1381 1830 1470 1903 requi-

100 1918 180 1965 ratur
197 1909 274 1965 inter
284 1910 397 1967 Terram
410 1918 438 1965 et
451 1910 551 1981 Solem,
570 1917 682 1981 oportet
699 1918 731 1964 ut
747 1908 796 1964 illa
812 1915 879 1964 tuno
896 1906 1023 1961 videatur
1038 1921 1092 1960 uon
1106 1921 1156 1976 per
1168 1905 1368 1975 elongationem
1382 1906 1469 1979 longi·

102 1986 219 2052 tndinis,
239 1986 289 2044 sed
307 2004 359 2058 per
376 1988 463 2044 solam
482 1988 662 2046 latitudinem.
698 1986 783 2056 Atqui
806 1985 884 2042 limes
902 1985 962 2054 ejus
981 1984 1120 2040 austrinus
1139 1994 1182 2040 est
1200 1986 1228 2040 in
1247 1986 1325 2055 siquo
1343 1986 1470 2059 Piscium,

102 2066 282 2122 intervallum
309 2067 369 2136 ejus
392 2067 529 2139 aphelium
551 2086 606 2125 non
624 2069 706 2141 longe
724 2074 800 2135 ante,
819 2068 846 2123 in
865 2065 999 2137 principio
1017 2064 1144 2136 Aquarii3
1168 2063 1277 2121 videtur
1294 2075 1385 2123 sutem
1404 2076 1471 2125 tunc

102 2158 138 2199 ex
156 2144 248 2200 Terra
271 2154 300 2201 et
317 2146 399 2203 buna
420 2147 449 2202 iu
471 2149 616 2207 contrariis
638 2149 723 2217 signis
741 2146 843 2202 Leonis
869 2154 897 2201 et
914 2144 1043 2213 Virginis.
1079 2144 1108 2201 si
1131 2158 1197 2211 erqo
1222 2142 1302 2214 polus
1320 2146 1417 2202 Lvruso
1435 2146 1471 2204 sd

102 2220 173 2277 baec
196 2222 279 2291 sigua
304 2224 447 2297 eclipticas
472 2226 577 2285 mediae
600 2228 709 2296 anuuit,
736 2225 765 2281 in
789 2224 989 2296 septentriones
1011 2224 1085 2289 unit,
1110 2229 1138 2277 et
1161 2222 1201 2278 sic
1218 2238 1306 2279 nuans
1323 2224 1424 2281 rectius
1442 2232 1472 2281 11

102 2301 261 2359 evidentius
279 2304 373 2360 videre
390 2312 485 2376 potest
501 2306 634 2362 Venerem
654 2302 705 2362 sub
724 2303 788 2361 Sole
806 2320 856 2375 per
874 2304 935 2374 ejus
952 2302 1138 2371 latitudinem,
1155 2300 1258 2373 qnippe
1276 2298 1393 2359 latitudo
1410 2302 1472 2375 ipsa

100 2382 194 2452 major
210 2388 257 2437 est
274 2384 401 2454 spbeliae
418 2399 500 2457 quam
518 2385 676 2455 punbeliae.
1147 2396 1152 2407 ·

211 2462 274 2520 121.
293 2464 394 2521 cuent
412 2471 561 2536 conspectu
579 2464 688 2533 Lunae,
710 2460 833 2532 intellige
856 2468 988 2531 tanquam
1011 2460 1084 2515 inter
1106 2458 1197 2517 sidera
1218 2460 1364 2518 currentis.
1399 2454 1472 2521 Nam

101 2556 166 2597 eum
186 2556 250 2598 eam
268 2542 430 2613 inhabitent,
449 2555 480 2599 ut
493 2544 552 2614 jam
570 2544 706 2615 fingimus,
725 2543 765 2597 sic
784 2556 843 2596 eam
862 2538 963 2607 rident,
982 2546 1014 2596 at
1030 2555 1082 2595 nos
1100 2546 1223 2594 nostram
1242 2537 1365 2596 Terram.

211 2620 272 2677 126.
291 2622 335 2679 De
351 2622 503 2679 visibilibus
522 2624 661 2679 diametris
679 2621 778 2691 agitur,
796 2635 850 2676 uon
869 2618 905 2674 de
923 2618 1003 2674 veris.
1027 2618 1119 2690 Igitur
1135 2616 1233 2673 Lunae
1251 2632 1391 2687 apoeaess
1408 2622 1472 2678 visi·

101 2696 167 2753 bilis
190 2698 397 2756 semidiameter
419 2708 463 2757 est
483 2703 537 2772 ib‘,
562 2708 592 2758 st
613 2698 763 2771 paralluxis
789 2696 913 2766 ejusdem
938 2697 1035 2752 eodem
1058 2697 1085 2751 in
1110 2698 1371 2767 1111111211,
1396 2698 1472 2773 quod

101 2776 187 2847 paulo
204 2778 297 2834 minna
313 2788 356 2836 est
375 2797 457 2851 quam
470 2784 513 2849 66,
532 2781 716 2855 quadruplum
730 2780 764 2837 de
775 2782 819 2836 ib.
844 2778 954 2847 Quanta
971 2793 1035 2835 rero
1054 2786 1097 2835 est
1108 2778 1258 2850 ραι-1111111
1270 2780 1375 2852 Lunae,
1392 2790 1473 2841 tauta

102 2854 209 2911 Terrae
227 2856 444 2916 semidiametros
461 2866 622 2933 appareret,
644 2859 668 2913 si
692 2858 789 2915 oculus
806 2856 834 2911 in
854 2856 934 2913 Luna
951 2864 1034 2914 esset.
1072 2858 1125 2913 Est
1142 2872 1207 2929 erqo
1226 2860 1368 2929 proportio
1387 2858 1470 2930 pesulo

101 2934 193 2991 minor
211 2936 377 3010 quadrupla,
396 2956 468 3011 quae
486 2940 626 3011 duplicata
641 2938 675 2996 tit
691 2938 775 3011 paulo
792 2938 882 2994 minor
899 2936 1057 3009 sedecupla,
1073 2936 1103 2993 id
1121 2944 1165 2994 est
1182 2937 1271 3009 maior
1287 2939 1472 3013 quindecupla'

103 3009 244 3069 l'ucorum
261 3018 461 3085 apparentium.
497 3018 571 3074 Ecce

244 3092 291 3222 {22
308 3094 362 3223 232:
379 3096 478 3237 ffiffi
495 3094 590 3236 iffi
625 3095 731 3222 13ξῶ
753 3130 1132 3195 (emmerammenses.
1151 3134 1210 3188 vor.
1224 3135 1283 3191 vu.
1301 3150 1329 3200 p.
1342 3138 1393 3190 aas
1407 3134 1452 3204 ιι.)

245 3254 391 3325 Propertio
410 3262 454 3311 111
626 3240 776 3311 131666-

244 3332 410 3403 Duplicetur
427 3346 469 3400 es,
489 3340 520 3389 ut
537 3334 573 3389 sit
623 3333 736 3389 271736.

210 3413 265 3468 Hic
288 3427 418 3467 numerus
444 3419 475 3467 11
501 3412 587 3481 logor.
606 3410 748 3481 logisticus
773 3409 892 3467 ostendit
911 3408 938 3465 θ’
956 3408 1017 3465 58¹⁴.
1052 3408 1128 3479 Ergo
1151 3410 1174 3466 si
1197 3409 1290 3469 discus
1308 3412 1408 3470 Terrae
1427 3422 1471 3472 111

102 3496 156 3565 601,
174 3494 278 3550 Lunae
296 3499 339 3545 est
352 3492 376 3545 δ’
391 3490 456 3559 16”;
474 3506 534 3545 eum
546 3492 572 3547 4¹
584 3491 620 3545 0¹¹
639 3492 675 3547 sit
693 3489 865 3561 quindecima
877 3488 911 3545 de
924 3492 966 3547 66.
985 3503 1052 3559 erqo
1064 3490 1206 3559 proportio
1223 3488 1307 3560 paulo
1319 3494 1406 3563 major
1417 3503 1468 3553 est.

211 3570 274 3625 127.
293 3568 363 3638 Quia
381 3569 462 3624 Luna
479 3570 599 3627 maculas
618 3585 726 3639 semper
742 3570 850 3625 easdem
864 3570 983 3624 obvertit
994 3568 1105 3633 Terrae,
1124 3566 1198 3623 linea
1209 3570 1293 3641 igitur
1304 3582 1469 3632 connectens

99 3659 196 3709 centra
217 3650 321 3705 Terrae
344 3655 372 3703 et
389 3648 486 3703 Lunae
509 3656 584 3704 secat
609 3646 780 3721 superficiem
799 3648 894 3702 bursae
919 3661 1027 3719 semper
1048 3646 1075 3700 in
1095 3646 1190 3701 eadem
1214 3649 1330 3705 macula.
1366 3651 1404 3707 Iit
1423 3654 1470 3723 qui

99 3728 239 3785 maculam
258 3727 334 3782 illum
351 3726 518 3796 inhabitant,
543 3727 583 3783 illi
601 3728 713 3783 Terram
734 3735 869 3796 nostram,
895 3726 923 3780 id
942 3734 985 3782 est
1003 3725 1107 3780 volvam
1127 3740 1217 3797 savam,
1241 3744 1348 3799 semper
1365 3730 1470 3787 babeat

99 3806 263 3865 invertire.
296 3804 369 3875 Quot
385 3821 450 3860 vero
468 3804 597 3875 gradibus
614 3805 709 3862 cuculi
727 3807 817 3875 magni
836 3804 951 3875 quilibet
969 3806 1046 3862 locus
1065 3808 1150 3864 distat
1168 3807 1203 3862 ab
1221 3807 1275 3864 hac
1292 3809 1408 3879 macula,
1427 3818 1468 3867 11-

99 3886 185 3943 tidem
204 3882 338 3953 gradibus
355 3883 383 3936 11
401 3880 479 3936 11111
497 3882 603 3939 ridetur
621 3883 656 3938 ab
675 3884 735 3951 ejus
753 3884 852 3938 vertice
871 3882 1009 3940 declinare
1029 3886 1123 3943 Volva.

208 3964 275 4019 128.
294 3962 341 4017 111
358 3962 451 4031 aliqua
469 3962 590 4033 eorporis
608 3963 726 4018 Lunaris
744 3964 885 4018 conversio
904 3963 993 4032 spatio
1012 3977 1165 4037 menstruo,
1182 3972 1242 4021 toto
1261 3966 1333 4021 enim
1352 3967 1468 4026 circuitu

98 4050 198 4105 iaciens
219 4044 337 4100 eandem
354 4042 446 4098 Terris
465 4042 594 4109 obvertit,
614 4040 687 4111 quod
706 4041 849 4097 coufirmat
866 4040 945 4098 uobis
964 4046 1133 4102 macularum
1152 4052 1286 4116 perpetua
1304 4050 1468 4106 constantia.

99 4130 168 4186 Cum
186 4132 284 4183 autern
302 4124 397 4191 Terra,
416 4122 444 4176 id
462 4128 504 4179 est
521 4121 617 4189 Volva,
636 4118 777 4175 circumire
794 4120 919 4177 videatur
936 4130 1077 4183 menstruo
1096 4125 1185 4197 spatio
1202 4140 1253 4195 per
1270 4132 1359 4181 totum
1377 4127 1468 4187 sodis·

98 4225 169 4273 eum,
189 4205 277 4261 etiam
294 4202 391 4256 Lunae
408 4200 491 4256 iacies
509 4218 564 4259 uua
582 4216 643 4258 cum
662 4215 695 4254 ea
713 4200 848 4270 circumit,
875 4208 984 4257 vertens
1003 4217 1033 4259 se
1058 4221 1131 4260 nunc
1149 4204 1177 4259 iu
1195 4204 1330 4258 Cancrum
1348 4222 1421 4263 nuno
1439 4206 1468 4263 iu

99 4282 264 4359 capricorni
282 4281 438 4353 oppositum
457 4282 580 4353 signum3
600 4281 675 4350 quod
693 4288 736 4336 est
754 4282 884 4338 converti.
920 4280 1021 4337 Verum
1038 4283 1088 4350 iis,
1109 4282 1199 4353 quiin
1218 4283 1297 4340 Luna
1315 4292 1392 4355 sunt,
1412 4302 1468 4343 non

98 4372 218 4438 apparet
235 4362 299 4433 ipsa
316 4360 454 4430 converti,
480 4359 528 4414 sed
550 4358 668 4415 babetur
690 4377 740 4429 pro
759 4361 932 4431 quiescente,
957 4362 1028 4417 sicut
1046 4363 1132 4419 Terra
1150 4370 1244 4419 nostra
1262 4364 1341 4420 uobis
1359 4364 1468 4421 videtur

98 4446 256 4516 quiescere.
292 4440 369 4507 Ergo
387 4438 446 4493 vice
464 4438 560 4495 Lunae
583 4438 689 4493 coelum
711 4440 801 4510 ipsum
818 4440 940 4496 converti
963 4442 1071 4499 videtur
1088 4444 1115 4499 iu
1134 4443 1298 4513 oppositum.
1338 4442 1470 4513 Sequitur

97 4526 192 4597 igitur,
212 4536 277 4577 esse
295 4520 378 4574 etiam
402 4518 455 4574 duo
481 4520 550 4574 coeli
569 4526 684 4591 puncta,
710 4518 783 4575 ciros
806 4536 876 4589 quae
900 4528 1029 4591 tauquam
1047 4521 1195 4580 immobilia
1212 4523 1318 4579 coelum
1340 4522 1373 4577 lis
1392 4538 1466 4580 men·

102 4602 230 4661 annatim
250 4598 338 4655 semel
357 4596 479 4653 converti
496 4596 610 4653 videtur.
646 4597 698 4653 Illa
715 4600 772 4670 poli
790 4599 973 4671 appellantur.

207 4680 270 4737 129.
289 4678 319 4733 st
336 4678 397 4733 axis
415 4676 512 4731 Lunae
533 4683 656 4733 maneret
674 4678 821 4748 parallelus
846 4683 890 4735 exi
908 4680 1026 4737 Telluris
1049 4682 1077 4737 iu
1096 4688 1155 4738 toto
1178 4680 1306 4750 circuitu,
1329 4677 1466 4735 interdum

98 4777 184 4817 noras
203 4758 330 4815 maculas
348 4758 422 4814 circa
441 4770 516 4811 oram
533 4756 628 4812 Lunae
647 4757 885 4828 septentrionalem
898 4770 927 4816 et
938 4760 1084 4816 australem
1096 4760 1257 4826 videremus,
1275 4765 1340 4813 tunc
1353 4756 1466 4831 seilicet,

99 4858 160 4899 oum
177 4840 289 4898 banau
307 4836 367 4895 Soli
385 4834 540 4908 oppositam
557 4834 587 4891 iu
604 4834 710 4893 canoro
726 4835 771 4892 rel
789 4836 954 4909 capricorno
973 4839 1116 4898 11111111.
1140 4840 1228 4899 Linea
1239 4836 1311 4895 enim
1323 4852 1358 4894 ex
1370 4846 1464 4897 111111
