3308 5534
246 396 311 469 108
788 402 879 461 llatae
897 402 925 461 J.
944 400 1056 473 Kepleri

246 575 360 647 specula
376 574 459 647 plana
475 578 524 635 Ec
541 584 570 635 et
586 578 644 649 LV,
662 578 698 635 ad
717 592 747 633 sa
765 577 879 634 invicem
898 594 1042 651 censerem
1061 589 1091 637 ut
1109 582 1133 637 si
1152 580 1215 645 sint,
1234 580 1309 636 umbi
1328 596 1420 651 causa,
1438 580 1494 639 dne
1512 582 1602 639 latera

246 656 389 727 sexsupuli
407 658 549 728 repuleris,
567 674 623 714 uno
641 657 795 728 interjectu.
831 659 869 713 Et
888 660 923 715 sit
941 660 1037 717 oculus
1050 662 1085 717 0:
1105 662 1281 717 constituitur
1297 661 1382 733 igitur
1398 662 1500 735 uliquis
1518 676 1603 733 nugu-

977 738 1020 793 lus
1039 755 1056 794 a
1074 739 1182 796 duobus
1200 740 1318 810 speculis
1336 742 1385 797 Eu
1403 750 1431 796 et
1449 742 1500 797 ΙΝ
1519 742 1602 803 intus.

567 808 619 859 ¹¹¹⁸·
633 806 654 851 ⁴·
975 818 1003 873 id
1025 823 1068 873 est
1090 834 1186 875 sersus
1205 820 1312 889 plagam
1330 820 1360 887 C,
1368 820 1402 889 V,
1433 818 1603 876 continuatis

975 906 1065 953 mente
1077 900 1197 969 speculis
1209 898 1244 955 ad
1257 914 1424 955 concursum.
1440 900 1503 955 Sint
1515 898 1602 967 0,s,1>

974 976 1089 1033 laterum
1108 978 1251 1047 sexanguli
1270 986 1373 1049 puncta
1390 980 1481 1036 raedis
1498 986 1528 1035 et
1539 992 1603 1033 ceu·

973 1063 1119 1113 secuntur
1135 1058 1208 1114 inter
1228 1074 1273 1113 sa:
1300 1065 1382 1113 emnt
1405 1058 1538 1127 aequales
1556 1074 1603 1113 an·

973 1136 1029 1205 puli
1041 1136 1119 1204 OSE,
1132 1138 1205 1199 CSP,
1216 1136 1293 1203 VPS,
1312 1138 1392 1203 LPO‚
1410 1144 1439 1193 et
1457 1136 1553 1195 radius
1565 1136 1603 1191 ri·

973 1216 1062 1270 serius
1078 1214 1122 1271 08
1139 1214 1296 1272 reflectetur
1313 1217 1342 1271 in
1360 1214 1416 1285 SP,
1435 1214 1556 1285 indeque
1574 1214 1603 1271 in

973 1292 1028 1359 ΡΟ,
1047 1295 1087 1349 sie
1105 1294 1237 1350 oeulnsO
1256 1310 1286 1349 se
1303 1296 1393 1364 ipsunt
1411 1292 1602 1363 depictumiu·

972 1371 1094 1428 tuebitur
1110 1374 1140 1429 in
1164 1373 1277 1442 specula
1294 1374 1355 1442 Ec,
1379 1372 1507 1427 similiter
1530 1378 1558 1427 et
1574 1370 1602 1427 iu

972 1453 1084 1521 speculo
1097 1454 1154 1523 LV,
1174 1452 1240 1521 quia
1257 1452 1338 1509 ιιίιιιι
1350 1451 1396 1506 ΟΡ
1414 1452 1443 1507 in
1455 1452 1500 1509 ΡΒ
1519 1460 1547 1509 et
1558 1452 1603 1507 hia

972 1532 1000 1587 in
1018 1531 1061 1587 SO
1078 1532 1238 1587 reflectitur.

1025 1613 1140 1667 Videtur
1152 1612 1235 1681 igitur
1246 1610 1363 1669 retorsie
1381 1611 1436 1666 lunc
1448 1610 1600 1667 cellinuure:

971 1692 1057 1749 rideri
1075 1692 1184 1748 oculum
1203 1692 1227 1747 0
1245 1707 1296 1761 per
1307 1692 1358 1759 OS,
1377 1706 1428 1747 nee
1446 1700 1540 1747 tamen
1557 1706 1601 1747 ae·

971 1771 1080 1842 qualem
1103 1786 1164 1825 esse
1187 1771 1316 1841 angulum
1339 1771 1506 1827 incidentiae
1532 1770 1601 1827 ESO

971 1848 1072 1918 angulo
1090 1848 1246 1905 reflexionis
1265 1850 1338 1906 CSP.
1376 1850 1406 1906 ld
1425 1852 1450 1905 si
1476 1849 1543 1905 uelit
1561 1864 1601 1907 rt·

971 1928 1070 1996 tersio,
1094 1928 1231 1985 refutatur
1248 1945 1266 1985 a
1283 1946 1313 1985 se
1336 1930 1398 1999 ipsa
1416 1931 1443 1984 iu
1462 1937 1543 1985 textu
1560 1944 1602 1985 re·

971 2008 1077 2077 quenti.
1099 2008 1162 2063 Neu
1181 2008 1284 2063 scilicet
1303 2024 1359 2063 nna
1376 2009 1437 2063 sola
1452 2007 1602 2065 reflexione

971 2086 1000 2142 iu
1019 2088 1038 2141 S
1057 2086 1090 2141 fit
1108 2088 1176 2143 haec
1194 2088 1271 2157 visio,
1291 2087 1339 2143 sed
1359 2086 1467 2144 duabus
1485 2086 1506 2143 S
1524 2096 1552 2141 et
1571 2086 1602 2155 P,

972 2182 1027 2235 qua
1045 2165 1176 2221 societate
1194 2166 1233 2231 iit,
1251 2173 1283 2221 ut
1300 2166 1391 2233 auguli
1409 2174 1541 2222 maneant
1558 2179 1602 2221 ne·

972 2243 1078 2314 quales,
1097 2252 1128 2300 nt
1145 2244 1223 2300 initio
1242 2245 1353 2300 dictum.

349 2312 392 2370 23.
412 2314 483 2371 Τοιι
506 2318 577 2371 enim
599 2326 757 2391 superficies
780 2322 931 2395 specularis
949 2324 997 2377 LV
1015 2338 1065 2392 per
1087 2323 1288 2393 radiuse10‚
1308 2322 1487 2380 circumfusas
1507 2324 1601 2381 intime

246 2388 290 2445 OS
308 2399 336 2447 et
353 2408 530 2463 repercussos
553 2398 580 2452 in
603 2405 713 2471 pnuetis
737 2402 906 2457 circumfusis
930 2401 982 2471 ipsi
1001 2402 1034 2461 S.
1059 2402 1194 2457 ridebitur
1217 2403 1244 2457 in
1267 2402 1405 2473 profundo
1430 2403 1537 2474 speculi
1554 2402 1601 2459 Ec

245 2470 333 2525 minor
351 2472 411 2543 ipso
430 2476 515 2533 etsie
534 2480 634 2549 duplex
653 2484 798 2553 apparebit
815 2482 973 2552 superficies
992 2482 1047 2537 EC.
1079 2482 1147 2535 Nam
1167 2482 1227 2549 ipsa
1244 2483 1352 2551 quidem
1372 2484 1418 2539 Bc
1437 2482 1548 2539 uidetur
1560 2498 1600 2539 rn-

244 2546 371 2639 ιιὶἱιᾯΕ,
389 2552 434 2607 OC
452 2552 563 2613 directis
580 2560 702 2631 nihilque
720 2562 817 2633 passis,
836 2572 865 2619 at
882 2562 908 2616 iu
928 2560 987 2629 ejus
1005 2560 1142 2629 profundo
1156 2560 1290 2618 ridebitur
1307 2578 1362 2617 neu
1381 2562 1452 2633 ipsa,
1470 2562 1521 2618 sed
1539 2580 1600 2619 cun·

244 2634 345 2683 uanus
363 2632 411 2687 LV
430 2634 517 2703 imago
536 2654 586 2705 per
604 2640 747 2697 retractus.

350 2712 394 2766 24.
414 2716 483 2781 Quia
503 2734 557 2771 uon
575 2720 716 2787 speculum
735 2728 841 2777 tautum
859 2720 907 2773 LV
926 2718 1029 2774 nudum
1048 2720 1204 2789 depingitur
1222 2720 1248 2774 iu
1269 2718 1404 2791 pruiuude
1423 2720 1531 2791 speculi
1543 2720 1601 2789 EC,

243 2786 293 2840 sed
311 2790 393 2845 etium
418 2810 489 2860 quae
507 2796 533 2849 iu
553 2796 625 2851 illius
644 2802 774 2854 curttrurii
792 2800 897 2868 speculi
914 2798 962 2853 ΙΝ
979 2798 1114 2867 profunde
1139 2800 1254 2853 tenuata
1278 2798 1330 2853 luit
1356 2799 1445 2867 imago
1463 2800 1560 2867 puncti
1578 2798 1602 2853 0

244 2864 327 2957 incisi
345 2883 569 2939 repraesentatur
587 2892 649 2945 uua,
669 2880 744 2935 uelut
757 2880 783 2933 iu
796 2880 878 2949 liujus
890 2876 990 2945 depicti
1009 2876 1112 2945 speculi
1130 2876 1231 2947 iuud03
1250 2887 1276 2933 et
1296 2878 1413 2933 uicissim
1432 2879 1459 2931 in
1480 2878 1529 2931 LV
1548 2893 1603 2934 uun

246 2960 335 3035 unusqu
354 2950 486 3009 formatur
503 2972 553 3025 per
571 2956 627 3015 ΟΡ.
646 2958 697 3017 PS.
716 2960 772 3025 St),
800 2965 827 3013 et
846 2960 873 3011 iu
896 2955 991 3010 eodem
1008 2955 1057 3010 ΙΝ
1075 2956 1187 3025 speculo
1211 2957 1292 3012 etiam
1317 2956 1421 3027 speculi
1439 2956 1488 3013 Ee
1512 2958 1602 3025 image

245 3038 328 3095 tuque
345 3045 378 3085 eu
400 3032 526 3103 imaginis
543 3036 643 3104 prioris
661 3053 711 3105 per
721 3036 764 3093 OS
776 3046 805 3092 et
813 3038 864 3105 Sl‘,
884 3035 929 3091 Pa
943 3037 1075 3091 sarmatae
1094 3038 1183 3103 imago
1197 3036 1255 3103 jam
1274 3037 1380 3103 iterata,
1399 3045 1427 3091 et
1445 3038 1485 3092 sic
1497 3046 1602 3093 utrum·

244 3109 313 3163 libet
330 3114 471 3179 speculum
491 3114 603 3171 exhibet
622 3116 738 3183 primum
756 3116 835 3185 qnasi
853 3134 870 3171 n
888 3132 919 3171 se
936 3117 1034 3170 tactam
1053 3114 1195 3181 imaginun
1215 3118 1354 3183 majurum,
1373 3115 1472 3171 deinde
1491 3125 1520 3173 et
1538 3118 1601 3171 iura·

245 3190 334 3257 mrtem
359 3205 393 3245 ex
417 3194 553 3249 centrario
580 3196 692 3265 speculo
716 3198 856 3255 minorem.
893 3198 964 3266 Quin
987 3198 1041 3249 ime
1065 3196 1088 3250 si
1112 3210 1257 3251 accensens
1283 3196 1422 3267 imagines,
1441 3196 1602 3267 usquelibet

244 3270 356 3339 speculo
375 3270 498 3325 solitarie
516 3273 647 3330 formatas
666 3292 828 3345 repercussu
846 3277 978 3347 simplici,
998 3278 1065 3331 fient
1084 3276 1192 3329 omuino
1211 3290 1260 3329 sex
1279 3274 1420 3345 imagines.

348 3350 390 3405 25.
412 3352 523 3406 llemiui
541 3371 601 3409 cum
620 3364 767 3423 verterem,
792 3374 846 3411 uun
866 3357 1025 3411 satisfacere
1047 3354 1112 3409 milui
1131 3352 1309 3425 lipiandrum.
1337 3354 1416 3423 eujus
1442 3354 1512 3409 haec
1537 3360 1601 3411 sunt

243 3428 338 3481 rcrlta:
358 3430 431 3485 dane
447 3435 630 3491 exterioribus
647 3436 779 3493 adseram
797 3438 909 3493 eiectare
926 3436 1038 3491 uerum
1051 3440 1148 3505 purteu
1166 3434 1194 3487 iu
1214 3432 1357 3501 profunde
1374 3434 1548 3501 spectatarum
1566 3432 1601 3487 ri·

244 3509 395 3563 sistrorum
412 3519 657 3579 repraesentantes.
695 3514 779 3581 Atqui
804 3521 896 3567 textus
914 3528 1028 3581 graecus
1053 3510 1132 3579 plura
1155 3510 1236 3564 uerba
1260 3510 1350 3565 hatbct.
1386 3512 1465 3567 Nunc
1485 3528 1540 3565 uun
1559 3518 1601 3565 cst

244 3586 279 3643 ad
298 3602 393 3641 manns
412 3603 525 3655 graecus
544 3599 652 3655 textus,
670 3601 697 3649 ιι
717 3594 841 3661 suspicer
858 3592 983 3647 mendum
1002 3606 1063 3645 esse
1082 3591 1108 3643 in
1128 3606 1193 3643 socc
1212 3597 1375 3657 extrorsum,
1395 3590 1537 3659 Xplaudro
1557 3606 1601 3647 nr·

244 3666 407 3723 lerientes:
423 3674 455 3721 ut
472 3668 495 3721 si
514 3685 563 3737 pro
581 3674 650 3731 ὁιεια
669 3686 811 3740 perperam
830 3678 903 3725 esset
927 3682 1087 3737 expressum
1106 3668 1159 3729 ita.
1196 3667 1267 3735 Quuid
1286 3679 1377 3721 tamen
1390 3669 1464 3735 uelit,
1483 3686 1528 3723 res
1542 3670 1603 3738 ipss

243 3746 354 3801 indicat.
390 3746 489 3809 Primo.
508 3748 531 3801 si
550 3750 611 3816 quis
629 3750 788 3805 ulterutrum
807 3748 949 3819 speculum
968 3748 1118 3803 solitarium
1136 3748 1408 3817 perpendicularibus
1426 3748 1511 3803 radiis
1530 3750 1603 3801 risu·

244 3826 291 3881 riis
308 3826 437 3896 intuetur,
457 3826 542 3881 iacies
561 3828 588 3882 in
607 3842 639 3883 ee
658 3838 881 3897 repraesentatur
899 3827 953 3881 situ
972 3828 1089 3895 partium
1108 3842 1154 3893 ea,
1173 3826 1219 3893 qui
1238 3836 1280 3879 cst
1299 3826 1327 3879 iu
1345 3828 1419 3895 ipsn;
1447 3844 1519 3895 quac
1538 3840 1603 3897 pura

244 3907 315 3961 enim
332 3904 411 3961 iacici
431 3915 473 3961 est
491 3922 585 3959 sersus
604 3908 781 3973 occidentem,
800 3915 1022 3977 repraesentatur
1034 3906 1115 3959 etiam
1127 3904 1154 3958 iu
1168 3904 1271 3973 speculi
1285 3906 1367 3974 iuque
1385 3906 1511 3973 imaplnia
1524 3918 1604 3975 purte

245 3988 373 4055 occidua,
397 4002 469 4056 quae
487 4002 582 4041 uersus
601 3986 750 4051 orientum,
770 3986 797 4041 in
816 3986 948 4041 orientali.
985 3984 1039 4037 Sed
1058 3984 1122 4051 quia
1140 3998 1203 4051 pars
1221 3984 1312 4039 antica
1331 3986 1410 4039 facici
1429 3984 1556 4051 diripitur
1575 3985 1603 4041 iu

245 4070 354 4141 plapam
372 4066 477 4135 speculi
496 4073 524 4119 ct
542 4065 667 4133 imaginis
685 4082 749 4135 pars
767 4066 858 4120 antica
877 4064 1001 4133 dirigitur
1019 4066 1046 4117 iu
1065 4064 1171 4131 plagam
1190 4064 1353 4117 centrarium
1374 4064 1465 4121 laurici.
1489 4064 1553 4117 hinc
1572 4066 1605 4121 tit

245 4162 275 4205 ut
295 4166 366 4217 ptura.
386 4160 457 4217 quiae
476 4144 587 4199 sitristru
606 4156 648 4199 est
665 4144 754 4201 facici.
773 4146 820 4199 liat
840 4144 937 4198 dextra
956 4142 1064 4209 imagini
1071 4184 1078 4201 ,
1104 4150 1132 4195 ιι
1149 4158 1220 4209 quae
1239 4142 1348 4194 sinistra
1367 4140 1419 4199 itti.
1439 4144 1487 4197 liat
1504 4142 1603 4199 dextra

246 4230 317 4289 hiric,
336 4226 398 4295 quia
417 4224 538 4280 ιΙιιίιιίιίι
557 4224 659 4279 sinistri
678 4233 705 4278 ιι
723 4224 812 4277 dextri
830 4222 940 4278 irrrultit
959 4231 1111 4289 respectum
1130 4220 1236 4273 anticac
1255 4234 1280 4271 ιι
1301 4220 1431 4289 posticae.
1464 4222 1603 4287 Secunda.

247 4308 340 4373 sijum
360 4306 500 4375 duplicato
519 4304 632 4372 speculo
652 4304 784 4357 sumuntur
808 4304 896 4365 imaue
920 4300 999 4355 iacit-i
1019 4296 1244 4367 parriciacus,
1264 4298 1314 4355 SP.
1335 4296 1396 4367 ΡΟ,
1420 4300 1511 4369 image
1534 4300 1603 4357 haee

246 4390 272 4443 iu
286 4388 315 4454 S,
334 4402 404 4453 quac
423 4384 541 4439 occurrit
561 4398 615 4435 utta
633 4398 693 4435 cnm
712 4382 830 4447 imupiue
849 4380 952 4451 speculi
966 4380 1012 4433 ut·
1032 4390 1058 4432 ct
1078 4380 1156 4448 quusi
1176 4376 1203 4429 iu
1222 4375 1277 4433 illa.
1296 4376 1363 4430 lracc
1377 4378 1487 4447 iuquam
1501 4390 1604 4449 partes¹

245 4472 396 4537 quaesunt
416 4464 443 4517 iu
462 4462 533 4517 lucie
552 4462 672 4523 dextrae.
691 4462 785 4531 recipit
804 4464 830 4517 iu
850 4462 922 4515 latus
941 4460 993 4515 sibi
1012 4476 1121 4529 apteque
1140 4458 1274 4511 dcxtmrm.
1312 4458 1348 4509 tlt
1367 4457 1409 4510 liis
1429 4457 1540 4513 derebus
1558 4474 1603 4513 ea·

245 4546 321 4599 sibus
343 4540 548 4599 autumnitatem
572 4552 637 4594 suut
661 4541 756 4599 serlus.
782 4542 850 4594 citra
875 4540 1120 4594 consideratiuaent
1145 4552 1224 4589 castas
1248 4534 1335 4591 tertii.
1358 4534 1392 4587 cle
1415 4552 1472 4603 qua
1496 4548 1605 4605 postea.

247 4626 315 4681 Num
335 4622 431 4677 acutius
443 4624 466 4669 u
484 4620 511 4675 iu
531 4620 650 4687 speculis
664 4620 720 4687 itt,
741 4619 786 4675 ΙΝ
806 4620 942 4673 inclinatis
960 4629 1077 4686 quatuor
1095 4616 1167 4669 uidet
1185 4614 1316 4681 imagines
1336 4628 1401 4667 surae
1420 4612 1515 4681 laciei;
1534 4616 1605 4671 dun

247 4702 354 4769 quidem
374 4700 475 4753 iutuitu
494 4698 608 4767 siurplici
627 4708 702 4753 rcctu
722 4700 781 4765 tqui
800 4716 860 4753 esse
879 4705 978 4767 petest.
998 4698 1020 4751 si
1040 4694 1151 4765 specula
1170 4693 1225 4751 tlt.
1243 4692 1290 4747 t'l.
1310 4691 1391 4759 pauttlu
1410 4692 1527 4745 triti-rius
1540 4708 1605 4747 cuu-

247 4784 387 4837 tiuucutur
409 4794 504 4833 uersus
530 4778 770 4847 perpendiculares
795 4778 823 4833 iu
841 4794 871 4831 se
890 4794 924 4829 cx
944 4782 994 4843 (tt,
1019 4774 1087 4829 duas
1111 4788 1175 4827 reru
1200 4786 1249 4841 pcr
1267 4770 1352 4839 ipsam
1371 4770 1604 4827 ccrnrldnationenr

247 4858 429 4931 speculorum,
447 4856 539 4915 risiris
557 4854 601 4915 bis
618 4856 797 4927 repercussis.
832 4856 939 4915 Primae
957 4854 1057 4923 latera,
1081 4868 1153 4923 quae
1170 4858 1235 4907 saut
1252 4848 1332 4907 laciei
1349 4848 1474 4919 sindus,
1499 4850 1605 4909 hbent
