3308 5534
207 382 252 451 88
726 380 891 437 Plutarchus
909 382 945 439 de
963 382 1045 437 Facie

208 576 284 639 quas
306 556 382 619 duas
399 562 571 633 superficias,
591 560 638 619 rel
655 564 797 635 magum,
816 560 864 623 rel
882 555 1028 635 lateran).
1059 558 1092 620 Si
1106 560 1196 636 igitur
1209 559 1359 621 radiorum
1382 559 1436 620 elii
1450 556 1574 637 quidem

206 660 289 709 recta
309 644 349 705 sd
370 662 424 705 uos
447 656 623 721 reccurrnnt,
645 646 697 707 alii
721 666 791 710 vero
813 649 851 709 ad
874 649 1029 710 alterutras
1051 658 1149 725 partes
1163 649 1350 723 speculorum
1372 648 1574 724 impingentes

208 751 322 795 turtum
345 732 413 793 lnde
434 734 650 795 referunturad
664 752 729 809 nos,
752 753 810 797 non
832 740 887 797 erit
909 735 1059 813 possibile,
1083 736 1258 810 aequalibus
1279 736 1397 811 angulis
1419 734 1484 795 lieri
1506 750 1576 793 otta·

210 840 263 883 usa
284 822 477 893 reflexionem
500 839 589 897 quam
612 822 730 899 quidem
744 823 935 885 reflexionnm
949 825 1171 883 universitatem
1188 820 1237 881 'illi
1259 839 1319 882 uno
1344 840 1394 883 ore
1407 820 1575 895 clamitant,

208 910 267 969 illis
290 910 362 987 ipsis
383 908 589 970 effluxionibus
612 911 739 984 luminis,
762 928 840 987 quae
862 930 881 971 a
900 912 983 971 launa
1005 912 1035 969 in
1050 910 1171 970 Terram
1192 911 1333 981 feruntur,
1355 908 1575 985 aequalitatem

210 996 385 1073 angulorum
406 994 544 1069 adimere,
567 999 768 1058 existimantes
789 999 867 1059 hauc
883 1002 1043 1069 angulorum
1053 1000 1247 1069 aequalitatem
1269 997 1357 1075 longe
1379 996 1574 1074 plasmasti

208 1084 277 1145 fidei
299 1100 388 1159 quotu
411 1082 500 1141 illud:
525 1088 595 1141 Solis
613 1086 704 1141 lumen
720 1088 828 1143 uLnna
845 1088 873 1143 in
891 1090 1002 1143 Terram
1020 1080 1185 1163 reflecti²³).

314 1168 424 1227 l'ernm
447 1173 524 1229 enim
540 1186 611 1227 nero
626 1172 652 1227 si
668 1172 786 1229 omuino
802 1170 858 1229 lroc
873 1170 1095 1247 gratificandum
1118 1178 1163 1231 esi
1177 1172 1366 1247 geometriae,
1389 1188 1449 1229 non
1465 1186 1575 1247 parum

208 1256 306 1317 hercle
329 1257 415 1316 nobis
438 1260 560 1325 amicae,
583 1266 612 1315 et
635 1258 660 1315 sl
683 1256 812 1317 dandum
835 1260 968 1318 omnino:
991 1260 1116 1335 primum
1138 1262 1316 1318 conveniens
1339 1265 1392 1329 eal,
1416 1276 1436 1317 a
1459 1256 1575 1317 talibus

208 1344 337 1423 speculis
367 1344 512 1403 confluere
540 1342 654 1416 radios,
683 1361 760 1420 quac
788 1348 846 1404 sint
873 1348 935 1403 suis
957 1345 1126 1405 laesoribus
1148 1355 1285 1406 accurate
1307 1347 1454 1422 perfectu
1486 1344 1575 1404 Luna

207 1449 280 1494 raro
303 1430 412 1491 multas
436 1431 526 1491 habet
548 1432 775 1507 inaequalitates
797 1442 827 1492 et
848 1435 1039 1508 asperitates,
1063 1436 1163 1507 itaque
1185 1434 1232 1503 lit,
1256 1444 1288 1493 ut
1310 1431 1384 1491 radii
1407 1450 1427 1492 a
1447 1448 1574 1509 corpora

208 1536 318 1597 magno
340 1518 498 1579 admodum
522 1518 628 1595 allapsi
652 1522 682 1577 in
704 1518 911 1579 altitudinibus
934 1518 992 1577 illis
1015 1536 1201 1595 nequaquam
1223 1518 1461 1591 contemnendis,
1494 1536 1575 1593 quae

208 1624 275 1667 sese
302 1618 405 1665 mutuo
433 1606 607 1665 collustrent
634 1608 818 1683 invicemque
848 1610 1049 1665 transmittunt
1075 1620 1176 1683 uotum
1203 1608 1317 1681 lumen,
1348 1620 1380 1665 ut
1403 1610 1424 1665 ii
1448 1608 1574 1682 iuquam

210 1694 287 1755 radii
308 1693 495 1753 reflectantur
517 1693 653 1751 omuibus
675 1692 770 1753 modis
793 1706 822 1755 et
840 1698 948 1753 circum
963 1712 1028 1754 aeae
1043 1696 1191 1755 insinuent
1206 1698 1352 1771 istamque
1367 1693 1574 1755 collustratio-

210 1800 278 1843 nem
301 1783 397 1859 ipsam
418 1781 476 1841 aiiii
499 1783 555 1857 ipsi
577 1790 768 1851 connectant,
800 1793 940 1857 tanquam
963 1800 1000 1841 ea
1022 1782 1143 1841 serretur
1164 1781 1202 1841 ad
1225 1800 1279 1841 noa
1302 1799 1321 1841 a
1342 1782 1479 1859 plurimis
1501 1798 1575 1857 sns-

210 1864 339 1945 sclav).
385 1867 500 1929 Deinde
523 1870 612 1927 etiam
635 1870 660 1927 si
685 1871 714 1925 in
738 1872 803 1943 ipsa
825 1869 910 1927 Luna
933 1869 1105 1927 reflexiones
1126 1880 1291 1929 statuamus
1313 1868 1493 1945 aequalibus
1514 1886 1576 1927 an·

209 1957 301 2033 gulia,
331 1972 390 2013 non
420 1955 603 2031 impossibile
631 1968 691 2027 est,
722 1955 821 2016 radios
849 1974 900 2031 per
929 1965 1043 2014 tautum
1072 1958 1257 2016 intervallum
1285 1956 1400 2017 delatos
1428 1956 1575 2016 flexiones

208 2046 352 2105 amouere
374 2052 404 2103 et
427 2044 603 2101 offensiones
618 2044 806 2101 circumcirca
816 2040 869 2109 ³⁰l.
893 2054 922 2103 et
945 2046 988 2103 sic
1009 2048 1203 2119 compositum
1226 2045 1311 2120 quasi
1335 2062 1400 2103 esse
1422 2054 1453 2103 et
1468 2042 1576 2119 splen·

210 2130 280 2193 dere
312 2124 473 2198 lumeo⁸¹l.
519 2128 661 2189 Nonnulli
690 2132 781 2189 etism
811 2130 912 2207 lignaria
942 2130 1101 2189 linearibus
1132 2130 1349 2201 demonstrant,
1380 2128 1461 2206 quod
1486 2130 1575 2189 Luna

208 2218 304 2279 multa
325 2234 445 2278 suornm
468 2216 611 2275 luminum
634 2220 663 2273 in
686 2216 806 2275 Terram
831 2218 965 2276 demittat
988 2220 1016 2275 iu
1040 2217 1132 2288 linea,
1155 2236 1233 2295 quae
1255 2218 1312 2278 suli
1335 2216 1473 2278 inclinem
1496 2218 1574 2277 tub·

208 2316 294 2369 unsa
315 2308 364 2363 alt.
395 2304 572 2363 construere
588 2320 658 2363 vero
681 2304 908 2365 delineationem
931 2304 1217 2380 interloquendum,
1240 2317 1270 2365 et
1292 2304 1349 2365 hoc
1372 2308 1447 2365 inter
1462 2306 1575 2365 multos

210 2408 415 2471 congerrones.
437 2408 495 2449 non
519 2402 582 2449 erat
603 2390 772 2467 expeditum
780 2386 831 2457 θ’).

314 2478 350 2539 ltt
373 2480 541 2539 universum
564 2493 635 2537 cero
657 2482 754 2545 miror.
777 2482 829 2551 ait,
853 2476 931 2553 quod
955 2478 1097 2537 bisectntn
1114 2478 1215 2537 Lunae
1230 2482 1359 2554 speciem
1374 2482 1404 2537 in
1424 2496 1480 2538 uos
1495 2480 1575 2539 inei-

211 2578 293 2643 iaut;
315 2566 390 2627 haec
412 2568 490 2625 enim
513 2584 572 2624 una
594 2584 661 2625 cum
684 2566 775 2641 gibba
797 2578 827 2625 et
849 2582 915 2625 cum
932 2564 1113 2624 corniculata
1128 2562 1288 2641 inciuir²⁸i
1320 2566 1395 2625 Sam
1411 2570 1437 2625 si
1456 2566 1574 2627 Lunam

210 2654 465 2717 astutiamque
488 2666 519 2711 ut
542 2653 650 2711 molem
672 2654 803 2729 aliquam
826 2652 983 2711 coelestem
1006 2666 1056 2711 aut
1081 2656 1206 2727 igneam.
1228 2670 1288 2711 non
1302 2654 1482 2729 relinqueret
1505 2672 1575 2715 um·

212 2744 331 2803 brnsum
354 2756 384 2801 et
406 2741 515 2800 lumine
539 2758 655 2799 cassum
679 2742 744 2816 cJus
766 2739 849 2817 globi
869 2743 1021 2799 semissem
1044 2738 1082 2797 ad
1105 2758 1232 2809 sensum,
1256 2740 1308 2801 sed
1331 2746 1458 2817 primum
1482 2754 1575 2819 atque

213 2828 261 2890 rel
293 2828 398 2889 leviter
430 2832 524 2905 ipsam
556 2832 718 2903 tetigisset.
750 2838 843 2887 lotum
874 2828 939 2901 ejus
968 2830 1119 2887 circuitum
1151 2826 1265 2903 impleri
1297 2832 1477 2889 conueniens
1510 2838 1576 2889 erat

213 2930 245 2977 et
266 2933 318 2993 per
345 2928 438 2973 totam
460 2918 541 2992 pasci
564 2914 686 2985 lumine,
722 2931 959 2991 quaquaversum
989 2914 1141 2973 incedente
1175 2928 1294 2991 propter
1320 2917 1487 2992 agilitatem
1518 2934 1573 2977 aen

209 3004 435 3083 proclivitatem.
480 3002 556 3061 Natu
584 3003 678 3063 sicubi
714 3008 812 3063 einum
844 3006 1028 3061 extremitate
1050 3019 1104 3060 sua
1126 3006 1254 3077 tetigerit
1277 3022 1404 3079 aquam.
1434 3018 1465 3065 et
1487 3014 1574 3075 enne

210 3093 364 3165 sanguinis
388 3092 418 3147 in
441 3088 591 3149 humorem
616 3090 728 3167 delapsi
758 3094 858 3147 statim
889 3101 983 3147 totum
1006 3087 1170 3151 decolorat.
1199 3094 1322 3163 sanguis
1345 3108 1419 3167 tque
1442 3093 1574 3153 colorem

210 3196 297 3239 auum
319 3175 414 3237 diluit.
438 3178 547 3237 lactusi
571 3174 800 3253 purpureue³⁸l
846 3175 947 3252 lpsuru
970 3192 1040 3233 cero
1063 3182 1160 3235 adrem
1188 3178 1272 3249 ajunt
1295 3196 1354 3237 uon
1377 3182 1405 3237 in
1430 3180 1574 3239 ducioni-

210 3268 267 3325 bua
289 3264 477 3341 quibusdam.
500 3282 596 3339 neque
619 3264 708 3323 radiis
723 3266 883 3339 pernrixtis,
905 3262 960 3323 sed
975 3266 1166 3322 conversione
1181 3278 1210 3323 et
1225 3271 1470 3325 transmutatione
1486 3270 1573 3327 aubi-

211 3366 301 3413 tanea
322 3352 473 3411 alumine
496 3352 629 3411 alterari:
653 3350 800 3427 quomodo
825 3364 929 3427 putant
951 3350 1048 3409 lrrtnen
1064 3368 1084 3407 a
1098 3350 1215 3413 lumine.
1239 3351 1322 3411 sidus
1344 3373 1363 3412 a
1386 3354 1483 3415 sidere
1506 3367 1573 3417 tac-

212 3452 288 3511 tant,
318 3456 377 3497 nou
400 3438 443 3495 illi
467 3442 647 3497 comariscori
678 3456 774 3513 neque
797 3438 996 3497 cttnt'usioncm
1019 3442 1081 3513 pati
1104 3456 1155 3515 per
1177 3450 1270 3497 toturn
1294 3453 1323 3499 et
1346 3448 1573 3503 transmutatio·

210 3546 288 3597 nem,
309 3526 363 3587 ted
386 3526 543 3585 illuminari
566 3526 632 3585 sola
654 3526 705 3583 illa
727 3526 976 3601 superficietenus.
999 3544 1076 3601 quae
1099 3526 1197 3583 lumen
1219 3530 1348 3589 artiserit
1596 3576 1602 3585 .

317 3612 413 3687 Quem
435 3616 512 3671 enirn
535 3613 587 3671 Sol
610 3616 732 3671 cucuitu
762 3630 817 3671 suo
840 3612 979 3671 circulum
1011 3612 1231 3671 illuminationis
1262 3631 1314 3688 per
1339 3614 1452 3676 Lunam
1475 3620 1573 3691 agitat

213 3713 243 3763 et
264 3704 470 3761 circumnectit.
495 3702 544 3793 qui
568 3702 643 3759 alias
666 3700 804 3759 cerincidit
825 3716 891 3759 curn
914 3718 965 3761 eo.
988 3702 1039 3775 qni
1061 3698 1200 3759 discernit
1221 3704 1373 3763 semissem
1395 3706 1460 3777 ejus
1484 3706 1573 3765 uobis

212 3792 403 3865 compiruum
418 3804 437 3845 tt
452 3790 573 3847 semisse
596 3787 746 3847 invisibili.
770 3787 844 3845 alins
866 3804 899 3845 se
921 3790 1006 3863 erigit
1029 3786 1066 3845 nd
1090 3799 1184 3845 rectos
1200 3788 1335 3852 annulos.
1359 3804 1391 3849 nt
1406 3804 1488 3851 aeeet
1503 3794 1573 3853 illae

211 3878 350 3935 semisses
375 3876 563 3949 riciaaimque
586 3890 700 3933 secetur
722 3876 761 3932 ab
784 3873 851 3939 illis.
874 3888 903 3931 et
927 3878 975 3949 qni
993 3878 1113 3931 rasistis
1130 3874 1367 3935 inclinationibus
1387 3878 1573 3939 habitudini-

213 3964 327 4037 busque
351 3966 443 4037 partis
465 3962 580 4019 lucidae
605 3962 641 4019 sd
665 3962 830 4019 unrurossm
853 3976 1052 4035 repraesentat
1069 3962 1173 4033 gibbus
1195 3976 1223 4019 et
1240 3964 1437 4023 corniculatae
1460 3970 1490 4025 in
1506 3972 1573 4045 iqua

215 4050 322 4125 figurat
346 4050 388 4125 qlti
410 4052 529 4123 inquam
553 4050 672 4116 circuli.
700 4050 755 4107 hae
779 4052 924 4105 sectiones
947 4062 977 4105 et
1000 4048 1056 4105 ltae
1078 4048 1189 4121 figurae
1232 4049 1305 4107 nihil
1328 4058 1422 4117 nattis
1445 4054 1574 4114 demon-

212 4150 315 4197 nnat.
338 4154 426 4212 quam
449 4138 514 4195 hoc.
538 4136 618 4211 quod
640 4154 699 4195 nott
714 4136 765 4195 tiat
780 4138 948 4193 commistio
972 4138 1120 4191 -o-aiusio·
1143 4136 1293 4195 luminunt.
1315 4138 1369 4195 sed
1384 4142 1482 4202 nudus
1497 4162 1573 4203 eon·

213 4236 311 4283 taetus
333 4228 427 4281 lunae
446 4246 463 4281 a
482 4226 582 4281 lumine
601 4226 684 4283 saus:
704 4234 733 4282 el
757 4222 835 4297 quod
859 4222 1033 4280 illuminatio
1059 4221 1158 4281 Lunae
1181 4240 1239 4281 uon
1256 4228 1397 4287 consum
1420 4232 1450 4286 itt
1472 4232 1572 4293 collu-

211 4316 309 4373 «πω
337 4314 407 4365 &ilis
425 4326 452 4365 et
471 4308 634 4373 umeri.
663 4310 717 4369 ted
746 4312 775 4367 in
809 4304 1178 4367 circuntllunrarionessi.
1235 4310 1384 4383 Quoniam
1415 4334 1487 4375 run
1511 4336 1572 4379 nnn

216 4412 330 4459 tantum
353 4398 534 4455 illuminatur
557 4402 638 4473 ipsa.
668 4396 832 4455 sedetiam
856 4398 912 4455 hue
935 4396 973 4455 ad
995 4414 1049 4453 ntra
1072 4396 1196 4455 demittit
1219 4400 1383 4473 splendoris
1404 4406 1452 4461 atti
1475 4408 1573 4467 siran-

214 4488 333 4545 lacrum.
358 4500 439 4543 tantu
462 4488 556 4555 magis
581 4490 697 4559 insuper
720 4482 887 4557 suppeditat
910 4486 1015 4541 rationi
1033 4484 1121 4541 mour
1136 4484 1364 4545 erindrmationis
1386 4492 1464 4549 eirea
1485 4510 1573 4553 sunt

213 4576 418 4633 cubantium.
461 4572 536 4631 aaa
559 4593 577 4629 a
600 4590 673 4629 rans
695 4586 724 4629 et
747 4574 877 4629 tenuium
900 4576 1025 4647 partium
1049 4574 1136 4629 mbas
1158 4572 1239 4630 nulla
1261 4572 1292 4629 tit
1315 4576 1449 4639 retlexio.
1473 4596 1573 4653 oeque

213 4660 300 4719 datur
320 4662 417 4719 lumen
439 4678 459 4719 a
481 4658 599 4719 lumine.
623 4672 674 4717 ant
696 4662 773 4731 ignis
795 4660 834 4715 ab
856 4662 924 4731 igne
946 4659 1088 4717 resiliens.
1113 4656 1187 4717 adeo
1202 4676 1238 4717 ne
1262 4662 1426 4723 imauinata
1449 4666 1573 4739 quidm

214 4748 271 4807 ase
292 4762 337 4807 est
359 4746 455 4809 laeile.
479 4744 532 4805 nd
553 4744 754 4821 corpulentum
777 4758 807 4803 et
830 4744 951 4803 densum
974 4758 1088 4821 oportet
1111 4763 1183 4803 esse.
1208 4746 1288 4819 qnod
1310 4765 1518 4825 repetem.
1542 4770 1573 4817 ῃ

215 4834 368 4897 dealem
394 4832 639 4900 &tatuit
668 4832 902 4893 incursura
932 4836 1416 4915 ipsnetrepereueialtipao.
1462 4842 1573 4923 tuq-0
