3308 5534
146 371 211 444 aad
498 325 505 337 ⁸
655 371 720 429 vra
736 369 852 433 rosum
870 367 990 440 aaran

146 552 235 614 nolae
264 569 384 629 precare
413 570 432 611 e
459 569 505 613 me
536 558 566 612 et
596 569 656 612 non
683 550 841 612 multorum
869 549 982 612 dierum
1011 546 1105 609 filiola
1133 544 1225 605 Anna
1256 543 1357 607 usu·
1389 545 1497 624 sinque

149 641 311 700 matercula
334 655 399 699 cum
422 639 521 699 multis
544 642 655 714 gratiis,
679 639 758 716 quod
781 637 846 714 ejus
866 639 949 697 vices
971 653 1045 695 uxor
1067 644 1119 694 tua
1132 641 1315 710 susceptura
1336 634 1431 707 tuerit,
1451 639 1498 694 uisi

148 729 261 788 Lucina
283 730 377 804 ipsam
401 727 580 803 impedisset,
604 729 646 786 uti
670 745 765 786 meam
789 722 944 802 impedivit
967 727 995 782 iu
1019 721 1199 800 excipiendis
1224 721 1408 797 conjugibus
1422 726 1498 783 etiu-

149 815 318 875 stauraudis
341 815 523 874 secundariis
546 816 665 892 nuptiis.
712 810 841 874 Eaedem
864 813 977 887 gratim
1000 818 1030 870 et
1052 810 1164 870 salutes
1187 825 1243 887 per
1266 818 1352 870 tuum
1375 810 1496 870 adsero-

148 921 208 963 rsm
232 903 296 977 ejus
320 902 439 963 viduam
463 919 548 978 porro
571 909 703 978 pergent.
749 901 787 960 D.
811 898 982 960 Bartschius
1007 915 1089 957 meus
1111 896 1188 956 adeo
1211 897 1315 956 sessus
1338 905 1385 957 eat
1405 918 1424 958 a
1443 896 1497 955 diu·

149 997 235 1049 turno
259 991 376 1062 itinere,
408 997 440 1049 ut
467 1008 534 1048 mea
556 1007 644 1048 mauu
668 989 778 1059 habeat
804 1004 880 1063 opus
903 988 933 1044 in
956 983 1155 1046 adscribenda
1181 985 1240 1043 tibi
1265 987 1389 1060 tuisque
1409 984 1497 1044 nlure

149 1075 297 1137 Litcrulas
327 1076 366 1135 ad
394 1076 484 1135 filium
509 1076 546 1135 D.
571 1076 742 1137 Bartschias
771 1075 919 1135 existimat
948 1090 1005 1133 nou
1027 1075 1135 1135 rectius
1166 1074 1284 1144 curari,
1317 1089 1408 1148 quam
1427 1071 1497 1129 siud

149 1165 187 1223 D.
212 1162 423 1223 Schiclrardum
446 1166 607 1237 mittantur,
632 1167 680 1224 cui
702 1163 794 1224 velim
815 1161 924 1223 addere
939 1160 1049 1233 literas,
1071 1163 1097 1220 si
1113 1168 1233 1236 tempus
1250 1158 1414 1235 haberem
1433 1158 1496 1218 adde

149 1250 286 1311 salutem.
332 1250 409 1309 Vale
433 1259 463 1310 et
484 1268 666 1327 prosperare.
712 1250 821 1326 dagani
845 1248 874 1311 d.
899 1255 927 1308 6.
952 1247 1024 1323 MaJi
1047 1265 1075 1307 a.
1101 1248 1196 1306 1630.

254 1337 447 1413 Keplerus
480 1339 721 1414 Berneggcro
756 1336 787 1397 S.
822 1336 856 1398 P.
891 1335 928 1394 D.
977 1335 1147 1393 Clarissima
1183 1332 1427 1407 amicissimeque
1456 1334 1497 1392 sir.

151 1423 265 1484 Litcras
288 1433 355 1483 tuas
381 1429 410 1485 8.
434 1424 514 1500 Sept.
537 1427 661 1500 scriptas
685 1425 799 1500 accepit
821 1422 1005 1483 Francoiurti
1027 1420 1106 1480 Frid.
1122 1419 1306 1479 Bartschius
1329 1419 1434 1478 ardua.
1465 1419 1497 1476 [a

150 1514 228 1572 euim
252 1513 459 1587 praemiseram
476 1511 567 1583 illum,
582 1502 625 1572 'ut
647 1510 791 1588 quidquid
807 1509 925 1570 tandem
941 1507 1141 1585 'l'ampachius
1157 1514 1239 1568 esset
1256 1507 1402 1578 tacturus,
1423 1524 1496 1583 pars·

151 1607 214 1658 tum
236 1616 282 1659 mc
307 1599 500 1659 ostenderem.
547 1592 659 1659 Cecidit
681 1607 794 1671 tamen,
823 1596 903 1674 quod
926 1615 961 1657 ex
984 1597 1130 1673 praesenti
1161 1612 1218 1654 usu
1252 1612 1322 1653 meo
1347 1611 1412 1654 csse
1432 1608 1497 1669 puro,

152 1688 265 1744 utinam
289 1693 367 1746 esset
390 1687 478 1746 etiam
502 1705 537 1745 ex
565 1685 775 1747 studiosorum.
818 1685 1008 1745 contractum
1037 1684 1104 1742 iniit
1124 1680 1307 1741 Bartschius
1337 1698 1405 1741 cum
1425 1680 1498 1741 ras-

151 1771 259 1849 pechio
283 1771 320 1831 de
342 1780 406 1832 toto
430 1791 527 1850 opere,
552 1790 638 1850 quem
662 1774 832 1834 confirmavi
853 1772 945 1832 literis
969 1770 1070 1848 Lipsia
1092 1771 1199 1830 missis.

256 1857 364 1933 Miror,
393 1877 470 1920 uunc
498 1860 657 1921 demuma
680 1870 709 1921 te
737 1861 915 1920 mentionem
944 1858 1006 1917 fieri
1038 1856 1188 1917 literarum
1216 1855 1307 1931 Majo
1335 1855 1496 1932 scriptum

154 1946 248 2022 Atqui
270 1948 389 2023 saepius
420 1950 531 2008 interea
553 1950 666 2025 scripsi.
711 1948 762 2019 De¹
779 1947 891 2024 Mappa
913 1945 992 2022 quod
1015 1947 1132 2020 quaeris
1155 1950 1201 2005 est
1224 1942 1298 2014 illa,
1330 1960 1421 2018 quam
1448 1954 1496 2000 rue

152 2033 309 2094 triennium
333 2037 453 2111 promisi
476 2037 505 2093 in
529 2035 624 2096 Tabb.
641 2034 719 2096 Rud.
744 2034 781 2095 ad
797 2035 906 2095 calcem
921 2039 1144 2112 praeceptorum
1161 2031 1198 2091 de
1215 2028 1362 2105 catalogo
1376 2029 1495 2089 locoru

262 2119 410 2197 Syuopsin
434 2122 473 2183 D.
491 2123 663 2182 Bartschius
687 2141 770 2183 meus
793 2122 831 2182 ed
854 2139 900 2181 mc
923 2119 1022 2180 retulit
1044 2128 1195 2192 causatus,
1220 2116 1332 2178 excudi
1348 2132 1496 2194 nonpon.

146 2206 209 2277 ‚nisi
233 2210 392 2267 etiamnum
415 2208 501 2268 aliter
523 2211 712 2284 describatur,
735 2216 944 2287 praetereaque
958 2206 1091 2267 inutilem
1110 2206 1280 2282 juventuti,
1303 2207 1362 2263 uisi
1378 2202 1496 2280 explum-

154 2301 218 2369 tur;'
241 2294 381 2368 iacturas,
405 2299 460 2354 nisi
485 2297 578 2371 lallor,
603 2298 680 2358 idem
704 2297 829 2370 lluclidi,
852 2296 956 2374 Papio,
981 2294 1154 2371 Apollonio,
1178 2292 1347 2363 Allrezeui,
1372 2309 1436 2351 nam
1456 2293 1496 2348 iu-

154 2383 270 2458 patieus
294 2388 338 2441 est
360 2383 453 2443 lector
475 2384 587 2444 talium.
632 2384 739 2445 Posset
761 2387 786 2444 si
809 2383 900 2445 vallet
922 2400 968 2443 me
990 2383 1113 2445 absente
1146 2379 1298 2440 excudere
1321 2381 1354 2438 iu
1378 2388 1496 2458 typogrs

153 2469 241 2546 pheio
265 2468 438 2545 Sagapensi,
461 2471 514 2531 sed
537 2480 619 2548 puto,
642 2490 740 2532 meum
763 2478 935 2548 exspectant
955 2469 1090 2530 reditum.

264 2554 386 2617 (iratam
410 2559 571 2635 amplector
592 2558 826 2637 hospitalitatem
849 2564 940 2619 tuam.
974 2557 1055 2617 Deus
1078 2573 1133 2616 vos
1150 2562 1285 2628 tueatur,
1308 2555 1497 2631 patriacum

154 2645 289 2704 miseriae
305 2647 485 2706 misercatur.
515 2646 604 2706 Nulla
627 2647 757 2707 conditio
780 2647 916 2722 quamvis
937 2645 1099 2721 longinqua
1121 2643 1179 2702 hac
1202 2659 1306 2703 rerum
1329 2642 1497 2701 humanum

154 2731 360 2799 incertitudine
384 2742 428 2792 cst
450 2732 641 2809 repudianda.
668 2770 705 2800 -‚
732 2734 778 2793 De
801 2733 954 2794 Luduvico
980 2731 1041 2791 filio
1065 2729 1135 2808 quid
1169 2731 1304 2791 scribam
1332 2747 1392 2789 uon
1414 2729 1498 2788 hora

155 2817 237 2876 Nihil
260 2817 311 2879 ille
335 2838 353 2878 a
376 2839 422 2880 me
446 2823 564 2896 nuperis
587 2821 679 2880 literis
701 2823 788 2897 petiit
810 2830 839 2882 et
861 2839 914 2898 par
936 2821 1143 2892 eratomnino,
1167 2820 1243 2892 quia
1259 2816 1453 2877 conditione·
1468 2826 1500 2873 er

155 2905 309 2981 amplexus
332 2924 368 2966 na
391 2916 514 2983 peteret,
560 2909 611 2966 Est
635 2916 731 2968 tameo
758 2909 863 2969 affecto
887 2925 1022 2984 corpore,
1053 2923 1160 2982 passus
1189 2922 1289 2982 nuper
1311 2905 1499 2967 hemiumret

156 3009 299 3070 oppressa
321 2993 520 3071 Wirtebergia
543 3013 645 3055 vereor
667 3004 700 3055 ut
722 3012 805 3055 soror
827 3014 893 3055 mea
914 2997 1009 3072 possit
1031 2993 1074 3052 illi
1098 2993 1278 3052 submittere
1302 2991 1376 3069 quid
1398 2990 1499 3050 &aare

155 3079 234 3156 apud
258 3081 346 3140 illam.
394 3083 458 3157 Age
482 3085 580 3155 igitur,
604 3084 746 3142 arbitratu
769 3090 820 3142 tuo
844 3091 926 3143 utere
947 3099 1060 3141 rursum
1084 3090 1176 3156 pater,
1201 3080 1296 3140 modo
1312 3099 1351 3140 nc
1368 3078 1498 3151 indulgere

153 3170 284 3227 nimium.
331 3167 443 3245 Quodsi
466 3170 507 3227 uil
530 3172 658 3245 petierit,
691 3168 834 3247 quidquid
861 3169 1009 3230 residuum
1039 3169 1093 3228 crit
1116 3166 1153 3226 de
1180 3175 1244 3226 100
1270 3167 1429 3244 (siquiden
1449 3164 1498 3220 illos

155 3271 244 3331 opera
261 3255 386 3331 Eggoldi
401 3252 574 3338 acceperis),
598 3257 626 3314 id
642 3276 729 3318 serva
752 3259 781 3315 in
798 3276 869 3316 usus
893 3259 991 3317 uxoris
1006 3264 1085 3330 tuae,
1109 3273 1187 3331 quae
1203 3253 1275 3315 loco
1297 3273 1394 3327 meae,
1415 3264 1497 3313 mter.

155 3340 316 3401 thalamum
339 3347 449 3421 nuptiis
473 3347 662 3419 instaurabit,
693 3348 719 3404 si
742 3347 823 3422 prius
851 3348 940 3406 etiam
968 3343 1065 3422 plures
1095 3360 1236 3402 nummos
1261 3342 1301 3401 ad
1325 3342 1383 3401 hus
1404 3352 1497 3400 eunt!

153 3430 328 3491 submisere.

260 3514 391 3593 Lipsiam
420 3519 487 3577 veui
517 3513 613 3595 elli.
638 3517 722 3592 Oct,
755 3519 860 3579 diverti
889 3517 968 3596 apud
999 3515 1123 3576 altemm
1156 3517 1384 3593 Bemcggerum
1405 3532 1496 3577 meant

154 3619 260 3662 nomeu
285 3605 327 3662 illi
351 3604 504 3682 Philippus
528 3606 644 3676 Miiller,
668 3605 744 3666 med.
767 3605 863 3666 licent.
888 3613 917 3666 ct
939 3605 1094 3682 professor.
1125 3604 1212 3664 Nunc
1237 3608 1268 3661 in
1286 3606 1436 3681 procinctu
1448 3619 1496 3660 aa·

154 3692 249 3749 iturus
274 3691 466 3750 Ratisbonam
491 3700 520 3750 et
544 3693 676 3752 Lincium
700 3694 826 3769 indeque
849 3692 887 3753 ad
910 3694 1023 3753 Ducem
1047 3695 1142 3752 etsie
1166 3691 1326 3764 Sagsuum
1351 3692 1386 3749 D.
1411 3689 1442 3745 V.

262 3779 361 3852 Rogat
382 3797 472 3849 ,ecncr
494 3798 585 3851 meus,
610 3789 643 3838 ut
664 3783 779 3852 mittam
801 3778 840 3839 ad
864 3788 892 3839 te
916 3780 974 3839 duo
1004 3779 1185 3854 exemplaria
1210 3779 1496 3855 ephemeridarum

153 3870 182 3921 te
206 3869 235 3921 et
257 3866 295 3922 D.
320 3867 479 3925 Schmldio.
519 3867 604 3927 Petet
628 3875 657 3928 et
680 3868 791 3927 Rcmm
813 3877 843 3927 ct
865 3868 942 3927 lilius
965 3885 1055 3929 meua.
1085 3867 1190 3925 Scribo
1215 3870 1310 3942 igitur
1326 3864 1496 3943 Tampaedie.

153 3951 250 4008 mittat
272 3961 399 4026 quatuor
414 3956 504 4030 partis
521 3953 711 4031 Sagauensis,
735 3955 804 4014 dum
819 3957 964 4016 rescribas
981 3964 1022 4024 tu,
1045 3971 1113 4011 num
1137 3955 1198 4011 siut
1216 3955 1405 4031 Argentinae
1417 3968 1497 4012 ereu-

153 4037 248 4112 plaria
270 4042 360 4116 partis
384 4040 551 4114 Linccnsis,
585 4062 661 4117 quae
689 4043 757 4103 addi
781 4045 911 4120 possint,
943 4049 975 4102 ut
996 4044 1034 4102 sit
1057 4049 1154 4101 tomus
1176 4042 1307 4119 integer.
1356 4039 1428 4100 Vale
1446 4053 1496 4096 m·

153 4125 278 4200 conjuge
302 4137 331 4188 et
353 4128 468 4200 liberis,
499 4132 675 4206 unicamque
697 4131 840 4192 ecclesiae
864 4130 1037 4203 anchoram,
1067 4146 1170 4206 preces
1197 4129 1240 4189 ad
1264 4131 1365 4191 Deum
1395 4144 1442 4207 pro
1460 4123 1497 4182 ide

152 4217 182 4269 et
203 4230 249 4271 me
272 4232 386 4274 mecum
409 4216 522 4275 fortiter
543 4219 646 4296 arripe.

261 4300 379 4378 Lipsiae
403 4302 450 4361 die
477 4300 595 4381 ¹¹·l21·
621 4304 687 4364 Oct.
711 4307 781 4365 anni
806 4310 899 4364 1630.

256 4398 354 4452 Anno
375 4401 467 4457 1630.
487 4403 560 4471 typis
580 4403 783 4470 Saqaaensibus
802 4419 904 4458 excusa
921 4402 1105 4472 cstEpistele
1118 4403 1157 4458 ed
1172 4402 1362 4460 Terentium,
1381 4404 1497 4472 quana?-

151 4482 268 4539 solutam
292 4486 409 4542 diximus
435 4490 490 4545 tine
516 4491 579 4545 auui
599 4491 683 4561 1627,
709 4498 737 4546 et
754 4488 972 4562 Epdemers'dem
990 4490 1057 4542 Pars
1076 4489 1111 4542 ll.
1131 4498 1159 4542 et
1178 4489 1232 4546 ΙΙΙ.
1272 4489 1305 4544 lu
1326 4490 1457 4559 lipisroiac
1472 4486 1496 4537 a!

151 4568 322 4624 Terreutium
347 4573 518 4630 dedicatione
541 4575 586 4644 (ad
610 4575 838 4634 Wallenstenium
863 4593 886 4634 s.
905 4575 943 4639 dl
962 4575 1092 4645 legimns:
1121 4571 1399 4649 Typographorum
1419 4570 1497 4628 uullrr

152 4669 217 4710 cum
240 4654 341 4728 proclo
364 4661 482 4732 proprie
499 4659 651 4735 Saganam
675 4669 707 4719 ut
729 4665 866 4721 transiret
891 4660 991 4720 induci
1013 4660 1119 4734 potuit.
1151 4658 1263 4735 Itaque
1281 4679 1349 4737 ego,
1373 4674 1404 4719 ut
1418 4658 1497 4733 ique

151 4738 295 4802 meridum
319 4748 533 4818 exspectationi
556 4748 765 4824 satisfacerem,
791 4749 880 4825 hujus
903 4758 934 4810 et
956 4748 1081 4807 aliorum
1105 4745 1234 4806 duorum
1259 4766 1404 4809 annorum
1418 4745 1497 4822 ἠὺ

150 4825 278 4893 merides
300 4830 527 4896 Fraacoiurtum
549 4833 587 4901 ad
610 4833 751 4905 Moenum
773 4838 924 4919 praemisi.
954 4835 1118 4915 Paruum
1142 4831 1272 4899 Octobri
1293 4853 1395 4901 w
1407 4845 1496 4913 “W
