3308 5534
747 392 827 454 1017.
841 393 927 467 1018,
1007 427 1010 432 ·
1442 391 1509 467 801

147 576 295 637 Amano:
313 573 396 637 cum.
409 571 577 635 laboriosae
598 589 659 634 nou
681 573 778 635 minus
800 589 893 652 quam
913 579 1086 637 sumtuosae
1114 573 1174 634 siut
1203 571 1347 645 editiones
1368 571 1511 652 huiusce·

147 661 241 736 modi,
264 679 301 723 ex
323 679 384 723 uua
405 669 488 740 parte
515 659 661 741 solitudo,
691 678 727 722 ex
749 660 843 725 altera
866 665 962 724 tennis
990 681 1038 724 res
1064 679 1148 738 mee,
1179 661 1352 725 difficillima
1379 662 1512 725 iecerunt

146 751 295 829 principia
315 752 474 829 pepigique
496 751 671 810 necessitate
693 749 863 828 compulsus
886 766 952 811 cum
975 749 1139 829 bibliopola
1152 749 1337 831 Augustauo,
1360 757 1396 812 ut
1409 767 1511 812 exem·

146 834 231 916 ρΙιιιιι
245 836 396 916 Epitomes
411 837 500 914 hujus
515 836 615 897 ederet
629 838 690 896 suis
705 837 860 913 sumtibus,
876 836 956 916 qnod
972 846 1049 899 etse
1068 839 1214 899 iacturum
1229 841 1341 917 recepit
1361 846 1391 900 et
1405 838 1512 918 Epito-

147 940 217 987 tusu
240 923 319 986 itane
341 924 535 985 nundinarum
557 925 844 985 Francosurteusium
867 925 1004 1003 catalogo
1026 933 1095 988 aute
1111 926 1186 987 duos
1199 926 1326 1006 amplius
1348 942 1441 988 annor
1463 927 1513 987 iu·

146 1013 252 1075 seruit
275 1011 468 1074 Commodum
485 1019 584 1072 autom
597 1014 766 1090 supervenit
785 1013 871 1073 nobie
886 1014 1098 1094 typographus,
1113 1030 1173 1092 quo
1189 1022 1341 1093 praebente
1356 1013 1429 1075 mihi
1443 1030 1512 1076 cor·

146 1101 280 1163 rectioue
294 1102 356 1179 typi
371 1109 401 1162 et
415 1100 570 1179 multiplici
585 1099 743 1160 relectione
757 1101 874 1178 sperari
895 1118 942 1162 me
963 1102 1137 1179 porrectiore
1153 1109 1182 1162 et
1197 1101 1397 1163 emendatiora
1412 1102 1513 1164 omnia

146 1187 359 1251 exhibiturum.
390 1188 484 1264 Atqui
506 1195 608 1247 contra
629 1186 793 1266 bibliopola
808 1204 892 1248 meos
914 1193 1041 1265 gravari,
1064 1189 1145 1266 quod
1167 1189 1261 1250 Lincii
1276 1197 1391 1250 sumtus
1412 1195 1512 1252 meur

148 1274 279 1337 iaciendi
303 1283 332 1336 et
353 1277 481 1352 majores
505 1284 534 1336 et
556 1279 723 1353 importuno
745 1273 822 1351 loco,
846 1292 943 1352 neque
965 1283 1064 1337 menen
1079 1279 1226 1338 remittere
1248 1277 1320 1337 mibi
1334 1280 1510 1355 pactionem,

112 1414 118 1421 .
146 1380 247 1440 usque
272 1363 331 1440 juri
359 1380 413 1422 suo
444 1362 480 1421 de
508 1362 611 1422 libello
641 1360 813 1424 excudendo
850 1365 1035 1439 renunciare,
1077 1365 1246 1442 tactumque
1275 1365 1512 1427 cunctationibus

146 1451 251 1524 sonu,
274 1458 308 1510 ut
329 1449 403 1510 haec
425 1449 519 1510 solius
542 1449 693 1510 doctrinae
716 1450 886 1529 sphaericae
908 1451 998 1511 editio
1022 1469 1076 1512 nec
1104 1454 1280 1531 inciperetur
1301 1461 1371 1514 aute
1393 1455 1512 1531 sesqui·

149 1554 263 1599 uuum
286 1555 305 1597 a
328 1539 463 1615 pactione
486 1545 588 1598 nostra
611 1545 640 1598 et
662 1540 780 1615 incepta
801 1537 877 1597 ultra
892 1555 1002 1598 annom
1024 1539 1148 1600 alterum
1170 1539 1343 1614 traheretur,
1366 1540 1511 1619 adeoque,

147 1626 208 1685 uisi
229 1631 343 1704 partem
365 1632 515 1693 sumtuum
537 1627 600 1704 ipse
629 1624 864 1704 suppeditassem
893 1643 1057 1704 operasque
1087 1644 1176 1705 quam
1199 1630 1283 1706 potul
1305 1627 1512 1691 commodissi-

147 1730 216 1775 ω
237 1710 453 1785 conduxissem,
478 1713 648 1790 imperfecta
671 1715 831 1773 etiamnum
853 1721 980 1774 exstaret
1002 1713 1102 1775 editio.

257 1831 340 1898 tila
374 1833 493 1894 Mortua
523 1833 585 1893 filia
617 1833 786 1895 catharina.
831 1834 940 1913 Scripsi
972 1842 1002 1895 et
1031 1834 1118 1897 edere
1147 1837 1232 1916 coepi
1254 1835 1511 1902 Harmoniam.

148 1920 210 1984 Die
234 1926 265 1985 8.
279 1920 381 1982 Martii
405 1924 504 1982 animo
527 1928 669 2001 concepta
691 1924 840 2001 proportio
863 1929 1027 2001 temporum
1050 1922 1264 2001 periodlcorum
1287 1925 1325 1985 ad
1345 1927 1513 2007 proportio·

148 2026 220 2071 ιιιιιιι
241 2008 476 2083 intervallorum,
500 2010 548 2070 die
575 2015 623 2071 ib.
646 2009 720 2087 Maji
744 2009 858 2070 calculo
882 2011 1073 2089 comprobata
1096 2018 1166 2083 est„

254 2108 421 2164 Harmoniae
443 2108 513 2163 liber
530 2107 576 2163 IV.
596 2125 619 2164 c.
642 2109 725 2165 iiuem
749 2109 814 2164 anui
837 2124 956 2165 excusus
975 2116 1025 2165 eat.
1054 2104 1089 2164 In
1104 2105 1180 2167 libro
1197 2105 1233 2181 V,
1258 2109 1353 2167 scribit
1375 2110 1513 2182 Keplerus

148 2192 277 2253 Bisucbo
300 2196 378 2252 initio
403 2197 504 2252 mensis
528 2198 701 2269 Decembris,
728 2194 810 2253 tarde
823 2191 1050 2272 progrediuntur
1065 2209 1190 2271 operae;
1207 2196 1307 2273 accipe
1321 2195 1369 2255 bic
1384 2196 1511 2273 primum

147 2280 219 2358 eins
241 2279 345 2339 toltum
368 2282 458 2358 idque
481 2297 547 2340 cum
577 2280 746 2359 bibliopolis
777 2283 970 2342 communica
1015 2279 1160 2341 Tradetur
1188 2288 1281 2342 totum
1306 2274 1380 2360 opus
1403 2281 1515 2342 biblio·

147 2365 238 2447 poiae
262 2367 501 2428 Francosurtensi
531 2367 767 2444 distraheturque
798 2370 874 2429 inter
902 2366 1095 2447 bibliopolas,
1126 2370 1176 2445 qui
1204 2376 1309 2448 postea
1333 2370 1459 2448 pretium
1482 2368 1513 2428 ln

148 2456 326 2515 immensum
349 2454 513 2516 intendunt.
544 2455 609 2515 Non
633 2457 792 2517 connivere
814 2473 945 2535 possum,
970 2463 1002 2514 nt
1024 2455 1271 2535 recudaturopus
1289 2455 1431 2530 initalia,
1453 2460 1513 2517 nort

149 2540 315 2603 divenditis
339 2546 384 2618 iis,
407 2556 485 2621 quae
507 2551 625 2604 exalent
647 2545 678 2603 iu
702 2543 870 2617 Germania,
894 2545 1019 2603 nisime
1043 2546 1138 2619 ipsum
1162 2546 1312 2622 impensis,
1335 2561 1411 2620 quas
1425 2560 1513 2621 mag-

147 2646 204 2691 uus
227 2633 378 2705 sustineo,
409 2634 526 2710 privare
556 2631 654 2692 velim.
699 2631 883 2705 Praestaret,
911 2631 973 2708 jam
996 2633 1096 2690 stetim
1121 2649 1172 2710 per
1193 2638 1370 2693 mercatores
1392 2630 1515 2692 Italicos

148 2716 282 2795 aliquem
312 2735 465 2779 numerum
498 2723 527 2778 in
557 2718 676 2780 Italiam
706 2717 868 2798 deportari,
901 2718 1099 2780 intercedente
1126 2726 1280 2798 praesente
1309 2721 1435 2798 pecnnia
1460 2722 1515 2780 aut

147 2806 311 2887 sponsione
333 2805 449 2868 idonea.
473 2824 516 2853 —·

258 2915 291 2970 lu
310 2914 365 2971 fine
388 2914 450 2971 libri
467 2914 500 2970 V.
518 2913 685 2970 Harmoniae
702 2913 832 2985 legimus:
856 2908 1034 2970 Absolutum
1059 2916 1105 2970 est
1126 2909 1184 2971 hoc
1207 2928 1282 2989 opos
1298 2908 1345 2970 die
1362 2908 1511 2989 tibiali,

148 3001 268 3065 mrbus
292 3016 362 3059 vero
385 2999 459 3059 liber
476 2999 511 3060 V.
535 3000 664 3071 (interim
688 2997 757 3057 dnm
780 2998 809 3056 in
833 3015 868 3059 eo
892 3000 956 3077 typi
980 2995 1218 3076 progrediuntur)
1245 3004 1295 3061 19.
1311 2998 1398 3058 Febr.
1418 3004 1513 3061 tete.

255 3097 298 3154 De
323 3096 481 3167 sculpendis
505 3098 599 3166 figuris
624 3097 659 3153 ad
677 3096 854 3153 Harmoniam
879 3097 1081 3168 pertinentibus
1105 3098 1162 3169 epit
1183 3097 1323 3169 Keplerus
1346 3113 1397 3170 per
1418 3098 1514 3157 literae

148 3185 266 3259 (purtim
290 3184 459 3256 deperditas)
486 3202 547 3241 cnm
566 3184 734 3242 Schiclrardo
756 3199 807 3255 per
830 3199 938 3240 menses
956 3182 1133 3257 ianuarium,
1157 3185 1302 3259 Martium,
1321 3185 1468 3245 Octobrem
1486 3192 1516 3245 et

147 3273 340 3331 Decembrem.

254 3359 463 3430 Prognosticum
488 3360 516 3415 iu
535 3364 622 3415 dunos
641 3360 711 3417 1018
729 3365 758 3417 et
775 3357 927 3432 Adlidcir.
946 3359 999 3416 vol.
1018 3360 1041 3415 1.
1063 3377 1090 3430 p.
1111 3360 1161 3416 181
1184 3362 1236 3431 ιι.)
1261 3360 1361 3418 obtulit
1378 3360 1516 3433 Keplarue

149 3446 295 3509 ordinibus
314 3446 467 3512 Linciauis,
492 3448 538 3516 qui
557 3462 607 3518 pro
628 3445 795 3513 ,dedicirteu
812 3447 867 3502 rud
886 3447 1030 3503 rerebrten
1051 3446 1198 3503 Celender“
1218 3448 1340 3519 Keplero
1359 3449 1387 3508 d.
1407 3453 1432 3508 5.
1450 3450 1515 3508 Jau.

150 3538 186 3597 bt
202 3536 325 3593 florenos
343 3546 546 3591 concesserunt.
560 3565 593 3573 —
608 3533 704 3589 Sidera
722 3534 886 3592 observabat
898 3534 986 3590 Lincii
1004 3533 1100 3589 diebus
1119 3535 1321 3592 continuisti.
1336 3537 1411 3606 Sept.
1429 3552 1518 3609 nsque

149 3624 186 3683 td
202 3623 290 3680 diuam
308 3623 385 3693 auui;
404 3629 525 3678 cometae
543 3629 601 3676 tum
620 3631 677 3676 tres
695 3622 724 3678 iu
741 3622 819 3678 coelo
837 3629 1033 3694 apparuerunt.
1053 3622 1172 3678 Primum
1192 3625 1336 3695 conspexit
1348 3622 1376 3682 d.
1392 3625 1416 3682 l.
1429 3625 1515 3703 sept,

151 3712 305 3777 muudum
324 3713 350 3768 d.
370 3713 413 3770 20.
432 3711 511 3782 Nou,
530 3712 640 3766 tortium
659 3710 703 3765 die
722 3711 766 3769 29.
784 3711 956 3767 Nouembris.
980 3709 1139 3765 Perliteras
1159 3712 1214 3780 egit
1227 3711 1364 3781 Keplerus
1377 3711 1430 3768 hoc
1442 3727 1515 3768 anuo

149 3816 214 3861 enm
227 3800 330 3856 Pisano
350 3799 384 3855 de
403 3799 509 3869 opimis,
530 3815 591 3854 cum
605 3800 745 3868 Miugonio
760 3802 794 3869 (r.
808 3803 840 3872 s.)
861 3801 894 3855 de
907 3798 1023 3869 sulari03
1043 3799 1200 3868 lilingonius
1212 3815 1305 3854 meuse
1318 3799 1393 3855 Maio
1406 3799 1514 3857 scribit:

149 3930 201 3953 ...
215 3930 226 3949 .
241 3929 270 3947 ..
291 3887 413 3955 ,Poterit
438 3888 593 3942 Dominatio
619 3887 718 3942 Vestra
738 3885 826 3942 Lincii
854 3887 905 3944 100
923 3884 951 3940 fl.
970 3887 1110 3957 recipere,
1134 3902 1218 3956 quos,
1244 3893 1309 3957 post
1332 3886 1433 3943 multos
1458 3902 1514 3942 am·

150 3976 227 4039 bitus
245 3986 274 4032 st
291 3991 389 4048 preces
407 3992 425 4031 a
442 3991 550 4031 camera
571 3974 661 4030 erolica
680 3974 715 4029 ad
734 3974 896 4030 austriaesm
920 3973 1074 4043 projeetus,
1099 3974 1209 4029 taudem
1228 3989 1246 4028 a
1263 3973 1394 4029 ministris
1416 3973 1514 4032 salium

147 4064 179 4123 in
194 4079 315 4136 maguae
338 4063 471 4118 amicitiae
494 4069 522 4118 et
542 4065 645 4132 gratiae
669 4062 776 4131 siguum
799 4062 899 4131 recepi.
934 4061 966 4116 Iu
989 4068 1085 4117 nostra
1107 4061 1170 4116 aula
1188 4061 1240 4116 dea
1262 4060 1419 4117 nummonia
1443 4060 1512 4119 ntis

150 4159 286 4224 upum
308 4149 392 4206 habet
416 4166 512 4206 manus
537 4158 564 4205 et
587 4165 712 4220 voraces,
737 4149 777 4205 ita
799 4147 995 4218 utaliquando
1014 4153 1077 4204 aute
1100 4149 1283 4219 receptionem
1301 4156 1446 4205 evanescat
1462 4145 1507 4203 rel

152 4240 314 4301 &suarm
332 4237 503 4294 beneficium.
540 4235 716 4307 Exemplaric
734 4235 908 4305 (calendarii)
927 4235 1031 4300 omnia,
1057 4234 1211 4305 quaemihi
1234 4235 1397 4303 transmisit,
1422 4233 1515 4307 recepi

153 4334 182 4385 et
196 4328 226 4385 8.
245 4325 287 4384 tt.
304 4334 334 4383 et
351 4327 464 4395 reliquis
484 4326 579 4382 aulicis
598 4325 756 4395 consignavi
775 4323 885 4378 nomine
903 4322 982 4378 Dom.
1000 4323 1126 4378 Vestrae.
1140 4322 1236 4377 -His
1255 4321 1338 4377 Juuio
1356 4320 1433 4377 addit
1444 4320 1514 4377 Min·

156 4415 268 4487 mina:
295 4414 430 4470 Pecunies
449 4415 618 4484 scripserunt
638 4421 797 4482 quaestores
816 4428 867 4483 pro
887 4409 988 4467 salario
1008 4409 1113 4480 aulico,
1137 4409 1217 4480 cujus
1236 4409 1336 4466 solutio
1355 4408 1428 4479 apud
1445 4408 1515 4465 istos

157 4499 437 4561 momentaneos
455 4500 574 4557 habetur
591 4518 641 4572 pro
659 4503 778 4557 maxima
795 4500 892 4572 pratia
923 4498 965 4554 Eo
985 4497 1150 4568 devenimus,
1170 4504 1202 4552 ut
1219 4496 1395 4567 promeritam
1412 4509 1514 4551 meroe·

161 4584 217 4647 itur
235 4586 425 4647 adscribamus
444 4588 578 4644 beneficio
581 4630 671 4647 .....
707 4589 789 4645 Dolui
808 4604 843 4643 ex
860 4585 944 4643 corde
969 4585 1041 4655 quod
1059 4586 1094 4643 D.
1113 4585 1147 4642 V.
1167 4600 1199 4640 eo
1225 4583 1412 4654 angustiarum
1431 4580 1515 4637 fuerit

160 4674 280 4747 muta,
306 4682 338 4731 ut
360 4675 396 4731 ad
417 4691 509 4746 regem
526 4675 642 4744 Augilas
665 4682 693 4731 et
717 4683 827 4732 exteros
851 4674 978 4732 statuerit
1003 4674 1188 4730 nmsmittere
1211 4686 1282 4742 opus
1305 4667 1514 4741 imprimeudum

161 4760 351 4835 (Hmouiam)
370 4769 421 4819 etc.
441 4762 498 4832 (cir.
517 4763 571 4818 rol.
589 4763 623 4820 V.
641 4781 669 4834 p.
688 4765 742 4832 57).
783 4763 893 4820 Literae
911 4761 1024 4832 Kepleri
1047 4760 1082 4816 ad
1104 4760 1274 4830 Minpouium
1298 4759 1406 4817 desunt.
1446 4755 1514 4812 Cum

161 4844 256 4927 Remo,
276 4850 382 4939 Crusio,
398 4848 518 4909 Beseldo
537 4857 566 4909 et
580 4851 679 4909 comite
696 4850 809 4910 Aleraui
825 4849 967 4922 (Blaucbol
988 4848 1139 4921 disputarit
1156 4847 1292 4919 Keplerna
1314 4846 1349 4907 de
1366 4842 1515 4904 nemone

257 4954 261 4959 ·
1254 4934 1307 4994 00*
