3308 5534
423 386 603 450 sonnacium
619 388 757 447 ldisturise
774 388 963 447 Aubunomise
982 388 1073 447 seculo
1091 390 1162 447 xvi.
1417 394 1482 466 565

172 578 220 635 m,
237 566 300 625 relnt
316 584 351 625 cx
369 566 505 625 radiorum
523 568 715 623 intersectione
733 572 819 637 patet.
855 568 928 623 Hinc
944 566 1012 623 illud
1030 565 1167 637 sequitur,
1190 574 1222 623 ut
1238 568 1303 626 Sole
1319 586 1371 641 pec
1387 572 1480 643 qnule·
1541 534 1544 546 Ι

171 670 246 725 terque
254 656 370 713 foramen
383 657 515 724 radiante,
533 672 589 726 quo
600 656 710 727 longius
721 674 739 713 a
750 656 882 714 toramine
893 656 962 711 radii
974 658 1166 731 processerint,
1186 674 1219 715 eo
1231 662 1318 733 megia
1329 660 1357 715 in
1369 661 1481 731 planum

169 740 248 815 c'rtalo,
263 746 308 815 qui
326 746 457 801 terminus
476 754 518 801 eet
535 745 667 801 rudiuntis
686 744 847 815 superficiei,
864 744 1025 817 parallelum
1042 748 1166 817 projecta
1183 750 1231 805 lux
1250 749 1286 805 ad
1298 748 1420 819 ejusdem
1432 750 1482 807 cir·

128 872 131 880 .
167 830 316 891 cniiormam
334 836 447 905 propius
471 835 584 890 accedat
600 850 633 889 uc
650 834 761 891 tandem
785 833 908 905 perfecte
931 834 1070 901 circularis
1093 840 1238 905 appareat:
1263 836 1482 906 quandoquidem

165 918 254 978 bunun
268 930 397 993 respectu
415 922 513 979 soleris
530 922 722 991 magnitudinis
740 922 905 979 insensibilis
924 924 960 978 sit
977 924 1162 991 quantitatist
1188 924 1230 979 De
1248 924 1397 982 reflexione
1415 926 1483 983 haec
1591 966 1598 979 .

162 1008 249 1079 prniert:
267 1020 379 1083 propter
396 1010 534 1067 levitatem
552 1012 644 1067 rudius
662 1014 690 1067 in
707 1013 878 1083 superficiem
897 1015 997 1070 cadens
1021 1012 1175 1083 expellitur.
1212 994 1315 1069 Radius
1332 1016 1482 1085 perpendi-

160 1098 232 1155 trlrris
248 1100 275 1155 in
292 1116 323 1156 se
341 1100 431 1170 ipsum
448 1099 606 1169 reflectitur,
625 1101 752 1171 obliquus
770 1100 805 1155 ud
823 1101 964 1170 aequalem
982 1099 1167 1157 inclinationis
1180 1102 1307 1170 angulum
1324 1099 1482 1159 reflectitur.

158 1184 244 1243 dedis
260 1204 380 1245 concavo
402 1188 514 1259 speculo
539 1189 634 1245 reflexi
656 1190 683 1243 in
708 1196 839 1259 punctum
860 1196 1032 1244 concurrunt.
1069 1189 1102 1243 ln
1121 1190 1279 1258 catoptricu
1300 1190 1429 1259 pleraque
1448 1208 1482 1247 ex

156 1272 246 1333 Euclide
270 1290 322 1333 sen
340 1277 486 1333 Vitellione
510 1277 649 1333 desnmsit.
685 1276 824 1341 Aifirmut,
849 1276 965 1343 angulus
989 1276 1194 1333 inclinationum
1213 1292 1273 1333 esse
1290 1278 1483 1335 inductionum

155 1364 237 1435 ungulis
261 1365 495 1437 proportionales,
520 1384 601 1435 qnam
626 1368 759 1421 rationem
784 1367 824 1421 itu
850 1366 1031 1434 demonstret,
1059 1371 1089 1422 nt
1106 1366 1199 1422 orbem
1217 1366 1403 1423 concludendo
1421 1382 1483 1423 eum

154 1450 244 1507 uicisse
267 1452 353 1511 dicus.
394 1451 473 1507 Iludii
498 1470 547 1522 per
570 1453 735 1522 diuphurrum
760 1454 903 1524 globosum
930 1463 1105 1513 transeuntes
1135 1456 1216 1512 fructi
1241 1474 1295 1512 non
1318 1462 1485 1514 concurrunt

153 1538 204 1595 intra
217 1540 336 1609 globum,
355 1540 378 1593 ai
397 1555 432 1596 err
452 1556 505 1595 uno
524 1548 625 1610 puncto
651 1548 752 1597 exeunt
769 1557 819 1597 seu
836 1552 919 1599 unteu
937 1544 1060 1613 paralleli
1072 1544 1189 1613 luerent,
1207 1545 1372 1601 contrarium
1384 1546 1483 1614 evenit,

152 1626 239 1683 siredii
255 1628 382 1697 paralleli
407 1629 478 1682 intra
502 1628 611 1698 globum
636 1629 801 1701 diuphnnum
827 1632 862 1686 ub
887 1647 918 1685 eo
944 1640 1052 1687 exeunt.
1089 1634 1132 1688 lle
1154 1632 1223 1689 iride
1245 1632 1320 1687 varis
1337 1631 1484 1687 l'itellione

153 1716 204 1773 duce
219 1718 356 1789 proponit,
375 1736 398 1771 r.
419 1735 442 1773 c.
462 1717 566 1773 solutes
584 1718 676 1773 radios
694 1720 721 1773 in
740 1719 857 1775 recidam
876 1721 976 1775 nubem
995 1719 1123 1776 audentea
1141 1718 1176 1774 ud
1194 1719 1332 1787 angulum,
1350 1720 1398 1787 qui
1415 1718 1484 1775 recti

150 1806 267 1863 diuidinm
287 1813 343 1873 eat,
366 1805 486 1875 undique
504 1804 539 1859 ad
558 1806 666 1861 oculum
686 1808 819 1864 rciruetos
842 1809 937 1863 iridem
956 1823 1087 1878 generare
1105 1814 1187 1877 atque
1205 1808 1267 1863 ideo
1285 1806 1380 1861 iridem
1398 1806 1484 1863 circu·

149 1892 216 1952 larem
232 1896 325 1951 rideri.
362 1896 473 1952 Colores
492 1896 555 1951 orici
572 1895 716 1966 multiplici
735 1896 898 1953 refractione
916 1898 1065 1964 rudiorum,
1089 1913 1143 1967 qua
1159 1896 1228 1951 radii
1245 1894 1389 1950 validiores
1407 1894 1483 1951 daut.

148 1980 253 2049 unsuor
270 1980 377 2039 colores
402 1984 565 2052 praecipuos
582 1984 659 2041 iridis
678 1984 836 2053 dcstinguit,
863 1984 961 2051 quihus
980 1984 1112 2039 accedunt
1131 1992 1186 2039 tres
1209 1983 1255 2038 alii
1273 1982 1355 2039 medii
1371 1983 1486 2045 colores,

147 2071 207 2137 qnasi
218 2070 342 2125 binorum
354 2070 561 2139 praecipuorum
575 2071 768 2127 connexiones.
798 2072 917 2140 ,Orguni
931 2072 1057 2126 visualis“
1071 2080 1234 2128 structuram
1247 2076 1360 2127 auctura
1373 2069 1484 2127 Andrus

147 2156 251 2213 lessulio
268 2156 441 2213 Bruxellensi
465 2158 601 2213 describit.
637 2160 784 2214 Humorem
808 2160 994 2229 crystallinum
1019 2160 1193 2231 praecipuum
1213 2159 1305 2215 sedem
1329 2160 1403 2214 viscus
1422 2171 1483 2213 esee

146 2245 280 2311 contendit,
305 2251 333 2301 et
351 2244 481 2313 imagines
506 2252 661 2302 exterorum
679 2245 847 2315 objectorum
865 2247 939 2303 lente
958 2247 1047 2317 frangi
1064 2255 1092 2303 et
1109 2248 1136 2302 in
1149 2246 1264 2301 retinam
1276 2244 1365 2315 rejici,
1382 2245 1483 2301 lentem

146 2340 220 2387 entem
245 2332 430 2405 crystallinum
458 2340 598 2405 comparat
624 2351 686 2391 cum
713 2334 788 2389 vitris
812 2336 1037 2405 perspicillorum.
1079 2336 1217 2405 blyopium
1240 2334 1350 2390 deducit
1367 2348 1384 2387 s
1401 2333 1483 2390 lentis

146 2421 300 2477 convexitate
317 2420 380 2491 plns
394 2439 475 2491 quum
489 2424 574 2492 juste,
594 2439 647 2491 qna
664 2421 734 2476 redii
752 2424 779 2477 in
798 2439 880 2479 neruo
898 2424 971 2479 risus
990 2432 1045 2478 turn
1064 2440 1149 2493 prope
1167 2427 1339 2491 convergunt,
1360 2428 1390 2477 ut
1408 2422 1483 2477 usus

146 2506 260 2565 obscurus
277 2509 340 2581 fiut3
362 2510 410 2578 qui
428 2526 492 2564 vero
510 2508 641 2579 pupillam
660 2508 693 2563 de
712 2510 808 2579 mejeri
825 2512 942 2579 sphaera
960 2520 1076 2567 sumtum
1098 2510 1230 2578 habeant,
1254 2509 1287 2563 iis
1306 2508 1482 2579 cxpcnaiores

144 2596 218 2651 udins
234 2596 386 2665 adiungius
399 2596 578 2667 spectandum
592 2596 666 2665 ferri,
684 2614 819 2653 concursu
834 2600 893 2667 jum
905 2598 1049 2669 protelato.
1074 2597 1265 2653 Diversitatcm
1284 2598 1358 2652 visua
1377 2594 1483 2651 udolea·

145 2682 246 2737 centium
263 2698 297 2739 uc
315 2700 410 2740 senum
429 2684 493 2738 oriri
511 2699 545 2738 ex
562 2685 704 2755 pupillaris
722 2686 824 2740 formae
842 2688 1004 2756 mutatione,
1028 2685 1160 2755 siqnidem
1183 2685 1210 2738 in
1229 2683 1340 2739 senibus
1362 2682 1483 2739 humoris

145 2771 252 2825 remissio
270 2772 392 2825 remittet
408 2771 531 2827 nonnihil
548 2772 576 2827 in
593 2773 699 2842 pupilla
716 2774 838 2829 tumoris.
869 2772 970 2828 Addita
988 2781 1052 2829 sunt
1069 2774 1113 2829 his
1131 2771 1363 2843 disquisitionibus
1376 2770 1483 2842 proble-

145 2869 202 2913 rrutu
218 2860 351 2929 quaedam
369 2857 405 2914 ad
421 2860 621 2930 perspectivam
640 2866 668 2914 et
685 2861 780 2915 iridem
799 2861 967 2930 spectantia,
987 2861 1113 2929 equibus
1126 2877 1209 2915 unum
1227 2868 1331 2915 tuntum
1351 2860 1483 2928 eligimus,

144 2944 228 3016 inquo
246 2946 281 3003 de
299 2947 438 3003 coloribus
455 2948 532 3004 iridis
550 2949 603 3005 hoc
621 2950 765 3004 asseritur:
785 2950 930 3014 ,Celerum
949 2951 1065 3005 ruricius
1085 2966 1138 3004 nou
1157 2950 1289 3019 provenit,
1308 2948 1360 3003 nisi
1371 2954 1484 3019 propter

144 3032 320 3103 nuunodam,
339 3036 505 3105 reciprocam
517 3053 549 3093 ac
561 3036 663 3106 pluries
677 3038 820 3106 repetitam
833 3040 970 3093 radiorum
983 3038 1224 3107 repercussionem,
1236 3037 1277 3091 uti
1289 3036 1321 3091 fis
1332 3036 1360 3091 in
1373 3034 1483 3105 quibus-

145 3118 193 3175 deur
208 3122 323 3193 guttulis
341 3122 488 3177 herburum
508 3134 535 3179 et
552 3126 580 3179 in
601 3125 747 3195 diuplruuis
764 3126 858 3181 vitreis
882 3134 930 3181 uut
952 3126 1116 3196 crystallinis
1142 3125 1233 3196 politis
1257 3124 1431 3194 corporibus,
1454 3124 1482 3180 in

145 3212 226 3281 quibua
243 3213 312 3270 radii
330 3212 513 3283 ingredientes
532 3213 702 3282 franguntur,
721 3222 749 3269 et
766 3215 881 3281 ingressi
900 3214 970 3268 ultro
990 3215 1113 3283 citroque
1136 3214 1169 3267 ab
1187 3212 1342 3267 intrinsecis
1360 3211 1483 3266 faciebus
1546 3209 1551 3225 ⁶

145 3300 203 3357 nusi
219 3320 251 3359 uc
269 3301 376 3359 remissi
395 3301 513 3356 vicissim
532 3316 565 3357 ac
584 3302 692 3371 suepius
711 3302 788 3370 quasi
808 3320 825 3357 ιι
842 3300 960 3370 speculis
979 3300 1166 3356 rctlcctrrntur.
1190 3300 1292 3368 Quodsi
1305 3316 1353 3370 per
1366 3314 1483 3369 pennum

145 3388 268 3445 anuum
286 3390 429 3447 columbae
447 3390 504 3445 sire
522 3390 634 3445 alterius
652 3391 709 3445 uvis
729 3390 807 3445 oculo
827 3390 979 3461 oppositum
998 3390 1147 3459 perspicius
1170 3390 1262 3445 lumen
1281 3386 1411 3443 cundelnc
1428 3401 1484 3441 non

144 3476 174 3529 its
186 3476 264 3551 longe
281 3479 416 3549 positum,
440 3478 545 3533 videbis
569 3478 639 3533 inter
657 3480 810 3548 plumarum
837 3479 923 3533 lineas
940 3494 972 3533 ac
991 3479 1115 3535 surculos
1137 3478 1199 3533 illos
1221 3494 1327 3533 crucem
1346 3477 1482 3547 quandum

144 3564 333 3621 miraculorum
351 3566 494 3635 ruricurte,
519 3567 613 3635 quales
631 3569 658 3621 in
677 3568 745 3623 iride
763 3578 841 3637 sunt,
868 3566 1037 3635 distinctam,
1063 3567 1109 3637 qui
1126 3582 1181 3620 norr
1201 3566 1280 3621 aliter
1297 3566 1379 3633 flunt,
1402 3582 1483 3633 quem

145 3654 280 3721 perducem
297 3655 370 3709 inter
387 3653 533 3709 floccorum
552 3655 716 3711 canaliculos
734 3664 870 3725 receptam
884 3672 916 3709 uc
929 3654 1134 3723 multiplicatum
1148 3663 1175 3707 ct
1188 3653 1340 3709 successive
1359 3650 1484 3706 inceden-

144 3746 186 3795 ltm
200 3750 227 3797 et
243 3740 358 3799 alternis
381 3748 594 3812 repercussum.“
616 3775 648 3783 -
667 3744 857 3811 (Conseruntur
882 3760 942 3799 cum
961 3744 1003 3797 his
1022 3759 1068 3810 cu,
1093 3758 1163 3812 quus
1182 3741 1317 3810 lieplerus
1342 3739 1433 3808 prodit
1450 3738 1485 3795 de

144 3826 190 3885 risu
207 3840 234 3885 et
252 3830 425 3898 refractione,
445 3830 497 3886 rol.
515 3833 550 3885 ll.
570 3850 596 3901 p.
617 3834 667 3887 liti
687 3849 731 3899 ss,
750 3832 801 3887 ‘226
820 3834 872 3899 ss.)
890 3862 923 3869 -
942 3831 1003 3885 Non
1022 3831 1171 3887 omittenda
1190 3830 1233 3883 hic
1252 3834 1316 3884 sunt
1333 3827 1484 3897 hlunrolyci

144 3916 219 3975 unda
235 3920 335 3989 partim
353 3920 389 3974 ud
407 3920 591 3977 restituendos
610 3929 715 3975 veteres
734 3920 940 3976 mathematicos
959 3918 1165 3987 (Theodosium,
1184 3915 1368 3986 Apollonium,
1386 3914 1484 3970 Archi·

144 4006 245 4077 netem)
269 4008 449 4079 pertinentia,
474 4009 572 4077 purtim
598 4009 814 4064 mathematicam
840 4007 1019 4064 theoreticam
1044 4006 1204 4076 spectantia.
1246 4005 1278 4058 ln
1306 4004 1486 4059 Arithmeticu

144 4092 210 4157 (lits
226 4093 368 4166 impressu,
387 4095 513 4150 absoluta
530 4104 621 4151 rentem
640 4112 665 4151 u.
687 4098 765 4165 lest)
786 4097 819 4151 de
837 4094 957 4151 numeris
975 4098 1122 4163 praecipue
1140 4091 1348 4161 polygonalibus
1366 4090 1484 4159 disserit,

145 4178 183 4239 eds
197 4182 293 4251 quibus
317 4197 407 4251 neque
428 4182 502 4251 apud
527 4193 635 4239 nostros
661 4198 749 4251 neque
775 4183 848 4253 upud
868 4182 987 4237 Gruccos
1005 4183 1072 4237 sutis
1096 4181 1206 4249 scripsit
1229 4179 1391 4249 quispism‘·.
1429 4178 1485 4235 Sub

144 4264 206 4325 hen
222 4268 283 4326 libri
295 4270 317 4325 Ι.
336 4268 475 4324 literarum
489 4287 554 4326 usus
567 4271 644 4325 nobis
657 4272 781 4338 occurrit,
801 4270 898 4338 quibus
911 4270 1006 4327 eedem
1020 4269 1076 4323 iere
1089 4270 1195 4323 rationo
1209 4269 1302 4337 utitur,
1321 4284 1375 4336 qun
1394 4274 1484 4338 poste·

142 4354 211 4413 unm
222 4358 303 4413 iliata
319 4364 348 4413 et
361 4357 513 4414 Hcrriotus.
544 4358 625 4411 Verbi
639 4373 735 4415 cenea:
757 4365 890 4427 ,ponatur
908 4359 998 4413 unitas
1010 4374 1041 4427 n,
1068 4356 1181 4426 quilibet
1204 4364 1296 4411 autem
1314 4371 1442 4412 numerus
1459 4360 1485 4426 b,

141 4442 186 4513 lpse
196 4454 286 4503 antem
299 4462 315 4502 e
326 4444 431 4499 unitate
445 4446 531 4513 rnqjor
544 4462 623 4514 quum
637 4450 660 4502 b.
691 4445 797 4500 Deinde
810 4448 825 4501 b
839 4448 865 4501 in
879 4462 908 4500 se
922 4446 1003 4501 iaciat
1016 4447 1041 4509 d,
1061 4448 1077 4501 b
1090 4445 1118 4499 in
1131 4462 1145 4501 c
1158 4444 1240 4498 iuciut
1253 4450 1282 4499 e“
1303 4447 1382 4500 etsie
1395 4460 1487 4514 porro,

140 4530 211 4589 boec
226 4532 298 4589 haec
316 4532 414 4587 evadat
434 4533 575 4601 aequatio:
597 4542 788 4606 ,aggregatum
808 4552 842 4590 err
859 4552 887 4590 m
904 4553 921 4605 q
938 4534 1091 4604 quadruplo
1109 4536 1231 4603 ipsorum
1249 4550 1287 4603 up
1300 4542 1328 4589 et
1346 4536 1485 4605 exipsius

139 4619 296 4693 eucnplu
322 4628 366 4675 est
391 4620 529 4675 secundus
548 4622 695 4690 quadratus
714 4625 798 4678 totins
817 4626 833 4679 b
851 4628 895 4691 0⁶⁵,
920 4638 999 4692 quum
1024 4630 1054 4676 ut
1072 4622 1214 4677 usitatiore
1232 4630 1259 4677 et
1277 4624 1382 4679 tritiore
1399 4622 1486 4679 iormu

134 4708 167 4767 ita
177 4710 399 4779 interpretamur:
420 4707 1108 4777 (b†c)⁴=b⁴†lb³c†6b³c²'†lbc³÷
1123 4711 1157 4765 ι’.
1184 4710 1485 4780 Notandaquoqueest

131 4796 275 4870 Hsmnlyei
297 4794 443 4865 peculiaris
465 4796 536 4851 rutio
561 4797 677 4853 redicem
701 4798 862 4868 quadratum
887 4796 1060 4866 extrahendi,
1083 4798 1112 4853 in
1138 4812 1194 4867 qua
1214 4798 1331 4868 speciem
1350 4795 1485 4865 quendum

128 4886 287 4947 mooun
305 4884 477 4943 decimlium
495 4884 732 4957 deprehendimus.
