3308 5534
164 373 229 443 154
520 376 695 439 collectmen
712 399 747 439 ea
764 382 904 441 codicibus
923 382 1160 441 Pallorienelbut.

269 554 352 619 llaec
372 560 464 637 probe
485 562 616 623 notando
636 570 719 639 sont,
742 578 880 640 menmium
903 564 980 623 enirn
1001 562 1112 623 habent
1125 578 1210 622 nsum
1232 561 1262 621 in
1284 560 1520 623 mathematicis:

163 651 232 705 aunt
260 646 338 705 enirn
365 647 483 724 aliquae
514 654 694 726 quantitates
723 649 761 711 ad
791 652 917 711 invicem
947 649 1107 729 ejusmodi,
1139 660 1171 711 ut
1198 667 1250 711 ens
1277 650 1361 711 nulls
1391 657 1521 725 ennete

164 736 315 808 quantitas
336 734 418 795 nnilo
441 754 561 799 numero
584 740 614 796 in
637 738 782 805 infinitum
805 756 899 816 nsque
921 743 1073 811 metiatur,
1103 756 1179 813 quaa
1201 754 1255 797 nos
1278 748 1361 798 tauto
1384 738 1520 813 exquisi-

163 822 223 880 tius
245 838 360 897 semper
382 827 534 897 metimur,
566 843 625 902 qno
654 826 771 903 longino
793 826 952 887 biseesndo
979 828 1126 903 progressi
1148 826 1295 888 fuerimus.
1339 822 1397 883 llio
1418 836 1520 885 antem

162 908 253 982 probs
275 913 420 987 perceptis
440 914 536 971 minus
555 913 619 989 jam
642 931 696 973 nos
717 914 856 988 turbabit,
879 913 958 990 quod
981 912 1173 990 philosophus
1197 912 1265 989 (ΙΙΙ.
1281 912 1336 972 ΡΙι.
1355 912 1397 989 i.)
1418 910 1519 971 infini-

163 1004 225 1053 inm
249 996 277 1053 in
300 1000 432 1071 potantia
454 1016 506 1075 per
527 1000 722 1073 additionem,
751 1000 831 1077 qnod
853 1018 974 1061 numero
1002 1009 1167 1075 compatere
1195 998 1339 1071 diximus,
1369 998 1519 1076 quodam·

161 1081 250 1141 modo
272 1086 360 1144 etiarn
383 1089 411 1143 in
434 1088 664 1163 magnitudinem
679 1088 815 1161 admittit,
838 1088 890 1147 sed
906 1092 954 1161 ita,
979 1086 1106 1147 utillud
1128 1086 1355 1147 additionarium
1381 1085 1459 1147 idem
1480 1088 1518 1145 air

161 1168 221 1229 iere
244 1186 310 1231 curn
333 1172 473 1233 divisorio
496 1184 526 1235 et
546 1175 632 1235 simul
655 1175 716 1249 lint,
740 1194 882 1236 converso
905 1188 1001 1235 tamen
1024 1175 1121 1234 modo.

267 1258 342 1319 Nam
365 1278 424 1334 qun
447 1266 634 1339 proportione
655 1274 772 1323 secatur
794 1267 943 1340 quantitas
965 1262 1082 1340 alique,
1112 1272 1183 1340 puto
1213 1258 1327 1338 pedalis
1356 1260 1455 1331 linae,
1485 1260 1515 1317 in

162 1345 321 1421 portionem
342 1348 479 1418 infinitae,
502 1354 527 1409 si
543 1352 643 1412 eudem
664 1355 851 1429 proportione
873 1351 949 1410 alius
965 1352 1111 1428 quispiam
1132 1350 1291 1426 particulos
1313 1366 1428 1407 rursum
1451 1344 1516 1407 col-

161 1432 252 1503 limat,
282 1452 433 1511 rrunquam
455 1446 548 1497 toturn
570 1442 719 1513 restituet,
750 1442 821 1514 qnia
847 1456 962 1514 semper
993 1447 1106 1497 tontum
1129 1435 1226 1496 adhuc
1247 1436 1340 1510 desit,
1372 1443 1517 1510 quantum

163 1523 213 1597 qui
235 1518 340 1581 dividit
362 1522 459 1585 adbuc
481 1526 571 1585 leniret
593 1528 647 1587 sub
669 1528 813 1587 manibus.
846 1528 964 1587 llirisor
985 1526 1074 1585 iaciat
1093 1533 1190 1600 partes
1207 1530 1236 1595 ⁸2,
1259 1522 1400 1583 collector
1415 1526 1517 1597 itaqua

162 1605 314 1668 dimidium
336 1610 419 1686 pedis
442 1616 557 1688 accipit,
582 1613 691 1673 divisor
713 1631 825 1673 rursum
848 1632 883 1675 ex
906 1630 960 1672 sno
977 1612 1097 1671 dimidio
1112 1614 1201 1673 iaciat
1223 1622 1321 1687 partes
1338 1618 1367 1681 2,
1390 1626 1517 1685 quarum

162 1712 251 1755 enam
268 1695 406 1758 collector
421 1703 545 1775 accipiat
561 1700 743 1777 habebitque
757 1702 893 1762 collector
909 1700 939 1784 ᾖ,
963 1701 1073 1758 divisor
1090 1700 1118 1781 l.
1157 1700 1293 1775 Arnpiins
1308 1716 1343 1757 aa
1361 1696 1382 1781 l
1398 1696 1517 1781 lisntff,

163 1800 251 1841 unam
273 1782 354 1857 leuat
376 1786 528 1859 collector,
553 1788 715 1873 restabit,¹³
738 1788 873 1859 divisori,
905 1789 1043 1847 collector
1067 1805 1135 1846 vero
1159 1786 1280 1845 habebit
1302 1794 1417 1843 tantum
1442 1782 1464 1869 ἦ
1485 1796 1516 1844 st

162 1872 206 1931 sle
228 1872 257 1927 in
281 1872 425 1933 inlinitum
448 1892 557 1949 usqne,
590 1885 622 1934 ut
645 1878 686 1936 ita
708 1876 793 1935 eimul
816 1878 867 1936 lint
891 1877 963 1935 haec
986 1874 1098 1935 additio
1122 1886 1151 1933 et
1173 1874 1280 1932 divisio
1303 1882 1332 1932 et
1355 1874 1385 1929 in
1409 1870 1515 1931 eadem

162 1962 360 2034 proportione.
407 1962 447 2021 At
468 1964 493 2021 si
517 1963 559 2022 ita
581 1966 798 2040 proportionem
820 1964 977 2035 adeuqeat,
1001 1971 1033 2020 ut
1055 1978 1169 2037 semper
1191 1960 1316 2019 enrrdem
1339 1960 1517 2035 particulam

162 2055 259 2105 sumat
282 2056 311 2107 st
332 2046 438 2122 addat,
461 2052 622 2126 permesbit
644 2051 775 2118 tandem,
804 2053 875 2127 quin
897 2067 982 2109 omne
1004 2048 1117 2107 linitum
1140 2050 1329 2124 quantumvis
1351 2050 1517 2105 maximnm

161 2134 276 2193 absumi
304 2143 401 2211 potest
431 2138 548 2197 tandem
579 2155 753 2215 quocunque
776 2138 874 2209 linito,
906 2138 1095 2215 quantumvis
1126 2138 1254 2193 minimo.
1300 2134 1337 2193 Et
1359 2137 1516 2193 nicetium

133 2216 137 2221 ’
162 2238 213 2297 per
236 2220 415 2283 additionem
442 2224 587 2284 lniinitnm
612 2229 640 2283 in
662 2228 794 2303 potentia
818 2225 916 2297 datur,
945 2223 1025 2301 quod
1048 2222 1124 2283 idem
1147 2220 1366 2299 quodammodo
1390 2220 1515 2281 dicimus

161 2324 227 2368 eum
252 2308 389 2371 divisore.
433 2310 554 2389 Semper
576 2314 652 2373 enim
676 2313 787 2391 aliquid
810 2323 892 2374 extre
913 2315 988 2371 atrmi
1011 2319 1118 2388 potest.
1155 2310 1306 2370 Hactenus
1330 2309 1515 2369 Aristoteles.

163 2396 210 2455 Ad
232 2414 356 2473 quorum
381 2401 534 2460 verborum
558 2401 784 2475 explicationem
807 2401 880 2460 baec
901 2400 994 2458 oddo:
1017 2400 1170 2475 proposita
1191 2398 1229 2457 ait
1245 2396 1361 2457 dnobus
1385 2397 1516 2456 bomini-

163 2483 217 2543 bus
239 2484 372 2561 (divisori
396 2494 426 2547 et
448 2488 610 2563 collectori)
633 2507 679 2547 res
701 2490 811 2565 aliqua,
835 2504 955 2548 numero
980 2494 1020 2545 oi
1044 2493 1159 2557 notata,
1188 2502 1278 2561 quum
1300 2486 1412 2562 primus
1436 2482 1516 2542 diri·

161 2570 213 2630 dat
240 2574 270 2631 in
300 2574 480 2648 eneqaaiia
509 2586 680 2652 partemque
707 2576 829 2635 alteram
859 2582 898 2634 :ii
930 2574 1015 2633 cedat
1047 2572 1208 2643 collectori,
1248 2571 1371 2631 alteram
1401 2588 1516 2631 rursum

161 2658 280 2731 bisecst,
303 2670 332 2719 et
346 2668 458 2737 partem
482 2664 652 2723 biaectiouis
678 2670 716 2723 ld
733 2664 819 2723 cedat
840 2662 999 2731 collectori,
1022 2659 1134 2735 reliqua
1163 2668 1198 2717 lo
1222 2659 1333 2718 bisecet
1356 2668 1386 2717 et
1402 2670 1517 2734 partam

161 2762 259 2817 enam,
282 2763 323 2809 sc.
347 2754 380 2815 8,
405 2748 489 2809 cedat
511 2750 676 2811 collectori.
708 2752 751 2811 sic
774 2753 803 2809 in
827 2750 970 2809 inlinitum
1001 2759 1104 2824 pergat
1127 2746 1286 2805 hiseeaudo
1309 2753 1339 2805 et
1360 2745 1517 2805 dimidium

161 2832 309 2893 collectori
332 2834 472 2895 cedendo.
518 2838 609 2903 llice.
638 2838 716 2913 qood
748 2837 886 2897 collector
914 2853 1064 2911 nunqnam
1093 2835 1278 2893 conlecturos
1299 2834 1339 2892 sit
1360 2835 1518 2910 pristinam

161 2938 304 2981 srrnrmnm
329 2930 369 2983 ot
394 2934 421 2981 ei
445 2934 543 2985 tamen
566 2943 681 3003 semper
702 2928 823 3002 propina
845 2924 883 2984 nd
906 2923 986 2982 illam
1004 2940 1185 2981 necessarus.
1216 2922 1337 2996 Semper
1352 2922 1431 2979 eninr
1448 2928 1518 2979 tsn-

163 3016 223 3065 tnrn
248 3008 288 3066 ilii
313 3009 406 3069 decrit
428 3012 466 3071 sd
488 3032 633 3073 summam
661 3012 880 3090 complendam,
913 3020 1054 3087 quantum
1077 3008 1188 3067 divisor
1218 3008 1308 3067 habet
1334 3006 1433 3067 adhuc
1460 3008 1518 3067 sub

162 3096 306 3155 tironibus.
339 3098 374 3156 lit
397 3097 471 3159 haec
493 3100 530 3161 de
554 3102 666 3159 inlinito
689 3102 718 3159 in
742 3102 883 3177 potentin.
914 3098 1012 3156 Possit
1027 3107 1124 3155 autern
1140 3096 1228 3169 objici
1252 3105 1353 3155 eontra
1373 3094 1412 3163 id,
1436 3094 1518 3169 quod

163 3182 298 3255 dixirnus,
323 3184 464 3245 infinitam
487 3188 720 3265 magnitudinem
742 3206 801 3247 non
824 3202 890 3245 esse
912 3184 1070 3243 secundum
1099 3182 1295 3253 ariditionem,
1326 3182 1370 3239 sic
1393 3190 1425 3239 nt
1448 3194 1518 3243 scits

163 3272 228 3345 ipso
251 3288 352 3331 rersus
376 3276 553 3335 incrementa
574 3275 692 3351 aequali
715 3294 804 3350 panon
827 3275 969 3350 permeari
993 3288 1050 3330 nou
1073 3273 1175 3346 possit.
1220 3270 1295 3329 lt'arn
1318 3270 1519 3329 mathematici

162 3360 190 3415 ln
216 3356 497 3419 demonstrationum
521 3372 665 3439 apparatu
688 3364 789 3421 erebro
810 3362 914 3436 jubent
938 3359 998 3419 fieri
1022 3358 1163 3418 inlinitum
1192 3359 1316 3427 lineam,
1346 3356 1428 3432 quod
1458 3376 1517 3416 non

161 3444 327 3519 intelligunt
349 3447 386 3507 de
409 3452 548 3521 sectione,
571 3450 622 3509 sed
646 3450 683 3509 de
698 3453 727 3506 in
744 3449 862 3521 lonpum
885 3446 1050 3513 eductione,
1073 3450 1116 3505 sie
1132 3458 1164 3503 ut
1187 3448 1340 3505 terminum
1363 3464 1397 3501 ex
1422 3442 1519 3503 alim·

160 3543 243 3606 parto
265 3550 324 3591 non
346 3534 463 3595 habent.
510 3536 678 3613 lieopondet
703 3536 877 3595 Aristoteles
899 3534 964 3613 (ill.
982 3532 1035 3594 l’h.
1054 3534 1106 3605 i.):
1131 3550 1226 3608 neque
1250 3531 1399 3607 postulare
1416 3548 1470 3589 eoa
1486 3550 1517 3589 rs

161 3636 231 3677 vern
253 3622 296 3679 sic
318 3622 478 3693 infinitam,
509 3635 542 3682 nt
563 3626 704 3701 permenri
735 3642 793 3683 non
817 3624 924 3701 possit,
956 3638 1050 3695 neque
1078 3624 1166 3679 etiam
1194 3618 1338 3695 ejnornodi
1369 3618 1516 3677 inlinitum

262 3838 269 3863 ,
386 3816 404 3855 a
456 3816 512 3873 opor
536 3818 614 3859 vern
650 3818 667 3859 e
703 3816 776 3877 prou
812 3815 883 3858 neus
926 3815 941 3856 e
1500 3822 1518 3837 ·

161 3880 252 3941 stulat
275 3893 373 3945 autem
396 3894 463 3945 ectu
487 3885 640 3947 inlinitum.

748 4068 861 4153 Capul
892 4064 925 4131 i,

598 4207 648 4262 De
669 4204 780 4271 Parte,
803 4206 889 4261 'roto
911 4206 945 4259 ot
967 4200 1075 4257 omni.

267 4324 340 4380 turm
364 4334 506 4397 qnantrrrn
530 4322 560 4377 id
582 4326 638 4385 sit,
661 4319 741 4397 qnod
765 4332 807 4378 eat
832 4318 994 4385 dividuum,
1019 4318 1140 4377 habebit
1162 4318 1250 4387 igilur
1272 4326 1371 4391 paries
1394 4325 1425 4376 et
1448 4318 1520 4393 qui·

159 4407 240 4479 dem,
271 4421 301 4468 ιιι
320 4410 382 4481 jam
405 4408 586 4471 attritorum.
617 4410 705 4467 habet
730 4406 902 4475 maturritndo
933 4408 1070 4473 irrflrritm,
1098 4408 1163 4463 rire
1190 4413 1262 4479 quoi
1285 4406 1353 4478 quir
1378 4402 1516 4463 voluerit.

160 4496 316 4555 Sciendum
340 4500 447 4569 itaque.
471 4496 541 4571 quid
565 4515 633 4572 pars
654 4500 701 4554 sit.
748 4495 821 4553 Nam
845 4498 899 4552 elei
924 4493 1011 4551 Xlll.
1030 4494 1099 4551 hlei.
1124 4508 1148 4551 c.
1166 4498 1195 4550 3.
1219 4502 1307 4565 rrepnt
1332 4490 1519 4561 Aristoteles,

160 4602 179 4641 a
200 4594 350 4658 geometra
372 4594 449 4639 reete
472 4582 641 4657 hujusmodi
667 4602 753 4641 roem
777 4582 961 4650 considerari,
985 4584 1040 4639 enisi
1063 4598 1098 4639 ex
1123 4578 1279 4657 hypothesi
1303 4578 1345 4651 (h.
1362 4594 1389 4635 e.
1414 4580 1520 4637 nisiut

160 4668 212 4727 illo
234 4682 373 4745 tauquam
404 4683 481 4727 certa
512 4684 539 4730 et
571 4684 641 4729 truta
669 4680 916 4746 praesupponunt,
947 4686 1000 4727 nos
1030 4682 1126 4727 tannen
1151 4670 1208 4725 hoc
1236 4668 1328 4741 primo
1353 4664 1457 4723 libello
1479 4664 1519 4725 de

161 4758 374 4831 quantitatibus
397 4760 512 4829 spiritus
535 4759 564 4815 in
578 4776 694 4833 genere.
725 4758 858 4817 lieiertur
881 4764 979 4815 autem
996 4755 1070 4815 hacc
1087 4772 1142 4814 vor
1168 4756 1241 4813 iuter
1264 4751 1520 4813 unnmcendcntia

159 4856 189 4903 ct
211 4855 255 4903 est
277 4847 439 4905 communis
466 4844 567 4909 meltis
589 4863 683 4907 rerum
713 4845 878 4923 gonoribus.
923 4844 1056 4921 Cumque
1085 4842 1142 4903 boc
1163 4852 1251 4921 pecto
1278 4842 1318 4901 sit
1339 4842 1518 4919 noluoqproe,
