3322 5534
152 394 221 468 824
669 393 733 448 Vita
750 393 865 449 Josnnis
882 391 1003 464 Kepleri.

153 578 235 628 esset.
270 571 331 639 Ego
351 577 381 626 ut
398 569 574 640 Argentorati
592 568 792 637 imprimeretur
809 585 864 625 non
882 568 1095 643 consuluissem,
1113 570 1246 627 Rbslinue
1264 572 1346 627 nimis
1363 571 1419 629 illic
1433 581 1502 630 uotns

153 665 204 730 est,
223 654 284 713 ideo
304 657 363 725 ejus
382 656 504 711 fautores
523 655 603 711 facili·
615 655 759 710 occasione
777 669 911 711 remoram
929 658 1104 728 interponere
1125 659 1293 728 potuissent
1323 660 1434 716 Fortius
1449 676 1501 729 ergo

152 754 184 802 ut
202 759 300 812 urgeas
319 744 363 797 vel
381 743 528 798 editionem
547 743 590 798 uel
608 743 807 800 restitutionem
825 747 865 801 tui
891 748 985 818 scripti
1004 765 1073 818 opus
1092 755 1143 802 est.
1180 747 1230 803 Vir
1249 754 1294 802 est
1310 748 1448 818 cordatus,
1462 751 1502 804 sad

153 832 240 902 primo
253 837 404 899 conceptae
417 831 553 899 opinionis
566 831 645 886 nimis
657 839 752 901 tenax,
772 833 834 891 ideo
851 841 882 892 ut
894 851 924 890 se
936 836 1052 898 evolvet,
1071 835 1192 904 undique
1204 849 1389 904 quascunque
1399 838 1502 892 mtioues

153 919 266 988 colligit.
281 919 369 971 -De
388 918 581 986 chronologico
599 927 694 975 nostro
713 921 805 977 studio
822 928 853 977 tu
866 939 909 976 me
923 923 1045 978 nonnihil
1060 923 1142 991 erigis
1152 965 1160 978 .
1171 965 1195 979 ..
1217 925 1503 992 (ctr.vot1v,p.121}.

256 1007 299 1061 Ι)ι
318 1005 432 1061 maculis
455 1005 567 1079 indole
588 1006 675 1074 magis
698 1009 838 1078 magisque
861 1011 965 1065 turbor.
1001 1010 1121 1066 Multum
1143 1027 1188 1068 me
1211 1018 1307 1066 moret
1330 1013 1406 1082 qnod
1423 1015 1503 1069 scribis

155 1097 189 1153 de
207 1095 339 1150 diuisione
359 1094 439 1150 unius
458 1095 486 1148 in
505 1094 599 1163 plnres
618 1103 646 1151 et
664 1097 811 1153 coalitione
828 1097 945 1168 plurium
963 1098 1160 1155 inunum...
1190 1099 1234 1153 Dc
1253 1099 1354 1154 Lunae
1371 1100 1503 1169 masqueh·

152 1190 294 1254 tetsanae
307 1184 405 1239 scribis
418 1198 460 1238 me
473 1183 560 1252 magis
573 1181 734 1238 confirmant
746 1185 907 1252 praesertim
916 1185 944 1240 in
953 1185 994 1256 iis,
1007 1202 1079 1254 quae
1090 1186 1119 1240 in
1128 1187 1367 1252 „Dissertatione“
1379 1187 1503 1257 scripsi...

152 1272 216 1342 (ιιι.
234 1272 269 1330 ΙΙ.
289 1271 363 1340 784).
1391 1284 1394 1289 ⁴

258 1360 301 1415 Ad
321 1359 466 1414 editionem
487 1356 629 1428 Coperuici
651 1355 723 1411 redit
740 1357 904 1413 Maestlinus
927 1359 954 1413 in
972 1359 1058 1413 literis
1077 1359 1104 1416 d.
1123 1359 1150 1416 d.
1168 1361 1269 1429 lim
1289 1362 1455 1432 Maji'lbll,
1473 1378 1501 1417 re

153 1446 293 1517 spondens
312 1447 347 1502 'ad
366 1446 477 1515 Kepleri
496 1448 600 1511 literas,
618 1444 683 1499 item
701 1445 873 1516 deperditas,
893 1463 961 1519 quas
979 1448 1025 1502 ille
1044 1446 1158 1502 dederat
1177 1448 1201 1504 d.
1219 1450 1265 1507 24.
1285 1451 1404 1520 Aprilis.
1434 1451 1500 1519 ,Quid

152 1534 341 1604 typographus
359 1534 521 1588 Basiliensis
537 1537 614 1603 ngat,
640 1547 712 1587 anne
729 1532 757 1586 in
776 1532 895 1588 editione
914 1535 1058 1603 Cupernioi
1074 1541 1184 1605 pergat,
1202 1536 1309 1593 nescio.
1348 1539 1499 1608 Responsa

152 1620 188 1677 ad
206 1620 307 1688 literae,
327 1635 395 1688 quas
414 1621 449 1675 ad
468 1620 557 1689 ipsum
575 1619 637 1675 dedi
656 1635 727 1675 auno
746 1621 881 1690 superiori
899 1629 927 1677 et
944 1622 1068 1693 proxime
1079 1622 1236 1690 praeteritis
1255 1623 1401 1688 nundinis,
1418 1624 1498 1678 nulrn

152 1707 255 1776 accepi.
292 1708 400 1763 Rhetici
419 1708 610 1764 Narrationem
629 1705 740 1761 editioni
760 1708 870 1764 omnino
888 1709 1096 1778 adjungendam,
1115 1708 1241 1777 intelligo
1259 1711 1312 1765 tibi
1331 1727 1498 1781 qnoqueccr

155 1794 257 1851 sultum
276 1793 375 1862 uideri,
400 1795 448 1849 sed
467 1794 656 1864 typographus
674 1796 883 1863 persuadendus
902 1805 957 1867 est,
982 1813 1016 1852 ne
1034 1814 1094 1853 eam
1113 1813 1147 1852 ex
1165 1798 1260 1866 priore
1284 1798 1354 1854 olim
1375 1799 1498 1870 enpurias

154 1882 281 1938 Basileus
300 1898 402 1938 excuso
422 1881 515 1936 addita
533 1881 652 1937 editione
671 1880 805 1952 desumat,
824 1898 857 1938 ea
875 1885 947 1940 enim
960 1884 1039 1940 nimis
1051 1884 1150 1940 uitiosa
1168 1891 1212 1940 est
1230 1893 1260 1940 et
1278 1886 1497 1944 emarcente&

151 1968 300 2040 plurimum
320 1967 407 2024 abest.

258 2057 291 2111 D.
310 2055 470 2111 Roeslinum
489 2054 571 2110 audio
590 2056 689 2111 iterum
709 2057 775 2125 quid
793 2056 890 2112 moliri.
926 2057 985 2113 Viri
1004 2060 1069 2114 boni
1088 2059 1217 2114 voluntas
1236 2060 1396 2128 laudanda,
1415 2062 1455 2118 sed
1467 2061 1494 2116 ιι

152 2150 225 2201 errat
243 2160 260 2199 a
277 2145 375 2199 semita
399 2143 522 2199 ueritatis
542 2147 570 2197 et
586 2158 668 2213 aegre
691 2143 835 2200 admodum
859 2145 1022 2200 sententiam
1045 2154 1143 2202 mutat.
1180 2147 1335 2205 Calvisium
1360 2149 1496 2221 mirorque

151 2237 251 2296 ιιιιιιι
270 2231 401 2300 scriptum
420 2231 479 2298 ejus
498 2230 619 2284 nondum
642 2231 705 2286 ridi.
742 2232 821 2288 Anne
836 2231 865 2286 in
883 2237 962 2286 tanta
985 2232 1047 2286 luce
1071 2234 1188 2303 proditis
1211 2236 1313 2291 solidis
1341 2237 1497 2294 ιιιιιιιιιιιιιι

151 2319 242 2375 lucem
259 2334 314 2372 uon
333 2317 415 2384 uidet,
434 2316 476 2371 rel
496 2333 567 2371 anne
585 2318 652 2386 ipse,
672 2319 720 2387 qui
736 2335 864 2388 magnum
883 2318 1042 2388 chronologi
1058 2336 1158 2376 nomen
1177 2330 1206 2377 et
1225 2323 1343 2379 laudern
1362 2332 1496 2383 consecutus

152 2407 204 2463 sibi
222 2406 343 2472 uidetur,
366 2407 424 2474 jam
442 2412 522 2475 turpe
541 2403 593 2459 sibi
611 2413 690 2473 putat
709 2406 744 2461 de
767 2406 904 2461 erroribus
924 2407 1083 2461 admoneri?
1113 2409 1273 2476 Epistolam
1290 2418 1373 2468 tuam
1388 2415 1416 2470 in
1431 2414 1496 2482 ipsun

152 2496 254 2552 editam
273 2510 343 2566 esse,
363 2510 397 2548 ex
417 2493 541 2563 catalogo
559 2493 743 2551 nundinarum
761 2494 856 2564 uide03
876 2509 934 2548 eam
953 2492 1073 2549 nondum
1090 2496 1154 2560 vidi,
1171 2496 1272 2553 laboro
1291 2505 1387 2557 tamen
1405 2499 1497 2557 utbrcri

135 2567 187 2639 xex
213 2581 398 2651 Argentorato
424 2580 548 2635 habeam.
571 2610 599 2621 -
619 2580 716 2635 Nodus
738 2580 872 2636 Heruarti
895 2579 1020 2650 prolecto
1046 2587 1105 2636 arte
1129 2599 1200 2651 opus
1224 2584 1316 2640 hebet
1340 2604 1371 2642 ns
1393 2587 1496 2652 soluatur,

151 2676 219 2740 puto
238 2672 329 2724 tamen
348 2677 376 2724 et
394 2683 454 2737 ego,
476 2667 596 2722 sectione
615 2684 671 2721 non
690 2683 759 2736 opus
779 2682 854 2733 esse,
881 2666 946 2722 licet
964 2672 1055 2736 capita
1073 2669 1223 2724 admodum
1242 2674 1300 2727 sint
1320 2676 1460 2730 recondita
1473 2702 1496 2713 -

153 2757 272 2815 Galilaei
290 2758 433 2826 scriptum,
453 2755 527 2825 quod
545 2755 637 2810 italico
656 2754 785 2815 idiomate
805 2755 908 2810 editum
927 2754 1022 2809 scribis
1041 2759 1080 2817 ιιι
1096 2759 1205 2809 maculis
1225 2762 1382 2832 solaribus),
1399 2768 1496 2832 optrren

152 2846 237 2902 latine
256 2844 338 2900 etiam
361 2843 510 2913 prodiisse,
532 2841 694 2912 praesertim
718 2842 741 2895 si
759 2841 787 2894 in
806 2854 853 2911 eo,
873 2848 905 2894 ut
924 2841 1000 2907 dicis,
1019 2857 1098 2897 omne
1116 2843 1214 2898 tulerit
1232 2853 1372 2913 punctum
1386 2890 1393 2903 .
1405 2891 1411 2902 .
1423 2888 1430 2903 .
1441 2848 1496 2913 ,(ιιι.

98 2958 109 2977 ι
151 2939 185 2989 11.
204 2935 274 3002 785).
312 2933 353 2986 De
376 2930 472 2999 eclipsi
495 2931 591 2986 Lunae
615 2945 667 2998 ego
691 2935 804 2998 propter
829 2928 934 2984 coelum
957 2929 1036 2984 nimis
1059 2930 1184 2986 nubilum
1202 2949 1324 3001 prorsus
1347 2935 1413 2991 nihil
1428 2934 1497 2990 uidet

152 3021 240 3091 potui.
276 3018 438 3074 Gratissima
456 3017 522 3072 mibi
540 3017 639 3071 suisset
656 3015 716 3084 ejus
735 3015 899 3084 observatio,
918 3017 1079 3086 praesertim
1092 3021 1166 3086 quod
1184 3036 1240 3088 per
1252 3021 1372 3077 eandem
1388 3040 1421 3078 es
1434 3036 1497 3090 quan

153 3123 226 3164 auno
248 3109 315 3163 1590
333 3105 418 3161 hebui
435 3106 523 3173 repeti
541 3104 690 3173 potuisset,
714 3103 794 3157 Luna
811 3103 937 3159 videlicet
956 3104 1098 3159 deficiente
1116 3114 1268 3177 utrumque
1287 3110 1419 3167 luminare
1433 3123 1497 3178 suun

153 3197 333 3253 horizontem.
371 3193 527 3263 Optandum
551 3199 606 3262 est,
633 3200 664 3246 ut
682 3191 757 3274 Deus
779 3190 911 3260 largiatur
935 3192 1033 3247 sudum
1057 3193 1165 3247 coelum
1188 3196 1235 3250 die
1254 3198 1280 3252 7.
1301 3197 1437 3267 Octobris,
1457 3211 1496 3265 qm

151 3282 232 3339 Luna
244 3283 334 3338 oriens
347 3283 530 3352 eclipsubitur.
557 3282 600 3336 Ea
612 3280 683 3335 enim
696 3279 804 3348 egregie
815 3277 854 3332 illi
867 3279 895 3332 in
907 3293 979 3333 enno
993 3281 1069 3335 1590.
1088 3279 1253 3339 observatae
1265 3286 1430 3355 respondere
1439 3290 1496 3354 pots

151 3372 195 3425 rit.
232 3371 341 3425 Etenim
361 3370 432 3426 sicut
451 3369 519 3424 haec
538 3369 565 3421 in
585 3382 656 3421 enno
676 3368 753 3422 1590.
777 3363 830 3419 luit
846 3365 980 3420 matutina
1002 3366 1209 3439 hoccidente,
1236 3369 1278 3424 ite
1295 3372 1347 3426 illa
1364 3374 1392 3428 in
1408 3367 1495 3426 matu

150 3456 244 3513 futura
261 3459 312 3513 erit
330 3458 485 3527 vespertina
503 3457 530 3510 in
549 3456 664 3510 oriente.
1109 3476 1113 3481 ·

257 3546 391 3600 Chronica
409 3551 456 3599 tua
474 3543 570 3598 scribis
589 3541 698 3610 quidem
716 3547 744 3594 te
763 3540 870 3595 mittere
888 3541 954 3595 mihi
972 3540 1103 3611 legenda,
1123 3543 1173 3597 sed
1193 3545 1251 3601 alia
1271 3548 1406 3604 schedula
1419 3543 1494 3602 litae

151 3651 204 3704 qne
222 3635 341 3702 incluse,
367 3640 394 3687 tc
412 3639 503 3687 tecum
521 3632 681 3697 retinuisse,
708 3628 773 3696 quia
790 3628 825 3684 D.
844 3629 878 3683 l).
897 3629 1038 3698 Langjuhr
1063 3631 1097 3685 de
1122 3632 1184 3700 ejus
1212 3650 1300 3691 onere
1325 3643 1434 3706 questus
1447 3632 1493 3688 leit

149 3725 213 3779 Non
232 3731 326 3778 autem
346 3721 441 3777 dubito
461 3721 526 3790 quin
547 3718 705 3775 doctissime
723 3716 778 3770 sint
797 3715 927 3771 chronice
945 3716 992 3770 illa
1011 3720 1176 3788 conscripta.
1200 3752 1234 3762 —

253 3811 390 3866 Marcus
408 3809 582 3864 Welserus
601 3805 684 3863 rolert
703 3803 786 3874 (lullo
805 3807 916 3872 mense),
946 3804 1097 3859 Galilueum
1117 3806 1152 3860 ud
1171 3807 1291 3879 Kepleri
1310 3808 1493 3869 contendente

149 3898 266 3954 maculis
285 3897 423 3952 solaribus
440 3896 522 3965 longe
540 3894 654 3965 propius
673 3907 755 3961 quam
774 3891 808 3946 ad
826 3891 950 3960 Apellam
969 3892 1099 3948 accedere
1122 3894 1211 3950 rideri
1232 3901 1288 3965 (ιιι.
1309 3904 1344 3955 11.
1362 3903 1425 3967 ιιι).
1454 3896 1491 3951 llis

149 3986 241 4040 addit:
261 3984 382 4050 hiemini,
400 3990 429 4038 te
447 3982 594 4050 aliquando
613 3979 678 4034 mihi
695 3980 723 4034 in
742 3980 902 4047 quaestione
919 3996 1037 4049 ponere,
1056 3998 1090 4035 an
1108 3983 1287 4056 Porphyrius
1306 3989 1367 4058 ipse
1384 4000 1491 4045 commen

148 4074 247 4127 terium
267 4089 346 4126 suum
365 4073 393 4125 in
412 4070 561 4126 Ptolemaei
579 4068 744 4125 Harmonice
762 4067 948 4137 imperfectum
967 4068 1130 4138 reliquerit?
1161 4074 1209 4128 Ad
1229 4077 1306 4144 quod
1324 4078 1389 4147 quid
1404 4090 1491 4144 reapse

148 4159 240 4214 dorem
253 4176 341 4228 neque
353 4169 419 4215 tunc
432 4158 515 4213 habui
527 4172 615 4225 neque
628 4173 700 4211 nnnc
712 4157 811 4213 habeo.
835 4157 935 4211 Moneo
949 4163 1052 4224 tamen,
1071 4159 1098 4213 in
1112 4168 1228 4217 nostrae
1240 4167 1406 4234 reipublicae
1415 4162 1490 4219 biblio

148 4246 230 4303 theca
246 4247 461 4316 manuscriptum
479 4245 573 4300 haberi
591 4245 742 4300 Ptolemaei
760 4245 986 4300 Harmouicorum
1004 4245 1088 4301 libros
1107 4255 1165 4303 tres
1186 4266 1250 4306 cnm
1272 4253 1414 4325 Porphyrii
1428 4254 1490 4306 eutr·

148 4333 257 4388 ratione
275 4333 355 4402 primi
374 4340 402 4387 et
421 4333 534 4388 secundi
554 4334 674 4402 cupitum
692 4332 805 4388 secundi
822 4331 893 4400 libri,
912 4332 985 4387 unde
1003 4330 1084 4387 facile
1103 4334 1231 4405 colliges,
1249 4357 1324 4397 anne
1341 4335 1490 4397 delectanti

149 4418 252 4474 codicis
271 4421 363 4491 aliqua
383 4436 417 4474 er
436 4426 515 4489 parte
529 4421 620 4489 juvari
638 4421 735 4490 possit.
771 4420 879 4477 Adsunt
898 4435 1007 4489 quoque
1025 4421 1156 4479 Aristidis
1173 4424 1343 4493 Quintiliani
1359 4429 1392 4484 de
1407 4425 1490 4483 urea

147 4504 209 4560 libri
227 4512 293 4575 tres,
313 4524 382 4577 qnos
401 4508 519 4563 tortasse
537 4526 591 4563 uon
610 4515 721 4577 practer
738 4523 795 4562 rem
814 4508 850 4562 sit
867 4508 1025 4563 Ptolemaeo
1044 4516 1072 4563 ιι
1090 4510 1252 4583 Porphyrio
1277 4518 1402 4587 adjicere.
1426 4517 1489 4582 (Qua

148 4596 180 4645 do
198 4598 238 4645 hls
256 4600 307 4658 egit
326 4598 451 4663 Keplerus
470 4598 678 4649 cum‘Heruarto
696 4602 771 4650 annis
791 4601 859 4652 1599
878 4613 921 4663 sa,
940 4599 1059 4660 leguntur
1076 4601 1130 4656 vol,
1151 4605 1184 4658 V.
1204 4622 1232 4671 p.
1253 4610 1290 4658 90
1309 4610 1354 4674 ιι.)

253 4682 296 4734 Ιιιι
316 4683 433 4750 epistola
452 4683 603 4739 Simonis
621 4685 736 4752 Marii,
764 4701 819 4753 qne
838 4684 863 4739 d.
882 4684 925 4738 26.
943 4684 1061 4754 Augusti
1079 4689 1230 4756 respondit
1247 4691 1285 4747 ad
1303 4693 1377 4748 illam
1392 4683 1487 4758 ueptst

148 4780 229 4835 quam
248 4767 301 4823 vol.
314 4769 348 4822 ΙΙ,
367 4786 392 4838 p.
406 4771 458 4826 tra
476 4770 678 4843 proposuimus,
696 4771 765 4828 haec
783 4770 831 4827 illa
853 4769 1013 4843 supplentes
1032 4771 1221 4834 desumsimus
1225 4817 1319 4837 .....
1354 4779 1449 4836 murae
1460 4768 1488 4827 tl
