3308 5534
704 436 783 498 toto.
1350 426 1415 502 itt

61 610 101 673 de
123 610 233 672 tebnlle
255 612 317 689 illa,
342 633 419 693 quae
437 616 501 692 jam
522 622 591 677 eunt
612 617 642 677 ln
665 625 779 695 persto,
802 619 896 695 primo
919 632 1038 694 quoquc
1061 622 1192 695 tempore
1207 614 1416 691 esemibemus,

61 700 155 761 editio
178 717 251 760 vero
273 705 380 779 cuique
403 721 458 764 sua
480 706 554 765 citra
575 705 697 766 alterius
719 708 875 782 praeventi
898 705 1088 765 offensionem
1111 704 1203 765 libera
1227 713 1281 763 est.

169 802 240 857 ilinc
257 804 357 857 transit
375 802 510 874 lieplerus
530 804 564 858 atl
580 805 700 874 Lunam,
725 819 807 875 quem
824 803 966 860 Fabricius
988 802 1181 860 circumdatam
1205 818 1265 859 esee
1289 808 1351 858 aere
1370 797 1416 855 ob·

60 890 265 947 semilonibus
284 891 341 946 suis
360 892 469 961 probari
488 898 612 961 censeat,
636 890 767 961 iilumque
790 890 900 963 ablegat
921 892 957 946 66
976 890 1103 960 Opticam
1126 905 1216 959 suam,
1240 889 1287 947 ubi
1305 888 1417 945 demon·

60 982 180 1033 nuatum
198 979 243 1046 sit,
261 994 358 1035 causas
376 979 472 1035 talium
490 981 711 1049 apparentiamn
730 996 764 1035 ex
782 986 861 1051 perte
878 978 907 1034 iu
923 979 999 1033 risus
1016 977 1134 1034 16116ιί16
1154 976 1325 1047 quaerendas
1344 988 1416 1031 esse.

61 1094 97 1109 -
121 1064 289 1121 Sententiam
313 1066 430 1122 Fabricii
455 1067 490 1123 dc
512 1068 659 1137 hypothesi
684 1066 871 1135 copemicana
894 1082 1056 1138 aggressus,
1084 1065 1123 1122 sic
1148 1065 1238 1135 pergit
1264 1061 1416 1133 Keplerue:

59 1148 197 1209 'Fundam
220 1151 250 1207 in
273 1150 465 1227 Prognostico
495 1154 563 1212 anni
589 1157 684 1211 tort.
713 1152 847 1212 efferbuit
869 1151 1006 1211 Fabricio
1035 1165 1111 1221 meo,
1141 1156 1174 1207 nt
1200 1145 1333 1221 videtur,
1365 1144 1416 1206 diu

61 1250 233 1313 compresse
256 1238 323 1297 bilis
345 1241 375 1296 in
398 1238 527 1315 aliquam
550 1237 741 1311 iracundiam,
764 1247 837 1316 puto
853 1236 1015 1299 nonullam
1031 1238 1069 1298 ob
1086 1251 1215 1309 causam,
1241 1250 1329 1310 quam
1345 1234 1417 1311 quia

60 1338 123 1382 nou
145 1323 293 1400 respondi,
317 1334 350 1384 ut
373 1327 490 1386 tandem
514 1325 561 1386 rel
585 1325 711 1387 stimulis
734 1326 889 1385 verborum
912 1324 1051 1398 efficeres,
1074 1322 1153 1402 quod
1168 1323 1329 1382 totsmicis
1343 1338 1417 1398 pro-

62 1412 273 1471 vocationibus
296 1429 353 1471 666
377 1415 597 1491 impetraveras.
643 1414 721 1491 Ergo
744 1420 856 1472 motum
878 1411 1014 1483 Telluris,
1037 1428 1087 1471 cor
1108 1419 1137 1470 et
1160 1412 1287 1469 animam
1309 1426 1415 1483 ineam,

60 1498 197 1559 tnennru
220 1516 326 1576 magno
348 1500 505 1572 molimine,
531 1501 622 1561 rerba
643 1518 718 1573 mea,
741 1516 899 1577 suppresso
914 1506 1012 1559 tamen
1035 1515 1101 1559 meo
1123 1498 1250 1568 nomine,
1275 1512 1310 1556 ex
1326 1494 1417 1556 Com·

60 1588 216 1646 mentarlls
246 1586 282 1647 de
310 1596 391 1647 motu
420 1588 539 1662 Martis,
575 1590 681 1664 quibus
712 1586 750 1647 ad
779 1586 975 1664 objectionem
1005 1585 1153 1664 quandam
1176 1581 1357 1661 respondeo,
1387 1584 1417 1642 in

61 1688 184 1733 6666666
214 1673 357 1749 producta
386 1677 456 1752 joco
485 1675 628 1747 traducis,
661 1690 720 1753 quo
749 1677 837 1735 etlam
872 1684 1005 1735 sanctum
1035 1673 1092 1734 Del
1123 1674 1216 1730 vitum
1252 1671 1414 1731 intexuisti.

61 1758 197 1835 Possem,
221 1764 246 1820 si
269 1765 316 1839 pie
339 1780 466 1840 possem,
489 1764 665 1824 contrarium
684 1762 786 1838 jocum
808 1779 948 1837 regerere,
973 1778 1039 1821 cum
1061 1776 1119 1819 non
1143 1766 1257 1818 tantum
1281 1760 1310 1816 in
1333 1766 1416 1819 motu

62 1846 184 1917 Ferrea,
207 1848 286 1925 qnod
310 1851 374 1910 vuit
397 1852 586 1928 copernicus,
609 1865 713 1909 sensns
736 1849 887 1910 oculomm
910 1866 929 1910 a
950 1866 981 1909 re
1003 1850 1070 1925 ipsa
1093 1845 1216 1918 diiisrat,
1241 1843 1293 1906 sed
1317 1848 1416 1917 etiarn,

63 1932 145 2009 qnod
169 1944 202 1994 tn
225 1940 337 2013 cogeris
360 1938 453 2012 lateri,
479 1942 527 2018 „in
551 1936 648 1998 medio
671 1935 755 2009 coeli,
780 1938 809 1995 iu
832 1935 921 2014 plaga
943 1952 1065 1996 occasus
1087 1952 1139 2013 per
1162 1932 1249 1993 urbes
1271 1937 1301 1994 et
1323 1932 1418 1993 velles

63 2020 236 2083 Palestinae
259 2024 413 2101 descripta,
435 2029 466 2084 in
490 2043 560 2086 casu
583 2025 708 2101 denique
731 2031 761 2084 at
783 2041 906 2085 6666666
930 2020 1046 2098 Soiie“,
1070 2039 1147 2099 quas
1170 2022 1270 2081 omnis
1290 2026 1360 2080 sunt
1382 2018 1419 2080 sd

62 2110 164 2177 nisum
187 2113 258 2169 certi
280 2111 407 2171 bominis
437 2131 522 2185 vera,
552 2130 604 2190 per
619 2130 651 2171 se
672 2127 742 2171 vera
765 2128 823 2170 non
847 2119 916 2171 suut
937 2117 1049 2170 remota
1071 2107 1306 2169 consideratione
1330 2108 1420 2169 risus.

61 2194 171 2257 Nonne
194 2204 225 2256 tn
249 2200 312 2274 ipse
335 2216 436 2277 negas,
463 2200 603 2275 „Terram
624 2200 678 2257 niti
701 2195 877 2272 columnls“,
906 2196 985 2275 quod
1009 2198 1066 2257 scie
1089 2196 1233 2255 affirmare
1256 2195 1421 2272 Scripturas

62 2280 103 2345 ed
126 2282 269 2345 litarem?
307 2286 346 2345 tt
369 2304 426 2347 non
450 2288 548 2365 placet
569 2286 641 2346 milri
665 2293 771 2358 tecum,
795 2286 845 2363 qui
868 2294 1053 2345 astronomus
1075 2283 1199 2344 celebris
1213 2299 1255 2353 ee,
1278 2279 1315 2341 de
1338 2298 1421 2341 com·

61 2372 205 2431 munibus
228 2374 301 2447 istis,
325 2391 401 2450 quae
424 2392 461 2435 ue
483 2374 640 2450 theologus
664 2372 782 2451 quidem
805 2375 877 2433 satis
900 2391 966 2435 cum
983 2372 1127 2451 dignitate
1145 2371 1280 2441 moverit,
1303 2367 1421 2427 vitiliti-

61 2474 151 2535 gete3
173 2459 280 2519 irnstrn
303 2464 447 2538 exarsisti,
470 2479 530 2522 non
553 2469 666 2521 tantum
689 2463 759 2535 qnia
784 2458 858 2519 nilril
874 2477 929 2536 ego
945 2476 1137 2538 responsurus
1159 2475 1234 2530 eum,
1257 2456 1308 2517 ead
1331 2458 1420 2516 etiam

62 2546 136 2623 quie
157 2545 231 2605 uilrll
254 2554 285 2606 tu
307 2548 425 2625 proficis
448 2548 526 2626 apud
550 2546 761 2625 philosophos,
793 2549 842 2624 qul
871 2547 1003 2625 plerique
1031 2554 1099 2624 poet
1128 2544 1260 2605 sidereos
1292 2541 1421 2604 66111661

62 2633 191 2693 nuncios
211 2634 273 2710 ianr
299 2635 408 2696 dudum
433 2634 477 2713 (ut
499 2654 591 2713 nuper
614 2634 733 2709 quidam
755 2636 799 2694 tui
814 2634 918 2695 similis
934 2636 1194 2709 anticuuosigaeus
1208 2649 1277 2692 vere
1293 2628 1420 2709 scripsit)

62 2718 350 2797 (lopernlcoturinnt.
397 2723 454 2782 ant
478 2730 507 2783 et
529 2722 599 2783 audi
616 2722 820 2800 Copernicum,
843 2721 1009 2794 Rheticum,
1032 2720 1235 2792 biaeetlinum,
1258 2716 1420 2795 Origenum

61 2812 94 2867 ei
121 2822 207 2867 meae
236 2810 385 2886 Epitomes
411 2810 615 2871 astronomiae
638 2809 744 2870 librum
766 2812 907 2885 primum,
942 2808 1110 2886 siquando
1140 2805 1335 2884 bibliopolae,
1368 2807 1418 2883 qui

60 2900 180 2953 sumtus
203 2894 282 2969 iacit,
306 2897 463 2958 editionem
487 2898 552 2974 ejus
574 2905 721 2957 maturare
742 2894 887 2973 placuerit
888 2939 1023 2961 ......
1068 2893 1156 2970 Quod
1179 2900 1321 2971 superest,
1344 2891 1421 2954 lrauc

59 2983 283 3057 responsionem
305 3002 401 3044 meam
425 2989 512 3061 aequi
535 2986 665 3062 bonique
688 2983 823 3056 consule,
854 3000 951 3059 neque
973 2989 1003 3045 te
1025 2984 1194 3060 poeniteat,
1218 2979 1421 3057 Ephemeridls

60 3065 154 3143 buius
175 3070 325 3130 vestibulo
348 3074 450 3143 inseri,
475 3073 511 3131 de
535 3073 618 3148 cujus
641 3071 699 3130 666
721 3086 807 3129 nemo
830 3078 860 3131 te
883 3073 948 3146 ipso
970 3072 1079 3129 rectius
1101 3070 1210 3146 poterit
1227 3068 1371 3144 judicare,
1393 3069 1420 3127 si

61 3154 195 3216 raineris
218 3156 458 3235 diligentiamque
488 3160 630 3219 hactenus
662 3164 831 3233 usurpatam
863 3157 900 3217 ad
924 3156 1141 3217 ohsnrrandnnr
1164 3154 1307 3215 attuleris.
1354 3154 1421 3216 lisc

59 3242 153 3317 igttm
177 3245 251 3304 luter
273 3249 382 3322 primos
405 3248 513 3317 iruere,
538 3245 652 3306 coelum
676 3252 706 3304 et
728 3252 857 3304 meteone
880 3245 987 3318 confer,
1011 3260 1136 3315 errores,
1159 3245 1185 3302 el
1208 3258 1282 3319 quos
1303 3242 1418 3319 liquido

60 3326 299 3407 deprehenderis,
323 3334 393 3392 milri
418 3334 522 3405 deterre
546 3350 651 3410 meque
674 3339 704 3391 et
726 3332 782 3391 irac
805 3339 835 3391 ct
858 3332 964 3409 quibus
987 3330 1054 3392 aliis
1075 3332 1186 3406 poteris
1207 3331 1372 3390 rationibus
1388 3331 1418 3388 ist

59 3416 247 3477 emendando
271 3420 451 3480 Tabularum
478 3437 567 3497 opere
589 3419 709 3497 publico
730 3417 834 3479 sedulo
857 3417 979 3496 adjuva.
1024 3417 1112 3479 Vale.

166 3516 320 3587 Nescimus,
339 3536 404 3574 nrrm
423 3516 559 3587 liepierus
576 3518 771 3589 praefationem
791 3518 863 3574 hauc
882 3516 997 3576 seorsim
1014 3517 1087 3588 typis
1106 3516 1277 3587 exsculptam
1290 3516 1419 3575 Fabricio

59 3602 168 3661 merit
186 3618 257 3657 enno
275 3604 329 3659 hoc
351 3606 432 3672 1616;
453 3608 495 3662 sin
514 3607 611 3675 minus,
630 3604 772 3661 Fabricius
791 3604 889 3660 librum
902 3604 1057 3661 absolutum
1069 3620 1124 3660 uon
1138 3602 1253 3673 accepit,
1273 3620 1334 3659 cum
1347 3620 1419 3661 6666

61 3690 134 3747 1617
151 3691 287 3747 arrrrtico
301 3691 438 3748 Ostelensi
456 3694 617 3749 interemtus
635 3692 725 3757 inerit,
743 3692 816 3763 quod
834 3692 971 3761 liapleme
989 3708 1061 3748 auno
1080 3691 1187 3747 demum
1203 3691 1269 3748 1619
1287 3706 1321 3746 ex
1334 3692 1420 3748 Remo

58 3778 197 3849 emporii
215 3780 271 3843 (eir.
290 3782 340 3834 vol.
359 3785 379 3835 1.
399 3800 425 3847 p.
445 3784 514 3850 606).

166 3866 201 3921 16
220 3866 335 3935 epistola
354 3865 519 3924 dedicatoria
530 3868 633 3939 primae
652 3869 738 3938 partis
750 3866 972 3937 Ephemeridum,
993 3864 1057 3921 data
1069 3865 1176 3923 Linclls
1190 3863 1247 3923 Cal.
1260 3864 1328 3922 lior.
1344 3866 1420 3935 1616,

57 3954 260 4025 imperatorem
285 3954 429 4010 Matthiam
454 3955 589 4013 allocutus
614 3955 700 4012 refert
723 3954 873 4025 Keplerus,
900 3953 1098 4024 imperatorem
1125 3953 1304 4023 lindolphum
1322 3952 1420 4009 amni

57 4038 212 4113 praesectis
231 4040 389 4109 mandasse,
415 4048 445 4097 ut
463 4042 574 4099 residua
600 4043 795 4114 stipendiorum
816 4041 864 4111 (ad
883 4042 953 4098 2000
970 4040 1012 4105 ii.)
1036 4040 1209 4095 exsolverent
1233 4047 1261 4097 et
1280 4038 1422 4096 61162066

57 4126 205 4183 adderent.
243 4128 275 4184 ld
294 4144 348 4195 qno
368 4128 456 4183 minus
476 4130 578 4184 iactum
602 4130 652 4198 sit,
677 4128 806 4185 ellectum
828 4144 890 4183 esse
914 4128 1073 4184 infelicitate
1099 4127 1270 4197 sequentium
1288 4141 1420 4181 annornm

58 4224 89 4271 et
107 4220 199 4269 morte
216 4212 366 4288 itudoipiri.
402 4215 444 4269 De
462 4225 607 4285 praesente
625 4223 751 4287 tempore
769 4215 838 4271 baec
855 4214 951 4270 affert:
975 4212 1015 4271 Αι
1035 4227 1094 4270 666
1111 4227 1166 4287 ego
1180 4217 1335 4287 propterea
1349 4226 1420 4286 pro·

57 4298 162 4377 posito
186 4295 285 4356 destiti
309 4315 364 4357 nec
387 4302 516 4358 animum
532 4298 719 4378 despondens
734 4299 772 4359 ad
789 4299 849 4360 alia
864 4300 955 4375 vulgo
972 4301 1139 4376 acceptiora
1158 4298 1310 4373 copiisque
1325 4312 1419 4357 rerum

57 4382 99 4447 ed
122 4385 206 4443 vitae
229 4383 414 4460 splendorem
438 4395 467 4447 et
490 4386 590 4447 luxum
613 4387 830 4448 abundantiora
854 4390 965 4459 transii,
994 4390 1064 4464 quin
1086 4386 1202 4463 potius,
1226 4392 1368 4460 quantum
1391 4394 1421 4443 et

58 4470 186 4551 publica
208 4472 382 4547 inquietudo
412 4482 442 4534 ot
465 4473 618 4535 domestici
641 4475 739 4535 luctus
761 4481 831 4533 sunt
855 4476 953 4551 passi,
985 4478 1013 4533 in
1037 4488 1260 4548 magnatorum
1283 4473 1420 4547 angnmia

58 4556 168 4621 sedulo
190 4560 315 4634 perrexi,
340 4558 433 4620 donec
456 4560 497 4621 M.
522 4562 628 4622 Vestra
650 4579 697 4622 me
720 4578 771 4638 per
793 4560 839 4620 lii.
863 4570 892 4622 ct
908 4561 982 4622 Gen.
1002 4561 1039 4622 D.
1054 4558 1226 4619 Helilricnm
1243 4577 1261 4617 6
1276 4558 1419 4630 bieclraw,

58 4647 253 4709 merlotum
270 4646 456 4706 consiliorum
473 4651 643 4725 participem
660 4656 689 4709 et
704 4665 873 4725 supremum
895 4650 1101 4715 camerarium,
1125 4648 1155 4704 in
1177 4646 1331 4722 proposito
1353 4662 1419 4705 tneo

59 4734 154 4811 inque
175 4735 307 4793 servitiis
321 4736 382 4795 suis
397 4738 552 4813 persistere
572 4737 698 4812 juberet,
722 4734 861 4795 subsidiis
884 4738 964 4809 istis,
988 4751 1064 4813 quae
1087 4733 1129 4794 ii.
1145 4732 1269 4793 Vestrae
1290 4731 1421 4792 ddeiiunr

61 4820 204 4883 amnas
226 4824 385 4899 superioris
407 4839 559 4899 procerum
586 4822 750 4885 liberalitas
772 4823 845 4883 mihi
867 4825 982 4901 roganti
1009 4823 1167 4900 superstite
1188 4816 1346 4898 Rudoipbo
1367 4820 1423 4880 trt-
