<?xml version="1.0" encoding="UTF-8"?>
<!DOCTYPE html PUBLIC "-//W3C//DTD XHTML 1.0 Transitional//EN"
    "http://www.w3.org/TR/xhtml1/DTD/xhtml1-transitional.dtd">
<html xmlns="http://www.w3.org/1999/xhtml" xml:lang="en" lang="en">
 <head>
  <title>
</title>
<meta http-equiv="Content-Type" content="text/html;charset=utf-8" />
  <meta name='ocr-system' content='tesseract 3.04.00' />
  <meta name='ocr-capabilities' content='ocr_page ocr_carea ocr_par ocr_line ocrx_word'/>
</head>
<body>
  <div class='ocr_page' id='page_1' title='image "./joanniskepleria00frisgoog/joanniskepleria00frisgoog_0987.png"; bbox 0 0 3308 5534; ppageno 0'>
   <div class='ocr_carea' id='block_1_1' title="bbox 504 404 1434 480">
    <p class='ocr_par' dir='ltr' id='par_1_1' title="bbox 504 404 1434 480">
     <span class='ocr_line' id='line_1_1' title="bbox 504 404 1434 480; baseline 0.017 -19"><span class='ocrx_word' id='word_1_1' title='bbox 504 404 548 461; x_wconf 81' lang='lat' dir='ltr'><strong>De</strong></span> <span class='ocrx_word' id='word_1_2' title='bbox 564 405 658 463; x_wconf 69' lang='lat' dir='ltr'><strong>amicis</strong></span> <span class='ocrx_word' id='word_1_3' title='bbox 676 412 704 463; x_wconf 81' lang='grc'><strong>11</strong></span> <span class='ocrx_word' id='word_1_4' title='bbox 721 405 873 464; x_wconf 74' lang='lat' dir='ltr'><strong>fautoribus</strong></span> <span class='ocrx_word' id='word_1_5' title='bbox 889 407 1012 480; x_wconf 74' lang='lat' dir='ltr'><strong>Kepleri.</strong></span> <span class='ocrx_word' id='word_1_6' title='bbox 1369 407 1434 477; x_wconf 84' lang='grc'><strong>983</strong></span> 
     </span>
    </p>
   </div>
   <div class='ocr_carea' id='block_1_2' title="bbox 72 580 1478 4848">
    <p class='ocr_par' dir='ltr' id='par_1_2' title="bbox 73 580 1478 2407">
     <span class='ocr_line' id='line_1_2' title="bbox 80 580 1435 665; baseline 0.004 -23"><span class='ocrx_word' id='word_1_7' title='bbox 80 584 190 661; x_wconf 72' lang='lat' dir='ltr'><strong>agitur.</strong></span> <span class='ocrx_word' id='word_1_8' title='bbox 237 582 285 643; x_wconf 80' lang='lat' dir='ltr'><strong>Ad</strong></span> <span class='ocrx_word' id='word_1_9' title='bbox 307 580 387 644; x_wconf 91' lang='lat' dir='ltr'><strong>huno</strong></span> <span class='ocrx_word' id='word_1_10' title='bbox 408 585 497 661; x_wconf 82' lang='lat' dir='ltr'><strong>igitur</strong></span> <span class='ocrx_word' id='word_1_11' title='bbox 526 585 629 663; x_wconf 90' lang='lat' dir='ltr'><strong>scripsi</strong></span> <span class='ocrx_word' id='word_1_12' title='bbox 659 586 831 664; x_wconf 83' lang='lat' dir='ltr'><strong>prolixius.“</strong></span> <span class='ocrx_word' id='word_1_13' title='bbox 878 584 991 663; x_wconf 80' lang='lat' dir='ltr'><strong>Quibus</strong></span> <span class='ocrx_word' id='word_1_14' title='bbox 1023 586 1121 647; x_wconf 86' lang='lat' dir='ltr'><strong>verbis</strong></span> <span class='ocrx_word' id='word_1_15' title='bbox 1144 585 1290 663; x_wconf 87' lang='lat' dir='ltr'><strong>Keplerus</strong></span> <span class='ocrx_word' id='word_1_16' title='bbox 1312 586 1341 645; x_wconf 94' lang='lat' dir='ltr'><strong>id</strong></span> <span class='ocrx_word' id='word_1_17' title='bbox 1364 589 1435 665; x_wconf 82' lang='lat' dir='ltr'><strong>egit,</strong></span> 
     </span>
     <span class='ocr_line' id='line_1_3' title="bbox 79 670 1436 748; baseline 0.003 -18"><span class='ocrx_word' id='word_1_18' title='bbox 79 678 115 731; x_wconf 89' lang='grc'><strong>11</strong></span> <span class='ocrx_word' id='word_1_19' title='bbox 134 670 256 747; x_wconf 81' lang='lat' dir='ltr'><strong>juvenis</strong></span> <span class='ocrx_word' id='word_1_20' title='bbox 279 678 374 731; x_wconf 91' lang='lat' dir='ltr'><strong>totum</strong></span> <span class='ocrx_word' id='word_1_21' title='bbox 396 674 525 731; x_wconf 89' lang='lat' dir='ltr'><strong>animum</strong></span> <span class='ocrx_word' id='word_1_22' title='bbox 549 676 747 735; x_wconf 76' lang='lat' dir='ltr'>astronomiae</span> <span class='ocrx_word' id='word_1_23' title='bbox 770 674 868 734; x_wconf 90' lang='lat' dir='ltr'><strong>studio</strong></span> <span class='ocrx_word' id='word_1_24' title='bbox 892 676 1070 748; x_wconf 79' lang='lat' dir='ltr'><strong>conciliaret,</strong></span> <span class='ocrx_word' id='word_1_25' title='bbox 1095 681 1124 734; x_wconf 89' lang='lat' dir='ltr'><strong>et</strong></span> <span class='ocrx_word' id='word_1_26' title='bbox 1148 673 1227 732; x_wconf 91' lang='lat' dir='ltr'><strong>haud</strong></span> <span class='ocrx_word' id='word_1_27' title='bbox 1243 674 1333 735; x_wconf 92' lang='lat' dir='ltr'><strong>dubie</strong></span> <span class='ocrx_word' id='word_1_28' title='bbox 1348 674 1436 734; x_wconf 90' lang='lat' dir='ltr'><strong>simui</strong></span> 
     </span>
     <span class='ocr_line' id='line_1_4' title="bbox 79 758 1434 838; baseline 0.003 -19"><span class='ocrx_word' id='word_1_29' title='bbox 79 758 138 819; x_wconf 86' lang='lat' dir='ltr'><strong>sibi</strong></span> <span class='ocrx_word' id='word_1_30' title='bbox 161 776 244 835; x_wconf 90' lang='lat' dir='ltr'><strong>spem</strong></span> <span class='ocrx_word' id='word_1_31' title='bbox 266 760 345 833; x_wconf 83' lang='lat' dir='ltr'><strong>iecit,</strong></span> <span class='ocrx_word' id='word_1_32' title='bbox 369 760 430 818; x_wconf 85' lang='lat' dir='ltr'><strong>iore</strong></span> <span class='ocrx_word' id='word_1_33' title='bbox 453 767 579 819; x_wconf 85' lang='grc'><strong>1111111</strong></span> <span class='ocrx_word' id='word_1_34' title='bbox 603 760 736 821; x_wconf 89' lang='lat' dir='ltr'><strong>laborum</strong></span> <span class='ocrx_word' id='word_1_35' title='bbox 758 770 837 822; x_wconf 88' lang='lat' dir='ltr'><strong>esset</strong></span> <span class='ocrx_word' id='word_1_36' title='bbox 860 761 993 837; x_wconf 84' lang='lat' dir='ltr'><strong>adjutor3</strong></span> <span class='ocrx_word' id='word_1_37' title='bbox 1017 764 1113 838; x_wconf 85' lang='lat' dir='ltr'><strong>pergit</strong></span> <span class='ocrx_word' id='word_1_38' title='bbox 1136 762 1212 820; x_wconf 91' lang='lat' dir='ltr'><strong>enim</strong></span> <span class='ocrx_word' id='word_1_39' title='bbox 1236 762 1295 820; x_wconf 91' lang='lat' dir='ltr'><strong>his:</strong></span> <span class='ocrx_word' id='word_1_40' title='bbox 1322 761 1434 838; x_wconf 88' lang='lat' dir='ltr'><strong>„Spero</strong></span> 
     </span>
     <span class='ocr_line' id='line_1_5' title="bbox 79 844 1435 925; baseline 0.001 -19"><span class='ocrx_word' id='word_1_41' title='bbox 79 864 100 906; x_wconf 83' lang='lat' dir='ltr'><strong>a</strong></span> <span class='ocrx_word' id='word_1_42' title='bbox 113 844 624 923; x_wconf 62' lang='grc'><strong>1111111111111111111111111111111</strong></span> <span class='ocrx_word' id='word_1_43' title='bbox 647 854 681 921; x_wconf 84' lang='lat' dir='ltr'><strong>(v.</strong></span> <span class='ocrx_word' id='word_1_44' title='bbox 700 868 721 907; x_wconf 87' lang='lat' dir='ltr'><strong>s.</strong></span> <span class='ocrx_word' id='word_1_45' title='bbox 739 869 768 922; x_wconf 90' lang='lat' dir='ltr'><strong>p.</strong></span> <span class='ocrx_word' id='word_1_46' title='bbox 787 854 859 923; x_wconf 89' lang='grc'><strong>770),</strong></span> <span class='ocrx_word' id='word_1_47' title='bbox 881 866 948 907; x_wconf 87' lang='lat' dir='ltr'><strong>nam</strong></span> <span class='ocrx_word' id='word_1_48' title='bbox 965 857 1098 908; x_wconf 90' lang='lat' dir='ltr'><strong>truncum</strong></span> <span class='ocrx_word' id='word_1_49' title='bbox 1115 847 1269 921; x_wconf 86' lang='lat' dir='ltr'><strong>nodosum,</strong></span> <span class='ocrx_word' id='word_1_50' title='bbox 1293 856 1435 925; x_wconf 78' lang='grc'><strong>1111111-</strong></span> 
     </span>
     <span class='ocr_line' id='line_1_6' title="bbox 77 932 1434 1012; baseline 0.002 -20"><span class='ocrx_word' id='word_1_51' title='bbox 77 934 135 992; x_wconf 86' lang='lat' dir='ltr'><strong>bar</strong></span> <span class='ocrx_word' id='word_1_52' title='bbox 150 950 184 993; x_wconf 86' lang='lat' dir='ltr'><strong>ex</strong></span> <span class='ocrx_word' id='word_1_53' title='bbox 200 950 342 993; x_wconf 89' lang='lat' dir='ltr'><strong>concessu</strong></span> <span class='ocrx_word' id='word_1_54' title='bbox 358 934 614 1009; x_wconf 85' lang='lat' dir='ltr'><strong>Noribergensium</strong></span> <span class='ocrx_word' id='word_1_55' title='bbox 631 932 827 1012; x_wconf 80' lang='lat' dir='ltr'><strong>(Odontlum),</strong></span> <span class='ocrx_word' id='word_1_56' title='bbox 843 938 941 995; x_wconf 89' lang='lat' dir='ltr'><strong>remisi</strong></span> <span class='ocrx_word' id='word_1_57' title='bbox 957 936 1126 996; x_wconf 78' lang='lat' dir='ltr'><strong>academiae</strong></span> <span class='ocrx_word' id='word_1_58' title='bbox 1141 953 1214 995; x_wconf 89' lang='lat' dir='ltr'><strong>suae</strong></span> <span class='ocrx_word' id='word_1_59' title='bbox 1231 935 1434 995; x_wconf 84' lang='lat' dir='ltr'><strong>Altdortiinae.</strong></span> 
     </span>
     <span class='ocr_line' id='line_1_7' title="bbox 76 1016 1435 1099; baseline 0.001 -19"><span class='ocrx_word' id='word_1_60' title='bbox 76 1016 145 1080; x_wconf 80' lang='lat' dir='ltr'><strong>uns</strong></span> <span class='ocrx_word' id='word_1_61' title='bbox 167 1019 255 1080; x_wconf 86' lang='grc'><strong>111111</strong></span> <span class='ocrx_word' id='word_1_62' title='bbox 275 1020 451 1080; x_wconf 88' lang='lat' dir='ltr'><strong>Maestlinus</strong></span> <span class='ocrx_word' id='word_1_63' title='bbox 478 1023 541 1097; x_wconf 92' lang='lat' dir='ltr'><strong>jam</strong></span> <span class='ocrx_word' id='word_1_64' title='bbox 572 1021 684 1098; x_wconf 86' lang='lat' dir='ltr'><strong>pridem</strong></span> <span class='ocrx_word' id='word_1_65' title='bbox 706 1020 764 1082; x_wconf 86' lang='lat' dir='ltr'><strong>boc</strong></span> <span class='ocrx_word' id='word_1_66' title='bbox 794 1024 919 1085; x_wconf 84' lang='lat' dir='ltr'><strong>tecum.“</strong></span> <span class='ocrx_word' id='word_1_67' title='bbox 967 1022 1146 1083; x_wconf 76' lang='lat' dir='ltr'><strong>clarioribus</strong></span> <span class='ocrx_word' id='word_1_68' title='bbox 1169 1022 1314 1099; x_wconf 87' lang='lat' dir='ltr'><strong>Keplerus</strong></span> <span class='ocrx_word' id='word_1_69' title='bbox 1343 1026 1435 1083; x_wconf 90' lang='lat' dir='ltr'><strong>utitur</strong></span> 
     </span>
     <span class='ocr_line' id='line_1_8' title="bbox 79 1106 1434 1188; baseline 0.002 -23"><span class='ocrx_word' id='word_1_70' title='bbox 79 1106 180 1167; x_wconf 82' lang='lat' dir='ltr'><strong>verbis</strong></span> <span class='ocrx_word' id='word_1_71' title='bbox 203 1116 327 1167; x_wconf 85' lang='lat' dir='ltr'><strong>exeunte</strong></span> <span class='ocrx_word' id='word_1_72' title='bbox 350 1107 406 1168; x_wconf 91' lang='lat' dir='ltr'><strong>bac</strong></span> <span class='ocrx_word' id='word_1_73' title='bbox 430 1107 564 1185; x_wconf 89' lang='lat' dir='ltr'><strong>epistola,</strong></span> <span class='ocrx_word' id='word_1_74' title='bbox 590 1125 666 1185; x_wconf 89' lang='lat' dir='ltr'><strong>quae</strong></span> <span class='ocrx_word' id='word_1_75' title='bbox 698 1108 764 1170; x_wconf 89' lang='lat' dir='ltr'><strong>loco</strong></span> <span class='ocrx_word' id='word_1_76' title='bbox 792 1108 871 1168; x_wconf 89' lang='lat' dir='ltr'><strong>dicto</strong></span> <span class='ocrx_word' id='word_1_77' title='bbox 894 1107 985 1169; x_wconf 90' lang='lat' dir='ltr'><strong>allata</strong></span> <span class='ocrx_word' id='word_1_78' title='bbox 1013 1117 1089 1168; x_wconf 90' lang='lat' dir='ltr'><strong>sunt.</strong></span> <span class='ocrx_word' id='word_1_79' title='bbox 1134 1107 1214 1184; x_wconf 84' lang='lat' dir='ltr'><strong>Quid</strong></span> <span class='ocrx_word' id='word_1_80' title='bbox 1237 1117 1335 1169; x_wconf 88' lang='lat' dir='ltr'><strong>autem</strong></span> <span class='ocrx_word' id='word_1_81' title='bbox 1358 1112 1434 1188; x_wconf 89' lang='lat' dir='ltr'><strong>patri</strong></span> 
     </span>
     <span class='ocr_line' id='line_1_9' title="bbox 78 1194 1434 1277; baseline 0.001 -23"><span class='ocrx_word' id='word_1_82' title='bbox 78 1196 245 1277; x_wconf 77' lang='lat' dir='ltr'><strong>scripserit,</strong></span> <span class='ocrx_word' id='word_1_83' title='bbox 277 1213 312 1255; x_wconf 87' lang='lat' dir='ltr'><strong>ex</strong></span> <span class='ocrx_word' id='word_1_84' title='bbox 335 1194 414 1254; x_wconf 90' lang='lat' dir='ltr'><strong>illius</strong></span> <span class='ocrx_word' id='word_1_85' title='bbox 437 1212 593 1273; x_wconf 90' lang='lat' dir='ltr'><strong>responso,</strong></span> <span class='ocrx_word' id='word_1_86' title='bbox 616 1213 706 1274; x_wconf 89' lang='lat' dir='ltr'><strong>supra</strong></span> <span class='ocrx_word' id='word_1_87' title='bbox 726 1213 796 1274; x_wconf 84' lang='lat' dir='ltr'><strong>pag.</strong></span> <span class='ocrx_word' id='word_1_88' title='bbox 822 1202 883 1256; x_wconf 87' lang='grc'><strong>779</strong></span> <span class='ocrx_word' id='word_1_89' title='bbox 908 1197 1003 1256; x_wconf 89' lang='lat' dir='ltr'><strong>obiter</strong></span> <span class='ocrx_word' id='word_1_90' title='bbox 1024 1195 1147 1270; x_wconf 89' lang='lat' dir='ltr'><strong>tradito,</strong></span> <span class='ocrx_word' id='word_1_91' title='bbox 1172 1197 1355 1274; x_wconf 88' lang='lat' dir='ltr'><strong>aliquantum</strong></span> <span class='ocrx_word' id='word_1_92' title='bbox 1378 1214 1434 1276; x_wconf 91' lang='lat' dir='ltr'><strong>ap-</strong></span> 
     </span>
     <span class='ocr_line' id='line_1_10' title="bbox 78 1281 1433 1362; baseline 0.001 -21"><span class='ocrx_word' id='word_1_93' title='bbox 78 1287 174 1360; x_wconf 89' lang='lat' dir='ltr'><strong>paret.</strong></span> <span class='ocrx_word' id='word_1_94' title='bbox 219 1282 249 1340; x_wconf 88' lang='lat' dir='ltr'><strong>Is</strong></span> <span class='ocrx_word' id='word_1_95' title='bbox 279 1284 356 1342; x_wconf 89' lang='lat' dir='ltr'><strong>enim</strong></span> <span class='ocrx_word' id='word_1_96' title='bbox 387 1281 624 1358; x_wconf 82' lang='lat' dir='ltr'><strong>indignabundus</strong></span> <span class='ocrx_word' id='word_1_97' title='bbox 651 1285 768 1362; x_wconf 85' lang='lat' dir='ltr'><strong>scripsit</strong></span> <span class='ocrx_word' id='word_1_98' title='bbox 797 1283 885 1343; x_wconf 86' lang='lat' dir='ltr'><strong>haec:</strong></span> <span class='ocrx_word' id='word_1_99' title='bbox 919 1283 985 1355; x_wconf 84' lang='lat' dir='ltr'><strong>„Ad</strong></span> <span class='ocrx_word' id='word_1_100' title='bbox 1014 1284 1105 1342; x_wconf 86' lang='lat' dir='ltr'><strong>tilium</strong></span> <span class='ocrx_word' id='word_1_101' title='bbox 1133 1300 1230 1346; x_wconf 85' lang='lat' dir='ltr'><strong>meum</strong></span> <span class='ocrx_word' id='word_1_102' title='bbox 1265 1283 1433 1343; x_wconf 84' lang='lat' dir='ltr'><strong>Samuelem</strong></span> 
     </span>
     <span class='ocr_line' id='line_1_11' title="bbox 78 1368 1433 1448; baseline 0.001 -19"><span class='ocrx_word' id='word_1_103' title='bbox 78 1368 160 1446; x_wconf 88' lang='lat' dir='ltr'><strong>quod</strong></span> <span class='ocrx_word' id='word_1_104' title='bbox 183 1371 296 1442; x_wconf 90' lang='lat' dir='ltr'><strong>attinet,</strong></span> <span class='ocrx_word' id='word_1_105' title='bbox 320 1378 351 1429; x_wconf 94' lang='lat' dir='ltr'><strong>tu</strong></span> <span class='ocrx_word' id='word_1_106' title='bbox 374 1372 495 1430; x_wconf 87' lang='lat' dir='ltr'><strong>naenias</strong></span> <span class='ocrx_word' id='word_1_107' title='bbox 517 1373 610 1448; x_wconf 91' lang='lat' dir='ltr'><strong>ipsius</strong></span> <span class='ocrx_word' id='word_1_108' title='bbox 625 1372 746 1429; x_wconf 89' lang='lat' dir='ltr'><strong>nimium</strong></span> <span class='ocrx_word' id='word_1_109' title='bbox 765 1370 848 1445; x_wconf 88' lang='lat' dir='ltr'><strong>justo</strong></span> <span class='ocrx_word' id='word_1_110' title='bbox 871 1370 991 1433; x_wconf 85' lang='lat' dir='ltr'><strong>attollis.</strong></span> <span class='ocrx_word' id='word_1_111' title='bbox 1027 1371 1096 1430; x_wconf 83' lang='lat' dir='ltr'><strong>Tiro</strong></span> <span class='ocrx_word' id='word_1_112' title='bbox 1120 1370 1169 1430; x_wconf 91' lang='lat' dir='ltr'><strong>illc</strong></span> <span class='ocrx_word' id='word_1_113' title='bbox 1192 1380 1236 1430; x_wconf 90' lang='lat' dir='ltr'><strong>est</strong></span> <span class='ocrx_word' id='word_1_114' title='bbox 1259 1380 1288 1430; x_wconf 87' lang='lat' dir='ltr'><strong>et</strong></span> <span class='ocrx_word' id='word_1_115' title='bbox 1309 1374 1433 1432; x_wconf 89' lang='lat' dir='ltr'><strong>tironem</strong></span> 
     </span>
     <span class='ocr_line' id='line_1_12' title="bbox 78 1452 1478 1536; baseline 0.001 -20"><span class='ocrx_word' id='word_1_116' title='bbox 78 1454 259 1535; x_wconf 85' lang='lat' dir='ltr'><strong>appellando</strong></span> <span class='ocrx_word' id='word_1_117' title='bbox 282 1457 402 1516; x_wconf 90' lang='lat' dir='ltr'><strong>nimium</strong></span> <span class='ocrx_word' id='word_1_118' title='bbox 426 1456 534 1516; x_wconf 76' lang='lat' dir='ltr'><strong>dixisse</strong></span> <span class='ocrx_word' id='word_1_119' title='bbox 557 1464 644 1535; x_wconf 92' lang='lat' dir='ltr'><strong>puto,</strong></span> <span class='ocrx_word' id='word_1_120' title='bbox 677 1475 744 1516; x_wconf 87' lang='lat' dir='ltr'><strong>nam</strong></span> <span class='ocrx_word' id='word_1_121' title='bbox 768 1467 797 1517; x_wconf 89' lang='lat' dir='ltr'><strong>ct</strong></span> <span class='ocrx_word' id='word_1_122' title='bbox 820 1460 883 1536; x_wconf 88' lang='lat' dir='ltr'><strong>ipse</strong></span> <span class='ocrx_word' id='word_1_123' title='bbox 906 1474 961 1533; x_wconf 83' lang='lat' dir='ltr'><strong>ego</strong></span> <span class='ocrx_word' id='word_1_124' title='bbox 990 1460 1019 1515; x_wconf 93' lang='lat' dir='ltr'><strong>in</strong></span> <span class='ocrx_word' id='word_1_125' title='bbox 1042 1457 1258 1518; x_wconf 74' lang='lat' dir='ltr'><strong>mathematicis</strong></span> <span class='ocrx_word' id='word_1_126' title='bbox 1280 1460 1336 1518; x_wconf 88' lang='lat' dir='ltr'><strong>tiro</strong></span> <span class='ocrx_word' id='word_1_127' title='bbox 1358 1476 1433 1533; x_wconf 89' lang='lat' dir='ltr'><strong>sum,</strong></span> <span class='ocrx_word' id='word_1_128' title='bbox 1474 1452 1478 1460; x_wconf 78' lang='lat'>&#39;</span> 
     </span>
     <span class='ocr_line' id='line_1_13' title="bbox 76 1541 1432 1622; baseline 0.001 -19"><span class='ocrx_word' id='word_1_129' title='bbox 76 1550 298 1622; x_wconf 80' lang='lat' dir='ltr'><strong>praeceptorem</strong></span> <span class='ocrx_word' id='word_1_130' title='bbox 322 1553 420 1604; x_wconf 88' lang='lat' dir='ltr'><strong>tamen</strong></span> <span class='ocrx_word' id='word_1_131' title='bbox 447 1541 527 1603; x_wconf 89' lang='lat' dir='ltr'><strong>illius</strong></span> <span class='ocrx_word' id='word_1_132' title='bbox 556 1560 644 1619; x_wconf 85' lang='lat' dir='ltr'><strong>agere</strong></span> <span class='ocrx_word' id='word_1_133' title='bbox 666 1545 745 1603; x_wconf 90' lang='lat' dir='ltr'><strong>bona</strong></span> <span class='ocrx_word' id='word_1_134' title='bbox 773 1561 838 1603; x_wconf 89' lang='lat' dir='ltr'><strong>eum</strong></span> <span class='ocrx_word' id='word_1_135' title='bbox 861 1545 1040 1604; x_wconf 90' lang='lat' dir='ltr'><strong>conscientia</strong></span> <span class='ocrx_word' id='word_1_136' title='bbox 1068 1563 1183 1622; x_wconf 90' lang='lat' dir='ltr'><strong>queam.</strong></span> <span class='ocrx_word' id='word_1_137' title='bbox 1229 1544 1288 1604; x_wconf 88' lang='lat' dir='ltr'><strong>Sed</strong></span> <span class='ocrx_word' id='word_1_138' title='bbox 1307 1546 1371 1621; x_wconf 85' lang='lat' dir='ltr'><strong>jam</strong></span> <span class='ocrx_word' id='word_1_139' title='bbox 1394 1544 1432 1605; x_wconf 90' lang='lat' dir='ltr'><strong>ad</strong></span> 
     </span>
     <span class='ocr_line' id='line_1_14' title="bbox 76 1628 1433 1707; baseline 0.001 -18"><span class='ocrx_word' id='word_1_140' title='bbox 76 1628 110 1689; x_wconf 90' lang='lat' dir='ltr'><strong>ld</strong></span> <span class='ocrx_word' id='word_1_141' title='bbox 133 1629 251 1702; x_wconf 86' lang='lat' dir='ltr'><strong>accedo,</strong></span> <span class='ocrx_word' id='word_1_142' title='bbox 275 1631 353 1707; x_wconf 92' lang='lat' dir='ltr'><strong>quod</strong></span> <span class='ocrx_word' id='word_1_143' title='bbox 370 1630 464 1691; x_wconf 89' lang='lat' dir='ltr'><strong>dicam</strong></span> <span class='ocrx_word' id='word_1_144' title='bbox 480 1632 623 1691; x_wconf 85' lang='lat' dir='ltr'><strong>avaritiae</strong></span> <span class='ocrx_word' id='word_1_145' title='bbox 638 1631 708 1690; x_wconf 91' lang='lat' dir='ltr'><strong>mibi</strong></span> <span class='ocrx_word' id='word_1_146' title='bbox 725 1630 876 1705; x_wconf 79' lang='lat' dir='ltr'><strong>adscribis,</strong></span> <span class='ocrx_word' id='word_1_147' title='bbox 901 1649 987 1707; x_wconf 91' lang='lat' dir='ltr'><strong>quam</strong></span> <span class='ocrx_word' id='word_1_148' title='bbox 1006 1633 1147 1692; x_wconf 89' lang='lat' dir='ltr'><strong>sectando</strong></span> <span class='ocrx_word' id='word_1_149' title='bbox 1161 1631 1318 1691; x_wconf 91' lang='lat' dir='ltr'><strong>liberorum</strong></span> <span class='ocrx_word' id='word_1_150' title='bbox 1335 1632 1433 1691; x_wconf 90' lang='lat' dir='ltr'><strong>studia</strong></span> 
     </span>
     <span class='ocr_line' id='line_1_15' title="bbox 77 1716 1433 1798; baseline -0.001 -20"><span class='ocrx_word' id='word_1_151' title='bbox 77 1726 110 1778; x_wconf 87' lang='lat' dir='ltr'><strong>et</strong></span> <span class='ocrx_word' id='word_1_152' title='bbox 132 1716 258 1777; x_wconf 87' lang='lat' dir='ltr'><strong>salutem</strong></span> <span class='ocrx_word' id='word_1_153' title='bbox 281 1717 439 1795; x_wconf 81' lang='lat' dir='ltr'><strong>negligam.</strong></span> <span class='ocrx_word' id='word_1_154' title='bbox 470 1718 515 1777; x_wconf 88' lang='lat' dir='ltr'><strong>Ea</strong></span> <span class='ocrx_word' id='word_1_155' title='bbox 537 1719 566 1776; x_wconf 92' lang='grc'><strong>11</strong></span> <span class='ocrx_word' id='word_1_156' title='bbox 589 1734 630 1791; x_wconf 86' lang='grc'><strong>11,</strong></span> <span class='ocrx_word' id='word_1_157' title='bbox 654 1720 725 1795; x_wconf 87' lang='lat' dir='ltr'><strong>quia</strong></span> <span class='ocrx_word' id='word_1_158' title='bbox 746 1721 856 1798; x_wconf 91' lang='lat' dir='ltr'><strong>primus</strong></span> <span class='ocrx_word' id='word_1_159' title='bbox 878 1719 948 1777; x_wconf 92' lang='lat' dir='ltr'><strong>mihi</strong></span> <span class='ocrx_word' id='word_1_160' title='bbox 972 1720 1045 1778; x_wconf 90' lang='lat' dir='ltr'><strong>haec</strong></span> <span class='ocrx_word' id='word_1_161' title='bbox 1068 1721 1172 1795; x_wconf 85' lang='lat' dir='ltr'><strong>objicis</strong></span> <span class='ocrx_word' id='word_1_162' title='bbox 1195 1726 1224 1778; x_wconf 89' lang='grc'><strong>11</strong></span> <span class='ocrx_word' id='word_1_163' title='bbox 1248 1721 1318 1795; x_wconf 89' lang='lat' dir='ltr'><strong>quis</strong></span> <span class='ocrx_word' id='word_1_164' title='bbox 1334 1722 1433 1795; x_wconf 91' lang='lat' dir='ltr'><strong>quoti·</strong></span> 
     </span>
     <span class='ocr_line' id='line_1_16' title="bbox 78 1804 1433 1884; baseline -0.001 -20"><span class='ocrx_word' id='word_1_165' title='bbox 78 1804 169 1864; x_wconf 84' lang='lat' dir='ltr'><strong>diana</strong></span> <span class='ocrx_word' id='word_1_166' title='bbox 191 1807 290 1881; x_wconf 86' lang='lat' dir='ltr'><strong>praxis</strong></span> <span class='ocrx_word' id='word_1_167' title='bbox 312 1823 363 1883; x_wconf 90' lang='lat' dir='ltr'><strong>per</strong></span> <span class='ocrx_word' id='word_1_168' title='bbox 386 1806 443 1865; x_wconf 90' lang='lat' dir='ltr'><strong>Dei</strong></span> <span class='ocrx_word' id='word_1_169' title='bbox 465 1807 590 1882; x_wconf 84' lang='lat' dir='ltr'><strong>gratiam</strong></span> <span class='ocrx_word' id='word_1_170' title='bbox 613 1822 660 1865; x_wconf 87' lang='lat' dir='ltr'><strong>mc</strong></span> <span class='ocrx_word' id='word_1_171' title='bbox 683 1808 736 1880; x_wconf 89' lang='lat' dir='ltr'><strong>iis,</strong></span> <span class='ocrx_word' id='word_1_172' title='bbox 760 1808 868 1883; x_wconf 89' lang='lat' dir='ltr'><strong>quibus</strong></span> <span class='ocrx_word' id='word_1_173' title='bbox 890 1815 977 1865; x_wconf 89' lang='lat' dir='ltr'><strong>notus</strong></span> <span class='ocrx_word' id='word_1_174' title='bbox 1000 1824 1080 1882; x_wconf 90' lang='lat' dir='ltr'><strong>sum,</strong></span> <span class='ocrx_word' id='word_1_175' title='bbox 1112 1808 1184 1866; x_wconf 89' lang='lat' dir='ltr'><strong>salis</strong></span> <span class='ocrx_word' id='word_1_176' title='bbox 1208 1814 1330 1884; x_wconf 81' lang='lat' dir='ltr'><strong>purgat,</strong></span> <span class='ocrx_word' id='word_1_177' title='bbox 1359 1805 1433 1864; x_wconf 90' lang='lat' dir='ltr'><strong>nibil</strong></span> 
     </span>
     <span class='ocr_line' id='line_1_17' title="bbox 77 1891 1433 1972; baseline 0.001 -21"><span class='ocrx_word' id='word_1_178' title='bbox 77 1891 218 1969; x_wconf 81' lang='lat' dir='ltr'><strong>adjiciam</strong></span> <span class='ocrx_word' id='word_1_179' title='bbox 242 1893 376 1970; x_wconf 90' lang='lat' dir='ltr'><strong>amplius.</strong></span> <span class='ocrx_word' id='word_1_180' title='bbox 422 1891 536 1968; x_wconf 84' lang='lat' dir='ltr'><strong>Quodsi</strong></span> <span class='ocrx_word' id='word_1_181' title='bbox 559 1910 629 1952; x_wconf 86' lang='lat' dir='ltr'><strong>vero</strong></span> <span class='ocrx_word' id='word_1_182' title='bbox 653 1900 749 1972; x_wconf 89' lang='lat' dir='ltr'><strong>putas,</strong></span> <span class='ocrx_word' id='word_1_183' title='bbox 774 1893 918 1968; x_wconf 82' lang='lat' dir='ltr'><strong>ejusmodi</strong></span> <span class='ocrx_word' id='word_1_184' title='bbox 938 1893 1085 1969; x_wconf 76' lang='lat' dir='ltr'><strong>juvenilia</strong></span> <span class='ocrx_word' id='word_1_185' title='bbox 1107 1896 1235 1969; x_wconf 81' lang='lat' dir='ltr'><strong>ingenia,</strong></span> <span class='ocrx_word' id='word_1_186' title='bbox 1262 1893 1349 1969; x_wconf 88' lang='lat' dir='ltr'><strong>quale</strong></span> <span class='ocrx_word' id='word_1_187' title='bbox 1372 1892 1433 1953; x_wconf 86' lang='lat' dir='ltr'><strong>filio</strong></span> 
     </span>
     <span class='ocr_line' id='line_1_18' title="bbox 77 1979 1430 2059; baseline 0.001 -20"><span class='ocrx_word' id='word_1_188' title='bbox 77 1996 147 2039; x_wconf 87' lang='lat' dir='ltr'><strong>meo</strong></span> <span class='ocrx_word' id='word_1_189' title='bbox 165 1979 228 2055; x_wconf 86' lang='lat' dir='ltr'><strong>jam</strong></span> <span class='ocrx_word' id='word_1_190' title='bbox 252 1988 304 2054; x_wconf 89' lang='lat' dir='ltr'><strong>cst,</strong></span> <span class='ocrx_word' id='word_1_191' title='bbox 328 1982 421 2039; x_wconf 89' lang='lat' dir='ltr'><strong>omnis</strong></span> <span class='ocrx_word' id='word_1_192' title='bbox 443 1981 558 2057; x_wconf 86' lang='lat' dir='ltr'><strong>generis</strong></span> <span class='ocrx_word' id='word_1_193' title='bbox 583 1981 719 2040; x_wconf 87' lang='lat' dir='ltr'><strong>vitiorum</strong></span> <span class='ocrx_word' id='word_1_194' title='bbox 742 1996 778 2040; x_wconf 88' lang='lat' dir='ltr'><strong>ac</strong></span> <span class='ocrx_word' id='word_1_195' title='bbox 800 1980 943 2040; x_wconf 87' lang='lat' dir='ltr'><strong>scelerum</strong></span> <span class='ocrx_word' id='word_1_196' title='bbox 959 1980 1097 2059; x_wconf 86' lang='lat' dir='ltr'><strong>periculis</strong></span> <span class='ocrx_word' id='word_1_197' title='bbox 1119 1981 1353 2056; x_wconf 85' lang='lat' dir='ltr'><strong>haeresibusque</strong></span> <span class='ocrx_word' id='word_1_198' title='bbox 1375 1980 1430 2040; x_wconf 92' lang='lat' dir='ltr'><strong>ob·</strong></span> 
     </span>
     <span class='ocr_line' id='line_1_19' title="bbox 73 2064 1433 2146; baseline -0.001 -19"><span class='ocrx_word' id='word_1_199' title='bbox 73 2066 225 2145; x_wconf 83' lang='lat' dir='ltr'><strong>jactanda,</strong></span> <span class='ocrx_word' id='word_1_200' title='bbox 248 2070 290 2127; x_wconf 86' lang='lat' dir='ltr'><strong>alc</strong></span> <span class='ocrx_word' id='word_1_201' title='bbox 313 2070 390 2126; x_wconf 90' lang='lat' dir='ltr'><strong>enim</strong></span> <span class='ocrx_word' id='word_1_202' title='bbox 405 2067 551 2127; x_wconf 88' lang='lat' dir='ltr'><strong>nobiliora</strong></span> <span class='ocrx_word' id='word_1_203' title='bbox 565 2064 713 2144; x_wconf 87' lang='lat' dir='ltr'><strong>praeclare</strong></span> <span class='ocrx_word' id='word_1_204' title='bbox 729 2068 883 2146; x_wconf 86' lang='lat' dir='ltr'><strong>probatum</strong></span> <span class='ocrx_word' id='word_1_205' title='bbox 906 2070 950 2141; x_wconf 90' lang='lat' dir='ltr'><strong>iri,</strong></span> <span class='ocrx_word' id='word_1_206' title='bbox 975 2068 1047 2126; x_wconf 90' lang='lat' dir='ltr'><strong>nihil</strong></span> <span class='ocrx_word' id='word_1_207' title='bbox 1071 2067 1183 2141; x_wconf 89' lang='lat' dir='ltr'><strong>celabo,</strong></span> <span class='ocrx_word' id='word_1_208' title='bbox 1207 2068 1278 2126; x_wconf 89' lang='lat' dir='ltr'><strong>mihi</strong></span> <span class='ocrx_word' id='word_1_209' title='bbox 1302 2083 1433 2127; x_wconf 90' lang='lat' dir='ltr'><strong>meorum</strong></span> 
     </span>
     <span class='ocr_line' id='line_1_20' title="bbox 75 2152 1435 2233; baseline 0 -19"><span class='ocrx_word' id='word_1_210' title='bbox 75 2153 235 2214; x_wconf 86' lang='lat' dir='ltr'><strong>liberorum</strong></span> <span class='ocrx_word' id='word_1_211' title='bbox 259 2158 371 2232; x_wconf 90' lang='lat' dir='ltr'><strong>parenti</strong></span> <span class='ocrx_word' id='word_1_212' title='bbox 395 2155 482 2231; x_wconf 82' lang='lat' dir='ltr'><strong>longe</strong></span> <span class='ocrx_word' id='word_1_213' title='bbox 505 2152 592 2213; x_wconf 91' lang='lat' dir='ltr'><strong>aliam</strong></span> <span class='ocrx_word' id='word_1_214' title='bbox 620 2161 746 2214; x_wconf 90' lang='lat' dir='ltr'><strong>mentem</strong></span> <span class='ocrx_word' id='word_1_215' title='bbox 768 2172 843 2214; x_wconf 88' lang='lat' dir='ltr'><strong>esse.</strong></span> <span class='ocrx_word' id='word_1_216' title='bbox 888 2154 963 2213; x_wconf 87' lang='lat' dir='ltr'><strong>Nam</strong></span> <span class='ocrx_word' id='word_1_217' title='bbox 987 2172 1060 2233; x_wconf 91' lang='lat' dir='ltr'><strong>opus</strong></span> <span class='ocrx_word' id='word_1_218' title='bbox 1084 2164 1114 2214; x_wconf 89' lang='lat' dir='ltr'><strong>et</strong></span> <span class='ocrx_word' id='word_1_219' title='bbox 1135 2154 1219 2215; x_wconf 89' lang='lat' dir='ltr'><strong>labor</strong></span> <span class='ocrx_word' id='word_1_220' title='bbox 1241 2164 1294 2228; x_wconf 87' lang='lat' dir='ltr'><strong>est,</strong></span> <span class='ocrx_word' id='word_1_221' title='bbox 1318 2162 1352 2213; x_wconf 91' lang='lat' dir='ltr'><strong>ut</strong></span> <span class='ocrx_word' id='word_1_222' title='bbox 1368 2156 1435 2233; x_wconf 89' lang='lat' dir='ltr'><strong>pie·</strong></span> 
     </span>
     <span class='ocr_line' id='line_1_21' title="bbox 75 2239 1433 2320; baseline -0.001 -18"><span class='ocrx_word' id='word_1_223' title='bbox 75 2247 170 2302; x_wconf 81' lang='grc'><strong>1111111</strong></span> <span class='ocrx_word' id='word_1_224' title='bbox 201 2239 310 2315; x_wconf 90' lang='lat' dir='ltr'><strong>colant,</strong></span> <span class='ocrx_word' id='word_1_225' title='bbox 342 2245 368 2301; x_wconf 92' lang='lat' dir='ltr'><strong>si</strong></span> <span class='ocrx_word' id='word_1_226' title='bbox 396 2244 522 2302; x_wconf 85' lang='lat' dir='ltr'><strong>maxime</strong></span> <span class='ocrx_word' id='word_1_227' title='bbox 553 2244 652 2319; x_wconf 83' lang='lat' dir='ltr'><strong>pravis</strong></span> <span class='ocrx_word' id='word_1_228' title='bbox 684 2242 826 2320; x_wconf 83' lang='lat' dir='ltr'><strong>exemplis</strong></span> <span class='ocrx_word' id='word_1_229' title='bbox 858 2257 916 2301; x_wconf 92' lang='lat' dir='ltr'><strong>uon</strong></span> <span class='ocrx_word' id='word_1_230' title='bbox 947 2249 1177 2320; x_wconf 87' lang='lat' dir='ltr'><strong>corrumpantur.</strong></span> <span class='ocrx_word' id='word_1_231' title='bbox 1229 2241 1288 2302; x_wconf 82' lang='lat' dir='ltr'><strong>Sed</strong></span> <span class='ocrx_word' id='word_1_232' title='bbox 1319 2242 1433 2302; x_wconf 89' lang='lat' dir='ltr'><strong>interim</strong></span> 
     </span>
     <span class='ocr_line' id='line_1_22' title="bbox 75 2329 969 2407; baseline 0 -19"><span class='ocrx_word' id='word_1_233' title='bbox 75 2331 190 2407; x_wconf 76' lang='lat' dir='ltr'><strong>gratias</strong></span> <span class='ocrx_word' id='word_1_234' title='bbox 213 2346 269 2407; x_wconf 83' lang='lat' dir='ltr'><strong>ago</strong></span> <span class='ocrx_word' id='word_1_235' title='bbox 293 2347 344 2407; x_wconf 90' lang='lat' dir='ltr'><strong>pro</strong></span> <span class='ocrx_word' id='word_1_236' title='bbox 367 2332 461 2390; x_wconf 90' lang='lat' dir='ltr'><strong>amico</strong></span> <span class='ocrx_word' id='word_1_237' title='bbox 484 2331 513 2386; x_wconf 92' lang='lat' dir='ltr'><strong>iu</strong></span> <span class='ocrx_word' id='word_1_238' title='bbox 537 2345 583 2388; x_wconf 91' lang='lat' dir='ltr'><strong>me</strong></span> <span class='ocrx_word' id='word_1_239' title='bbox 605 2344 747 2406; x_wconf 89' lang='lat' dir='ltr'><strong>meosque</strong></span> <span class='ocrx_word' id='word_1_240' title='bbox 768 2329 904 2389; x_wconf 79' lang='lat' dir='ltr'><strong>affectu.“</strong></span> <span class='ocrx_word' id='word_1_241' title='bbox 931 2362 969 2372; x_wconf 94' lang='lat'><em>-</em></span> 
     </span>
    </p>

    <p class='ocr_par' dir='ltr' id='par_1_3' title="bbox 72 2414 1457 4848">
     <span class='ocr_line' id='line_1_23' title="bbox 183 2414 1432 2495; baseline -0.001 -20"><span class='ocrx_word' id='word_1_242' title='bbox 183 2414 338 2495; x_wconf 82' lang='lat' dir='ltr'><strong>Superiora</strong></span> <span class='ocrx_word' id='word_1_243' title='bbox 357 2417 420 2492; x_wconf 91' lang='lat' dir='ltr'><strong>jam</strong></span> <span class='ocrx_word' id='word_1_244' title='bbox 443 2416 510 2476; x_wconf 90' lang='lat' dir='ltr'><strong>loco</strong></span> <span class='ocrx_word' id='word_1_245' title='bbox 534 2425 791 2476; x_wconf 87' lang='lat' dir='ltr'><strong>commemoratum</strong></span> <span class='ocrx_word' id='word_1_246' title='bbox 814 2424 872 2488; x_wconf 89' lang='lat' dir='ltr'><strong>est,</strong></span> <span class='ocrx_word' id='word_1_247' title='bbox 902 2415 992 2475; x_wconf 89' lang='lat' dir='ltr'><strong>talem</strong></span> <span class='ocrx_word' id='word_1_248' title='bbox 1018 2416 1109 2475; x_wconf 85' lang='lat' dir='ltr'><strong>luisse</strong></span> <span class='ocrx_word' id='word_1_249' title='bbox 1131 2416 1254 2494; x_wconf 90' lang='lat' dir='ltr'><strong>Kepleri</strong></span> <span class='ocrx_word' id='word_1_250' title='bbox 1285 2423 1432 2491; x_wconf 88' lang='lat' dir='ltr'><strong>naturam,</strong></span> 
     </span>
     <span class='ocr_line' id='line_1_24' title="bbox 74 2504 1432 2582; baseline 0 -20"><span class='ocrx_word' id='word_1_251' title='bbox 74 2508 111 2563; x_wconf 90' lang='grc'><strong>11</strong></span> <span class='ocrx_word' id='word_1_252' title='bbox 133 2504 327 2579; x_wconf 84' lang='lat' dir='ltr'><strong>cogitationes</strong></span> <span class='ocrx_word' id='word_1_253' title='bbox 350 2507 400 2563; x_wconf 84' lang='lat' dir='ltr'><strong>vix</strong></span> <span class='ocrx_word' id='word_1_254' title='bbox 423 2514 508 2564; x_wconf 90' lang='lat' dir='ltr'><strong>natas</strong></span> <span class='ocrx_word' id='word_1_255' title='bbox 532 2504 671 2563; x_wconf 87' lang='lat' dir='ltr'><strong>brevibus</strong></span> <span class='ocrx_word' id='word_1_256' title='bbox 695 2504 886 2582; x_wconf 85' lang='lat' dir='ltr'><strong>perscriberet</strong></span> <span class='ocrx_word' id='word_1_257' title='bbox 915 2506 1133 2579; x_wconf 86' lang='lat' dir='ltr'><strong>amicorumque</strong></span> <span class='ocrx_word' id='word_1_258' title='bbox 1157 2511 1187 2562; x_wconf 88' lang='grc'><strong>11</strong></span> <span class='ocrx_word' id='word_1_259' title='bbox 1209 2510 1379 2582; x_wconf 87' lang='lat' dir='ltr'><strong>exspectata</strong></span> <span class='ocrx_word' id='word_1_260' title='bbox 1402 2510 1432 2563; x_wconf 89' lang='lat' dir='ltr'><strong>et</strong></span> 
     </span>
     <span class='ocr_line' id='line_1_25' title="bbox 75 2588 1432 2669; baseline 0 -20"><span class='ocrx_word' id='word_1_261' title='bbox 75 2590 252 2668; x_wconf 74' lang='lat' dir='ltr'><strong>gravissime</strong></span> <span class='ocrx_word' id='word_1_262' title='bbox 273 2591 424 2669; x_wconf 89' lang='lat' dir='ltr'><strong>postulata</strong></span> <span class='ocrx_word' id='word_1_263' title='bbox 446 2588 677 2651; x_wconf 82' lang='lat' dir='ltr'><strong>contradictione</strong></span> <span class='ocrx_word' id='word_1_264' title='bbox 700 2590 737 2650; x_wconf 91' lang='lat' dir='ltr'><strong>ad</strong></span> <span class='ocrx_word' id='word_1_265' title='bbox 760 2608 810 2651; x_wconf 87' lang='lat' dir='ltr'><strong>eas</strong></span> <span class='ocrx_word' id='word_1_266' title='bbox 826 2588 952 2667; x_wconf 91' lang='lat' dir='ltr'><strong>amplius</strong></span> <span class='ocrx_word' id='word_1_267' title='bbox 968 2589 1151 2649; x_wconf 86' lang='lat' dir='ltr'><strong>meditandas</strong></span> <span class='ocrx_word' id='word_1_268' title='bbox 1167 2598 1197 2650; x_wconf 89' lang='lat' dir='ltr'><strong>et</strong></span> <span class='ocrx_word' id='word_1_269' title='bbox 1213 2589 1432 2669; x_wconf 87' lang='lat' dir='ltr'><strong>pertractandas</strong></span> 
     </span>
     <span class='ocr_line' id='line_1_26' title="bbox 75 2677 1433 2757; baseline -0.001 -20"><span class='ocrx_word' id='word_1_270' title='bbox 75 2677 249 2757; x_wconf 86' lang='lat' dir='ltr'><strong>perductum</strong></span> <span class='ocrx_word' id='word_1_271' title='bbox 273 2696 305 2737; x_wconf 89' lang='lat' dir='ltr'><strong>se</strong></span> <span class='ocrx_word' id='word_1_272' title='bbox 329 2679 427 2739; x_wconf 88' lang='lat' dir='ltr'><strong>vellet.</strong></span> <span class='ocrx_word' id='word_1_273' title='bbox 473 2677 569 2753; x_wconf 84' lang='lat' dir='ltr'><strong>Quam</strong></span> <span class='ocrx_word' id='word_1_274' title='bbox 593 2679 724 2736; x_wconf 86' lang='lat' dir='ltr'><strong>intimam</strong></span> <span class='ocrx_word' id='word_1_275' title='bbox 747 2677 895 2753; x_wconf 87' lang='lat' dir='ltr'><strong>cogitandi</strong></span> <span class='ocrx_word' id='word_1_276' title='bbox 920 2686 949 2737; x_wconf 89' lang='lat' dir='ltr'><strong>et</strong></span> <span class='ocrx_word' id='word_1_277' title='bbox 972 2677 1116 2737; x_wconf 84' lang='lat' dir='ltr'><strong>sentiendi</strong></span> <span class='ocrx_word' id='word_1_278' title='bbox 1140 2680 1326 2750; x_wconf 88' lang='lat' dir='ltr'><strong>societatem,</strong></span> <span class='ocrx_word' id='word_1_279' title='bbox 1356 2694 1433 2754; x_wconf 87' lang='lat' dir='ltr'><strong>qua·</strong></span> 
     </span>
     <span class='ocr_line' id='line_1_27' title="bbox 75 2764 1432 2843; baseline -0.003 -18"><span class='ocrx_word' id='word_1_280' title='bbox 75 2766 136 2826; x_wconf 87' lang='grc'><strong>1111</strong></span> <span class='ocrx_word' id='word_1_281' title='bbox 152 2765 298 2843; x_wconf 87' lang='lat' dir='ltr'><strong>Keplerus</strong></span> <span class='ocrx_word' id='word_1_282' title='bbox 321 2772 453 2843; x_wconf 87' lang='lat' dir='ltr'><strong>speraret</strong></span> <span class='ocrx_word' id='word_1_283' title='bbox 475 2782 510 2823; x_wconf 84' lang='lat' dir='ltr'><strong>ex</strong></span> <span class='ocrx_word' id='word_1_284' title='bbox 534 2766 646 2838; x_wconf 87' lang='lat' dir='ltr'><strong>amicis,</strong></span> <span class='ocrx_word' id='word_1_285' title='bbox 669 2764 747 2843; x_wconf 88' lang='lat' dir='ltr'><strong>apud</strong></span> <span class='ocrx_word' id='word_1_286' title='bbox 770 2765 962 2826; x_wconf 87' lang='lat' dir='ltr'><strong>Maestlinum</strong></span> <span class='ocrx_word' id='word_1_287' title='bbox 986 2766 1179 2825; x_wconf 78' lang='grc'><strong>11111605.</strong></span> <span class='ocrx_word' id='word_1_288' title='bbox 1204 2768 1232 2823; x_wconf 90' lang='lat' dir='ltr'><strong>in</strong></span> <span class='ocrx_word' id='word_1_289' title='bbox 1256 2764 1432 2825; x_wconf 85' lang='grc'><strong>1111111111-</strong></span> 
     </span>
     <span class='ocr_line' id='line_1_28' title="bbox 76 2850 1432 2930; baseline -0.002 -17"><span class='ocrx_word' id='word_1_290' title='bbox 76 2850 254 2913; x_wconf 79' lang='lat' dir='ltr'><strong>neminisse</strong></span> <span class='ocrx_word' id='word_1_291' title='bbox 278 2853 415 2912; x_wconf 87' lang='lat' dir='ltr'><strong>vidimus.</strong></span> <span class='ocrx_word' id='word_1_292' title='bbox 461 2851 571 2911; x_wconf 82' lang='lat' dir='ltr'><strong>Daridi</strong></span> <span class='ocrx_word' id='word_1_293' title='bbox 595 2851 700 2912; x_wconf 91' lang='lat' dir='ltr'><strong>deinde</strong></span> <span class='ocrx_word' id='word_1_294' title='bbox 723 2852 859 2912; x_wconf 84' lang='lat' dir='ltr'><strong>Fabricio</strong></span> <span class='ocrx_word' id='word_1_295' title='bbox 882 2852 1027 2928; x_wconf 87' lang='lat' dir='ltr'><strong>Keplerus</strong></span> <span class='ocrx_word' id='word_1_296' title='bbox 1050 2870 1077 2912; x_wconf 91' lang='lat' dir='ltr'><strong>a.</strong></span> <span class='ocrx_word' id='word_1_297' title='bbox 1105 2857 1198 2911; x_wconf 84' lang='grc'><strong>1608.</strong></span> <span class='ocrx_word' id='word_1_298' title='bbox 1222 2854 1284 2930; x_wconf 91' lang='lat' dir='ltr'><strong>ipse</strong></span> <span class='ocrx_word' id='word_1_299' title='bbox 1306 2853 1432 2912; x_wconf 86' lang='lat' dir='ltr'><strong>scribere</strong></span> 
     </span>
     <span class='ocr_line' id='line_1_29' title="bbox 76 2938 1432 3017; baseline -0.001 -18"><span class='ocrx_word' id='word_1_300' title='bbox 76 2938 178 3010; x_wconf 87' lang='lat' dir='ltr'><strong>desiit,</strong></span> <span class='ocrx_word' id='word_1_301' title='bbox 202 2956 267 2999; x_wconf 90' lang='lat' dir='ltr'><strong>cum</strong></span> <span class='ocrx_word' id='word_1_302' title='bbox 292 2940 355 3016; x_wconf 89' lang='lat' dir='ltr'><strong>ejus</strong></span> <span class='ocrx_word' id='word_1_303' title='bbox 379 2941 556 3017; x_wconf 87' lang='lat' dir='ltr'><strong>sempiterna</strong></span> <span class='ocrx_word' id='word_1_304' title='bbox 584 2956 680 2998; x_wconf 89' lang='lat' dir='ltr'><strong>rerum</strong></span> <span class='ocrx_word' id='word_1_305' title='bbox 702 2941 820 3017; x_wconf 87' lang='lat' dir='ltr'><strong>saepius</strong></span> <span class='ocrx_word' id='word_1_306' title='bbox 842 2938 984 2998; x_wconf 91' lang='lat' dir='ltr'><strong>dictarum</strong></span> <span class='ocrx_word' id='word_1_307' title='bbox 1014 2940 1209 2999; x_wconf 86' lang='lat' dir='ltr'><strong>ruminatione</strong></span> <span class='ocrx_word' id='word_1_308' title='bbox 1232 2946 1262 2999; x_wconf 90' lang='lat' dir='ltr'><strong>et</strong></span> <span class='ocrx_word' id='word_1_309' title='bbox 1283 2940 1432 3017; x_wconf 89' lang='lat' dir='ltr'><strong>perpetuis</strong></span> 
     </span>
     <span class='ocr_line' id='line_1_30' title="bbox 75 3024 1432 3104; baseline -0.002 -17"><span class='ocrx_word' id='word_1_310' title='bbox 75 3027 199 3087; x_wconf 87' lang='lat' dir='ltr'><strong>somniis</strong></span> <span class='ocrx_word' id='word_1_311' title='bbox 222 3034 252 3086; x_wconf 89' lang='lat' dir='ltr'><strong>et</strong></span> <span class='ocrx_word' id='word_1_312' title='bbox 274 3030 360 3104; x_wconf 78' lang='lat' dir='ltr'><strong>ungis</strong></span> <span class='ocrx_word' id='word_1_313' title='bbox 384 3025 568 3101; x_wconf 86' lang='lat' dir='ltr'><strong>astrologicis</strong></span> <span class='ocrx_word' id='word_1_314' title='bbox 592 3042 709 3103; x_wconf 89' lang='lat' dir='ltr'><strong>prorsus</strong></span> <span class='ocrx_word' id='word_1_315' title='bbox 732 3035 811 3085; x_wconf 89' lang='lat' dir='ltr'><strong>esset</strong></span> <span class='ocrx_word' id='word_1_316' title='bbox 833 3024 1023 3101; x_wconf 77' lang='lat' dir='ltr'><strong>defatigatus.</strong></span> <span class='ocrx_word' id='word_1_317' title='bbox 1061 3024 1432 3086; x_wconf 83' lang='grc' dir='ltr'><strong>Η1111111111111111111-</strong></span> 
     </span>
     <span class='ocr_line' id='line_1_31' title="bbox 74 3112 1431 3191; baseline -0.003 -16"><span class='ocrx_word' id='word_1_318' title='bbox 74 3114 153 3189; x_wconf 86' lang='lat' dir='ltr'><strong>burg</strong></span> <span class='ocrx_word' id='word_1_319' title='bbox 175 3113 293 3189; x_wconf 88' lang='lat' dir='ltr'><strong>quidem</strong></span> <span class='ocrx_word' id='word_1_320' title='bbox 316 3132 410 3191; x_wconf 91' lang='lat' dir='ltr'><strong>usque</strong></span> <span class='ocrx_word' id='word_1_321' title='bbox 433 3113 470 3172; x_wconf 87' lang='lat' dir='ltr'><strong>ad</strong></span> <span class='ocrx_word' id='word_1_322' title='bbox 487 3128 595 3172; x_wconf 90' lang='lat' dir='ltr'><strong>annum</strong></span> <span class='ocrx_word' id='word_1_323' title='bbox 615 3119 706 3173; x_wconf 84' lang='lat'>1609.</span> <span class='ocrx_word' id='word_1_324' title='bbox 729 3115 759 3171; x_wconf 90' lang='lat' dir='ltr'><strong>in</strong></span> <span class='ocrx_word' id='word_1_325' title='bbox 783 3113 999 3187; x_wconf 85' lang='lat' dir='ltr'><strong>chronologicis</strong></span> <span class='ocrx_word' id='word_1_326' title='bbox 1022 3113 1127 3171; x_wconf 87' lang='lat' dir='ltr'><strong>studiis</strong></span> <span class='ocrx_word' id='word_1_327' title='bbox 1142 3112 1263 3190; x_wconf 88' lang='lat' dir='ltr'><strong>Kepleri</strong></span> <span class='ocrx_word' id='word_1_328' title='bbox 1288 3114 1431 3172; x_wconf 86' lang='lat' dir='ltr'><strong>auxilium</strong></span> 
     </span>
     <span class='ocr_line' id='line_1_32' title="bbox 75 3198 1432 3279; baseline -0.003 -16"><span class='ocrx_word' id='word_1_329' title='bbox 75 3209 108 3263; x_wconf 79' lang='lat' dir='ltr'><strong>et</strong></span> <span class='ocrx_word' id='word_1_330' title='bbox 128 3204 255 3279; x_wconf 90' lang='lat' dir='ltr'><strong>petierat</strong></span> <span class='ocrx_word' id='word_1_331' title='bbox 278 3209 307 3261; x_wconf 90' lang='lat' dir='ltr'><strong>ct</strong></span> <span class='ocrx_word' id='word_1_332' title='bbox 329 3204 496 3270; x_wconf 86' lang='lat' dir='ltr'><strong>invenerat,</strong></span> <span class='ocrx_word' id='word_1_333' title='bbox 520 3207 675 3275; x_wconf 88' lang='lat' dir='ltr'><strong>praetcrea</strong></span> <span class='ocrx_word' id='word_1_334' title='bbox 697 3198 734 3259; x_wconf 89' lang='lat' dir='ltr'><strong>de</strong></span> <span class='ocrx_word' id='word_1_335' title='bbox 758 3201 939 3258; x_wconf 88' lang='lat' dir='ltr'><strong>astronomia</strong></span> <span class='ocrx_word' id='word_1_336' title='bbox 962 3202 1152 3274; x_wconf 86' lang='lat' dir='ltr'><strong>quaestiones</strong></span> <span class='ocrx_word' id='word_1_337' title='bbox 1176 3204 1202 3259; x_wconf 92' lang='lat' dir='ltr'><strong>ei</strong></span> <span class='ocrx_word' id='word_1_338' title='bbox 1225 3202 1380 3278; x_wconf 89' lang='lat' dir='ltr'><strong>proposuit</strong></span> <span class='ocrx_word' id='word_1_339' title='bbox 1402 3206 1432 3260; x_wconf 90' lang='lat' dir='ltr'><strong>et</strong></span> 
     </span>
     <span class='ocr_line' id='line_1_33' title="bbox 75 3286 1429 3363; baseline -0.001 -15"><span class='ocrx_word' id='word_1_340' title='bbox 75 3288 115 3349; x_wconf 90' lang='lat' dir='ltr'><strong>de</strong></span> <span class='ocrx_word' id='word_1_341' title='bbox 138 3288 306 3349; x_wconf 79' lang='lat' dir='ltr'><strong>tabularum</strong></span> <span class='ocrx_word' id='word_1_342' title='bbox 330 3288 577 3348; x_wconf 89' lang='lat' dir='ltr'><strong>arithmeticarum</strong></span> <span class='ocrx_word' id='word_1_343' title='bbox 602 3286 729 3346; x_wconf 88' lang='lat' dir='ltr'><strong>editione</strong></span> <span class='ocrx_word' id='word_1_344' title='bbox 743 3287 865 3363; x_wconf 86' lang='lat' dir='ltr'><strong>Kepleri</strong></span> <span class='ocrx_word' id='word_1_345' title='bbox 889 3286 1042 3346; x_wconf 89' lang='lat' dir='ltr'><strong>consilium</strong></span> <span class='ocrx_word' id='word_1_346' title='bbox 1059 3287 1222 3363; x_wconf 88' lang='lat' dir='ltr'><strong>postulavit</strong></span> <span class='ocrx_word' id='word_1_347' title='bbox 1246 3293 1429 3361; x_wconf 86' lang='grc'><strong>(11111010.</strong></span> 
     </span>
     <span class='ocr_line' id='line_1_34' title="bbox 74 3373 1430 3452; baseline -0.002 -16"><span class='ocrx_word' id='word_1_348' title='bbox 74 3378 466 3449; x_wconf 80' lang='grc'><strong>111111111111111111111;</strong></span> <span class='ocrx_word' id='word_1_349' title='bbox 491 3378 540 3433; x_wconf 85' lang='lat' dir='ltr'><strong>cir.</strong></span> <span class='ocrx_word' id='word_1_350' title='bbox 561 3377 831 3447; x_wconf 78' lang='lat' dir='ltr'><strong>v01.1v.p.5‘27),</strong></span> <span class='ocrx_word' id='word_1_351' title='bbox 863 3375 970 3449; x_wconf 90' lang='lat' dir='ltr'><strong>quibus</strong></span> <span class='ocrx_word' id='word_1_352' title='bbox 1003 3377 1090 3433; x_wconf 89' lang='lat' dir='ltr'><strong>rebus</strong></span> <span class='ocrx_word' id='word_1_353' title='bbox 1120 3373 1267 3452; x_wconf 85' lang='lat' dir='ltr'><strong>Keplerus</strong></span> <span class='ocrx_word' id='word_1_354' title='bbox 1301 3377 1365 3451; x_wconf 90' lang='lat' dir='ltr'><strong>ipse</strong></span> <span class='ocrx_word' id='word_1_355' title='bbox 1393 3373 1430 3433; x_wconf 91' lang='lat' dir='ltr'><strong>ad</strong></span> 
     </span>
     <span class='ocr_line' id='line_1_35' title="bbox 74 3452 1431 3541; baseline -0.001 -18"><span class='ocrx_word' id='word_1_356' title='bbox 74 3460 205 3541; x_wconf 82' lang='lat' dir='ltr'><strong>amplius</strong></span> <span class='ocrx_word' id='word_1_357' title='bbox 234 3461 432 3538; x_wconf 91' lang='lat' dir='ltr'><strong>quaerendum</strong></span> <span class='ocrx_word' id='word_1_358' title='bbox 460 3465 573 3521; x_wconf 86' lang='lat' dir='ltr'><strong>excitus</strong></span> <span class='ocrx_word' id='word_1_359' title='bbox 602 3470 656 3520; x_wconf 85' lang='lat' dir='ltr'><strong>cst.</strong></span> <span class='ocrx_word' id='word_1_360' title='bbox 702 3460 776 3519; x_wconf 82' lang='lat' dir='ltr'><strong>Cum</strong></span> <span class='ocrx_word' id='word_1_361' title='bbox 806 3452 904 3521; x_wconf 83' lang='lat' dir='ltr'><strong>autem</strong></span> <span class='ocrx_word' id='word_1_362' title='bbox 935 3459 1014 3520; x_wconf 89' lang='lat' dir='ltr'><strong>edito</strong></span> <span class='ocrx_word' id='word_1_363' title='bbox 1037 3460 1183 3521; x_wconf 84' lang='lat' dir='ltr'><strong>Hcrwarti</strong></span> <span class='ocrx_word' id='word_1_364' title='bbox 1213 3479 1320 3539; x_wconf 82' lang='lat' dir='ltr'><strong>magno</strong></span> <span class='ocrx_word' id='word_1_365' title='bbox 1344 3479 1431 3539; x_wconf 91' lang='lat' dir='ltr'><strong>opere</strong></span> 
     </span>
     <span class='ocr_line' id='line_1_36' title="bbox 74 3548 1431 3626; baseline -0.001 -15"><span class='ocrx_word' id='word_1_366' title='bbox 74 3548 286 3626; x_wconf 81' lang='lat' dir='ltr'><strong>chronologico</strong></span> <span class='ocrx_word' id='word_1_367' title='bbox 310 3549 424 3625; x_wconf 76' lang='lat'>(1612)</span> <span class='ocrx_word' id='word_1_368' title='bbox 452 3551 577 3608; x_wconf 85' lang='lat' dir='ltr'><strong>rariores</strong></span> <span class='ocrx_word' id='word_1_369' title='bbox 607 3555 636 3607; x_wconf 91' lang='lat' dir='ltr'><strong>et</strong></span> <span class='ocrx_word' id='word_1_370' title='bbox 664 3564 771 3607; x_wconf 87' lang='lat' dir='ltr'><strong>causae</strong></span> <span class='ocrx_word' id='word_1_371' title='bbox 801 3555 831 3606; x_wconf 90' lang='lat' dir='ltr'><strong>et</strong></span> <span class='ocrx_word' id='word_1_372' title='bbox 853 3550 1022 3608; x_wconf 87' lang='lat' dir='ltr'><strong>occasiones</strong></span> <span class='ocrx_word' id='word_1_373' title='bbox 1053 3557 1150 3609; x_wconf 88' lang='lat' dir='ltr'><strong>essent</strong></span> <span class='ocrx_word' id='word_1_374' title='bbox 1178 3549 1326 3609; x_wconf 88' lang='lat' dir='ltr'><strong>literarum</strong></span> <span class='ocrx_word' id='word_1_375' title='bbox 1349 3565 1431 3610; x_wconf 89' lang='lat' dir='ltr'><strong>com-</strong></span> 
     </span>
     <span class='ocr_line' id='line_1_37' title="bbox 73 3633 1431 3712; baseline -0.001 -14"><span class='ocrx_word' id='word_1_376' title='bbox 73 3638 219 3698; x_wconf 89' lang='lat' dir='ltr'><strong>mercium</strong></span> <span class='ocrx_word' id='word_1_377' title='bbox 242 3634 345 3697; x_wconf 89' lang='lat' dir='ltr'><strong>eodem</strong></span> <span class='ocrx_word' id='word_1_378' title='bbox 369 3653 428 3712; x_wconf 93' lang='lat' dir='ltr'><strong>quo</strong></span> <span class='ocrx_word' id='word_1_379' title='bbox 452 3636 551 3695; x_wconf 92' lang='lat' dir='ltr'><strong>adhuc</strong></span> <span class='ocrx_word' id='word_1_380' title='bbox 572 3634 659 3695; x_wconf 88' lang='lat' dir='ltr'><strong>modo</strong></span> <span class='ocrx_word' id='word_1_381' title='bbox 683 3633 883 3707; x_wconf 85' lang='lat' dir='ltr'><strong>continuandi,</strong></span> <span class='ocrx_word' id='word_1_382' title='bbox 907 3635 977 3693; x_wconf 91' lang='lat' dir='ltr'><strong>huic</strong></span> <span class='ocrx_word' id='word_1_383' title='bbox 1000 3652 1117 3712; x_wconf 91' lang='lat' dir='ltr'><strong>quoque</strong></span> <span class='ocrx_word' id='word_1_384' title='bbox 1141 3639 1236 3696; x_wconf 91' lang='lat' dir='ltr'><strong>amico</strong></span> <span class='ocrx_word' id='word_1_385' title='bbox 1252 3637 1356 3697; x_wconf 91' lang='lat' dir='ltr'><strong>codem</strong></span> <span class='ocrx_word' id='word_1_386' title='bbox 1372 3638 1431 3696; x_wconf 85' lang='lat' dir='ltr'><strong>lere</strong></span> 
     </span>
     <span class='ocr_line' id='line_1_38' title="bbox 73 3722 1431 3802; baseline -0.001 -17"><span class='ocrx_word' id='word_1_387' title='bbox 73 3734 210 3802; x_wconf 90' lang='lat' dir='ltr'><strong>tempore</strong></span> <span class='ocrx_word' id='word_1_388' title='bbox 233 3740 292 3800; x_wconf 91' lang='lat' dir='ltr'><strong>quo</strong></span> <span class='ocrx_word' id='word_1_389' title='bbox 316 3725 454 3783; x_wconf 85' lang='lat' dir='ltr'><strong>Fabricio</strong></span> <span class='ocrx_word' id='word_1_390' title='bbox 477 3723 577 3782; x_wconf 87' lang='lat' dir='ltr'><strong>literas</strong></span> <span class='ocrx_word' id='word_1_391' title='bbox 600 3722 747 3798; x_wconf 85' lang='lat' dir='ltr'><strong>Keplerus</strong></span> <span class='ocrx_word' id='word_1_392' title='bbox 769 3724 885 3781; x_wconf 89' lang='lat' dir='ltr'><strong>mittere</strong></span> <span class='ocrx_word' id='word_1_393' title='bbox 915 3722 1011 3782; x_wconf 89' lang='lat' dir='ltr'><strong>desiit.</strong></span> <span class='ocrx_word' id='word_1_394' title='bbox 1058 3723 1229 3799; x_wconf 81' lang='lat' dir='ltr'><strong>Brcnggero</strong></span> <span class='ocrx_word' id='word_1_395' title='bbox 1252 3724 1378 3800; x_wconf 89' lang='lat' dir='ltr'><strong>denique</strong></span> <span class='ocrx_word' id='word_1_396' title='bbox 1400 3731 1431 3785; x_wconf 89' lang='lat' dir='ltr'><strong>et</strong></span> 
     </span>
     <span class='ocr_line' id='line_1_39' title="bbox 74 3807 1457 3888; baseline -0.001 -16"><span class='ocrx_word' id='word_1_397' title='bbox 74 3812 217 3872; x_wconf 85' lang='lat' dir='ltr'><strong>Harrioto</strong></span> <span class='ocrx_word' id='word_1_398' title='bbox 248 3813 381 3886; x_wconf 91' lang='lat' dir='ltr'><strong>inprimis</strong></span> <span class='ocrx_word' id='word_1_399' title='bbox 413 3810 449 3870; x_wconf 91' lang='lat' dir='ltr'><strong>dc</strong></span> <span class='ocrx_word' id='word_1_400' title='bbox 480 3813 577 3887; x_wconf 88' lang='lat' dir='ltr'><strong>optice</strong></span> <span class='ocrx_word' id='word_1_401' title='bbox 605 3810 730 3869; x_wconf 88' lang='lat' dir='ltr'><strong>scribere</strong></span> <span class='ocrx_word' id='word_1_402' title='bbox 760 3807 865 3868; x_wconf 89' lang='lat' dir='ltr'><strong>solitus</strong></span> <span class='ocrx_word' id='word_1_403' title='bbox 895 3819 939 3867; x_wconf 89' lang='lat' dir='ltr'><strong>est</strong></span> <span class='ocrx_word' id='word_1_404' title='bbox 968 3822 998 3868; x_wconf 88' lang='lat' dir='ltr'><strong>et</strong></span> <span class='ocrx_word' id='word_1_405' title='bbox 1027 3810 1115 3868; x_wconf 89' lang='lat' dir='ltr'><strong>modo</strong></span> <span class='ocrx_word' id='word_1_406' title='bbox 1147 3820 1207 3869; x_wconf 90' lang='lat' dir='ltr'><strong>tam</strong></span> <span class='ocrx_word' id='word_1_407' title='bbox 1231 3810 1281 3870; x_wconf 91' lang='lat' dir='ltr'><strong>diu</strong></span> <span class='ocrx_word' id='word_1_408' title='bbox 1304 3812 1457 3888; x_wconf 65' lang='lat' dir='ltr'><strong>scripsit·</strong></span> 
     </span>
     <span class='ocr_line' id='line_1_40' title="bbox 74 3895 1432 3978; baseline -0.001 -19"><span class='ocrx_word' id='word_1_409' title='bbox 74 3897 222 3978; x_wconf 87' lang='lat' dir='ltr'><strong>quamdiu</strong></span> <span class='ocrx_word' id='word_1_410' title='bbox 245 3897 458 3973; x_wconf 88' lang='lat' dir='ltr'><strong>Keplerianum</strong></span> <span class='ocrx_word' id='word_1_411' title='bbox 479 3899 573 3974; x_wconf 89' lang='lat' dir='ltr'><strong>ipsius</strong></span> <span class='ocrx_word' id='word_1_412' title='bbox 596 3898 709 3973; x_wconf 89' lang='lat' dir='ltr'><strong>opticcs</strong></span> <span class='ocrx_word' id='word_1_413' title='bbox 738 3895 867 3955; x_wconf 88' lang='lat' dir='ltr'><strong>studium</strong></span> <span class='ocrx_word' id='word_1_414' title='bbox 892 3906 921 3955; x_wconf 90' lang='lat' dir='ltr'><strong>et</strong></span> <span class='ocrx_word' id='word_1_415' title='bbox 943 3895 1030 3955; x_wconf 90' lang='lat' dir='ltr'><strong>ardor</strong></span> <span class='ocrx_word' id='word_1_416' title='bbox 1052 3914 1111 3956; x_wconf 91' lang='lat' dir='ltr'><strong>nou</strong></span> <span class='ocrx_word' id='word_1_417' title='bbox 1133 3897 1243 3958; x_wconf 86' lang='lat' dir='ltr'><strong>resedit</strong></span> <span class='ocrx_word' id='word_1_418' title='bbox 1264 3905 1294 3957; x_wconf 88' lang='lat' dir='ltr'><strong>ct</strong></span> <span class='ocrx_word' id='word_1_419' title='bbox 1316 3896 1432 3975; x_wconf 83' lang='lat' dir='ltr'><strong>languit</strong></span> 
     </span>
     <span class='ocr_line' id='line_1_41' title="bbox 73 3981 1430 4065; baseline -0.001 -18"><span class='ocrx_word' id='word_1_420' title='bbox 73 3987 129 4065; x_wconf 86' lang='lat' dir='ltr'><strong>(ab</strong></span> <span class='ocrx_word' id='word_1_421' title='bbox 152 4003 180 4045; x_wconf 92' lang='grc'><strong>1.</strong></span> <span class='ocrx_word' id='word_1_422' title='bbox 206 3990 300 4045; x_wconf 84' lang='grc'><strong>1605.</strong></span> <span class='ocrx_word' id='word_1_423' title='bbox 324 4002 418 4061; x_wconf 92' lang='lat' dir='ltr'><strong>usque</strong></span> <span class='ocrx_word' id='word_1_424' title='bbox 442 3984 478 4043; x_wconf 89' lang='lat' dir='ltr'><strong>ad</strong></span> <span class='ocrx_word' id='word_1_425' title='bbox 502 4003 529 4045; x_wconf 90' lang='lat' dir='ltr'><strong>a.</strong></span> <span class='ocrx_word' id='word_1_426' title='bbox 557 3983 674 4061; x_wconf 86' lang='grc'><strong>1609.).</strong></span> <span class='ocrx_word' id='word_1_427' title='bbox 704 3981 801 4058; x_wconf 87' lang='lat' dir='ltr'><strong>Quum</strong></span> <span class='ocrx_word' id='word_1_428' title='bbox 824 3981 881 4043; x_wconf 90' lang='lat' dir='ltr'><strong>boc</strong></span> <span class='ocrx_word' id='word_1_429' title='bbox 904 3983 991 4043; x_wconf 89' lang='lat' dir='ltr'><strong>modo</strong></span> <span class='ocrx_word' id='word_1_430' title='bbox 1014 3983 1162 4060; x_wconf 86' lang='lat' dir='ltr'><strong>Keplcrus</strong></span> <span class='ocrx_word' id='word_1_431' title='bbox 1186 3984 1223 4044; x_wconf 95' lang='lat' dir='ltr'><strong>ad</strong></span> <span class='ocrx_word' id='word_1_432' title='bbox 1246 3984 1275 4043; x_wconf 93' lang='lat' dir='ltr'><strong>id</strong></span> <span class='ocrx_word' id='word_1_433' title='bbox 1294 3985 1430 4047; x_wconf 88' lang='lat' dir='ltr'><strong>redactus</strong></span> 
     </span>
     <span class='ocr_line' id='line_1_42' title="bbox 73 4070 1431 4148; baseline -0.003 -11"><span class='ocrx_word' id='word_1_434' title='bbox 73 4080 166 4147; x_wconf 82' lang='lat' dir='ltr'><strong>esset,</strong></span> <span class='ocrx_word' id='word_1_435' title='bbox 189 4084 222 4131; x_wconf 93' lang='lat' dir='ltr'><strong>ut</strong></span> <span class='ocrx_word' id='word_1_436' title='bbox 244 4072 316 4148; x_wconf 91' lang='lat' dir='ltr'><strong>ipsis</strong></span> <span class='ocrx_word' id='word_1_437' title='bbox 339 4073 502 4132; x_wconf 86' lang='lat' dir='ltr'><strong>veterrimis</strong></span> <span class='ocrx_word' id='word_1_438' title='bbox 525 4074 586 4131; x_wconf 88' lang='lat' dir='ltr'><strong>suis</strong></span> <span class='ocrx_word' id='word_1_439' title='bbox 609 4072 783 4147; x_wconf 88' lang='lat' dir='ltr'><strong>propinquis</strong></span> <span class='ocrx_word' id='word_1_440' title='bbox 805 4078 835 4130; x_wconf 89' lang='grc'><strong>11</strong></span> <span class='ocrx_word' id='word_1_441' title='bbox 857 4072 959 4130; x_wconf 87' lang='lat' dir='ltr'><strong>amicis</strong></span> <span class='ocrx_word' id='word_1_442' title='bbox 982 4070 1019 4130; x_wconf 91' lang='lat' dir='ltr'><strong>de</strong></span> <span class='ocrx_word' id='word_1_443' title='bbox 1042 4072 1148 4130; x_wconf 86' lang='lat' dir='ltr'><strong>studiis</strong></span> <span class='ocrx_word' id='word_1_444' title='bbox 1171 4072 1316 4132; x_wconf 86' lang='lat' dir='ltr'><strong>scribendi</strong></span> <span class='ocrx_word' id='word_1_445' title='bbox 1339 4090 1431 4133; x_wconf 84' lang='lat' dir='ltr'><strong>causa</strong></span> 
     </span>
     <span class='ocr_line' id='line_1_43' title="bbox 74 4147 1430 4233; baseline -0.002 -11"><span class='ocrx_word' id='word_1_446' title='bbox 74 4169 107 4223; x_wconf 89' lang='lat' dir='ltr'><strong>et</strong></span> <span class='ocrx_word' id='word_1_447' title='bbox 129 4162 247 4220; x_wconf 89' lang='lat' dir='ltr'><strong>occasio</strong></span> <span class='ocrx_word' id='word_1_448' title='bbox 271 4161 405 4233; x_wconf 89' lang='lat' dir='ltr'><strong>abesset,</strong></span> <span class='ocrx_word' id='word_1_449' title='bbox 438 4175 554 4218; x_wconf 90' lang='lat' dir='ltr'><strong>omnem</strong></span> <span class='ocrx_word' id='word_1_450' title='bbox 586 4175 681 4218; x_wconf 86' lang='lat' dir='ltr'><strong>noros</strong></span> <span class='ocrx_word' id='word_1_451' title='bbox 703 4157 835 4217; x_wconf 88' lang='lat' dir='ltr'><strong>homines</strong></span> <span class='ocrx_word' id='word_1_452' title='bbox 863 4147 1062 4233; x_wconf 78' lang='lat' dir='ltr'><strong>cognoscendi</strong></span> <span class='ocrx_word' id='word_1_453' title='bbox 1090 4158 1221 4219; x_wconf 85' lang='lat' dir='ltr'><strong>oblatam</strong></span> <span class='ocrx_word' id='word_1_454' title='bbox 1244 4162 1430 4220; x_wconf 89' lang='lat' dir='ltr'><strong>occasionem</strong></span> 
     </span>
     <span class='ocr_line' id='line_1_44' title="bbox 72 4245 1429 4324; baseline -0.003 -13"><span class='ocrx_word' id='word_1_455' title='bbox 72 4250 218 4324; x_wconf 79' lang='lat' dir='ltr'><strong>arripuit,</strong></span> <span class='ocrx_word' id='word_1_456' title='bbox 250 4254 283 4306; x_wconf 92' lang='grc'><strong>11</strong></span> <span class='ocrx_word' id='word_1_457' title='bbox 304 4249 415 4323; x_wconf 86' lang='lat' dir='ltr'><strong>pariter</strong></span> <span class='ocrx_word' id='word_1_458' title='bbox 437 4255 527 4322; x_wconf 89' lang='lat' dir='ltr'><strong>atque</strong></span> <span class='ocrx_word' id='word_1_459' title='bbox 554 4252 655 4318; x_wconf 87' lang='lat' dir='ltr'><strong>antea,</strong></span> <span class='ocrx_word' id='word_1_460' title='bbox 687 4246 792 4321; x_wconf 89' lang='lat' dir='ltr'><strong>partim</strong></span> <span class='ocrx_word' id='word_1_461' title='bbox 816 4246 845 4301; x_wconf 93' lang='lat' dir='ltr'><strong>in</strong></span> <span class='ocrx_word' id='word_1_462' title='bbox 869 4245 935 4305; x_wconf 88' lang='lat' dir='ltr'><strong>aliis</strong></span> <span class='ocrx_word' id='word_1_463' title='bbox 966 4246 1114 4306; x_wconf 89' lang='lat' dir='ltr'><strong>literarum</strong></span> <span class='ocrx_word' id='word_1_464' title='bbox 1145 4248 1332 4323; x_wconf 82' lang='lat' dir='ltr'><strong>regionibus,</strong></span> <span class='ocrx_word' id='word_1_465' title='bbox 1363 4264 1429 4307; x_wconf 90' lang='lat' dir='ltr'><strong>cum</strong></span> 
     </span>
     <span class='ocr_line' id='line_1_45' title="bbox 73 4330 1430 4412; baseline -0.001 -15"><span class='ocrx_word' id='word_1_466' title='bbox 73 4337 179 4397; x_wconf 84' lang='lat' dir='ltr'><strong>amicis</strong></span> <span class='ocrx_word' id='word_1_467' title='bbox 203 4336 399 4411; x_wconf 84' lang='lat' dir='ltr'><strong>cogitationes</strong></span> <span class='ocrx_word' id='word_1_468' title='bbox 422 4352 492 4393; x_wconf 89' lang='lat' dir='ltr'><strong>suas</strong></span> <span class='ocrx_word' id='word_1_469' title='bbox 516 4332 755 4392; x_wconf 87' lang='lat' dir='ltr'><strong>communicaret.</strong></span> <span class='ocrx_word' id='word_1_470' title='bbox 803 4330 852 4391; x_wconf 83' lang='grc'><strong>811</strong></span> <span class='ocrx_word' id='word_1_471' title='bbox 875 4331 997 4409; x_wconf 89' lang='lat' dir='ltr'><strong>Kepleri</strong></span> <span class='ocrx_word' id='word_1_472' title='bbox 1019 4350 1086 4392; x_wconf 91' lang='lat' dir='ltr'><strong>curn</strong></span> <span class='ocrx_word' id='word_1_473' title='bbox 1109 4334 1294 4411; x_wconf 82' lang='lat' dir='ltr'><strong>cheggero</strong></span> <span class='ocrx_word' id='word_1_474' title='bbox 1317 4336 1430 4412; x_wconf 86' lang='lat' dir='ltr'><strong>episto-</strong></span> 
     </span>
     <span class='ocr_line' id='line_1_46' title="bbox 72 4418 1430 4499; baseline -0.002 -14"><span class='ocrx_word' id='word_1_475' title='bbox 72 4425 171 4485; x_wconf 82' lang='lat' dir='ltr'><strong>larum</strong></span> <span class='ocrx_word' id='word_1_476' title='bbox 187 4430 281 4481; x_wconf 89' lang='lat' dir='ltr'><strong>ortum</strong></span> <span class='ocrx_word' id='word_1_477' title='bbox 297 4431 343 4481; x_wconf 89' lang='lat' dir='ltr'><strong>cst</strong></span> <span class='ocrx_word' id='word_1_478' title='bbox 358 4422 572 4493; x_wconf 90' lang='lat' dir='ltr'><strong>commercium,</strong></span> <span class='ocrx_word' id='word_1_479' title='bbox 596 4418 676 4496; x_wconf 92' lang='lat' dir='ltr'><strong>quod</strong></span> <span class='ocrx_word' id='word_1_480' title='bbox 693 4418 821 4495; x_wconf 90' lang='lat' dir='ltr'><strong>quidem,</strong></span> <span class='ocrx_word' id='word_1_481' title='bbox 843 4427 879 4478; x_wconf 91' lang='lat' dir='ltr'><strong>ut</strong></span> <span class='ocrx_word' id='word_1_482' title='bbox 900 4436 990 4496; x_wconf 90' lang='lat' dir='ltr'><strong>supra</strong></span> <span class='ocrx_word' id='word_1_483' title='bbox 1008 4419 1146 4495; x_wconf 84' lang='lat' dir='ltr'><strong>vidimus,</strong></span> <span class='ocrx_word' id='word_1_484' title='bbox 1170 4439 1206 4481; x_wconf 87' lang='lat' dir='ltr'><strong>ex</strong></span> <span class='ocrx_word' id='word_1_485' title='bbox 1220 4423 1332 4482; x_wconf 85' lang='lat' dir='ltr'><strong>minore</strong></span> <span class='ocrx_word' id='word_1_486' title='bbox 1345 4430 1430 4499; x_wconf 89' lang='lat' dir='ltr'><strong>parte</strong></span> 
     </span>
     <span class='ocr_line' id='line_1_47' title="bbox 73 4505 1430 4585; baseline -0.003 -12"><span class='ocrx_word' id='word_1_487' title='bbox 73 4511 115 4573; x_wconf 85' lang='lat' dir='ltr'><strong>ad</strong></span> <span class='ocrx_word' id='word_1_488' title='bbox 139 4510 241 4569; x_wconf 89' lang='lat' dir='ltr'><strong>literas</strong></span> <span class='ocrx_word' id='word_1_489' title='bbox 264 4511 415 4585; x_wconf 90' lang='lat' dir='ltr'><strong>pertinuit.</strong></span> <span class='ocrx_word' id='word_1_490' title='bbox 461 4509 508 4567; x_wconf 89' lang='lat' dir='ltr'><strong>De</strong></span> <span class='ocrx_word' id='word_1_491' title='bbox 531 4505 723 4582; x_wconf 76' lang='lat' dir='ltr'><strong>chronologia</strong></span> <span class='ocrx_word' id='word_1_492' title='bbox 744 4505 794 4583; x_wconf 88' lang='lat' dir='ltr'><strong>(de</strong></span> <span class='ocrx_word' id='word_1_493' title='bbox 817 4523 905 4579; x_wconf 91' lang='lat' dir='ltr'><strong>anuo,</strong></span> <span class='ocrx_word' id='word_1_494' title='bbox 929 4524 989 4582; x_wconf 92' lang='lat' dir='ltr'><strong>quo</strong></span> <span class='ocrx_word' id='word_1_495' title='bbox 1013 4507 1146 4568; x_wconf 89' lang='lat' dir='ltr'><strong>Christus</strong></span> <span class='ocrx_word' id='word_1_496' title='bbox 1170 4515 1332 4583; x_wconf 85' lang='lat' dir='ltr'><strong>esinatae,</strong></span> <span class='ocrx_word' id='word_1_497' title='bbox 1356 4508 1430 4569; x_wconf 84' lang='lat' dir='ltr'><strong>deii-</strong></span> 
     </span>
     <span class='ocr_line' id='line_1_48' title="bbox 72 4592 1429 4672; baseline -0.003 -13"><span class='ocrx_word' id='word_1_498' title='bbox 72 4597 194 4669; x_wconf 85' lang='lat' dir='ltr'><strong>nieudo‚</strong></span> <span class='ocrx_word' id='word_1_499' title='bbox 218 4594 343 4672; x_wconf 85' lang='lat' dir='ltr'><strong>aliisque</strong></span> <span class='ocrx_word' id='word_1_500' title='bbox 367 4595 526 4668; x_wconf 89' lang='lat' dir='ltr'><strong>derebus)</strong></span> <span class='ocrx_word' id='word_1_501' title='bbox 551 4594 692 4667; x_wconf 88' lang='lat' dir='ltr'><strong>Calvisio,</strong></span> <span class='ocrx_word' id='word_1_502' title='bbox 715 4592 860 4667; x_wconf 79' lang='lat' dir='ltr'><strong>Zieglcro,</strong></span> <span class='ocrx_word' id='word_1_503' title='bbox 884 4592 1035 4671; x_wconf 76' lang='lat' dir='ltr'><strong>scaligero</strong></span> <span class='ocrx_word' id='word_1_504' title='bbox 1058 4596 1096 4656; x_wconf 90' lang='lat' dir='ltr'><strong>ab</strong></span> <span class='ocrx_word' id='word_1_505' title='bbox 1119 4602 1310 4655; x_wconf 88' lang='grc'><strong>11111607.</strong></span> <span class='ocrx_word' id='word_1_506' title='bbox 1334 4612 1429 4672; x_wconf 91' lang='lat' dir='ltr'><strong>usque</strong></span> 
     </span>
     <span class='ocr_line' id='line_1_49' title="bbox 74 4680 1428 4760; baseline -0.003 -14"><span class='ocrx_word' id='word_1_507' title='bbox 74 4685 121 4747; x_wconf 86' lang='lat' dir='ltr'><strong>ad·</strong></span> <span class='ocrx_word' id='word_1_508' title='bbox 139 4703 166 4744; x_wconf 90' lang='lat' dir='ltr'><strong>a.</strong></span> <span class='ocrx_word' id='word_1_509' title='bbox 185 4686 279 4743; x_wconf 89' lang='grc'><strong>1610.</strong></span> <span class='ocrx_word' id='word_1_510' title='bbox 303 4684 428 4760; x_wconf 88' lang='lat' dir='ltr'><strong>scripsit,</strong></span> <span class='ocrx_word' id='word_1_511' title='bbox 452 4681 489 4741; x_wconf 91' lang='lat' dir='ltr'><strong>de</strong></span> <span class='ocrx_word' id='word_1_512' title='bbox 511 4680 615 4741; x_wconf 88' lang='lat' dir='ltr'><strong>iisdem</strong></span> <span class='ocrx_word' id='word_1_513' title='bbox 637 4680 725 4740; x_wconf 88' lang='lat' dir='ltr'><strong>rebus</strong></span> <span class='ocrx_word' id='word_1_514' title='bbox 748 4680 884 4740; x_wconf 84' lang='lat' dir='ltr'><strong>Declrero</strong></span> <span class='ocrx_word' id='word_1_515' title='bbox 907 4683 1103 4743; x_wconf 77' lang='lat' dir='ltr'><strong>subsidio,</strong></span> <span class='ocrx_word' id='word_1_516' title='bbox 1126 4701 1219 4759; x_wconf 89' lang='lat' dir='ltr'><strong>usque</strong></span> <span class='ocrx_word' id='word_1_517' title='bbox 1236 4682 1273 4742; x_wconf 89' lang='lat' dir='ltr'><strong>ad</strong></span> <span class='ocrx_word' id='word_1_518' title='bbox 1288 4702 1315 4743; x_wconf 92' lang='lat' dir='ltr'><strong>a.</strong></span> <span class='ocrx_word' id='word_1_519' title='bbox 1335 4689 1428 4744; x_wconf 80' lang='grc'><strong>1614.</strong></span> 
     </span>
     <span class='ocr_line' id='line_1_50' title="bbox 73 4766 1429 4848; baseline -0.002 -14"><span class='ocrx_word' id='word_1_520' title='bbox 73 4775 158 4834; x_wconf 86' lang='lat' dir='ltr'><strong>misit</strong></span> <span class='ocrx_word' id='word_1_521' title='bbox 180 4769 333 4847; x_wconf 87' lang='lat' dir='ltr'><strong>epistolas,</strong></span> <span class='ocrx_word' id='word_1_522' title='bbox 358 4786 432 4847; x_wconf 88' lang='lat' dir='ltr'><strong>quoe</strong></span> <span class='ocrx_word' id='word_1_523' title='bbox 454 4771 535 4846; x_wconf 90' lang='lat' dir='ltr'><strong>ipsos</strong></span> <span class='ocrx_word' id='word_1_524' title='bbox 558 4770 635 4828; x_wconf 86' lang='lat' dir='ltr'><strong>intra</strong></span> <span class='ocrx_word' id='word_1_525' title='bbox 657 4782 751 4828; x_wconf 85' lang='lat' dir='ltr'><strong>anuos</strong></span> <span class='ocrx_word' id='word_1_526' title='bbox 774 4774 804 4827; x_wconf 92' lang='grc'><strong>11</strong></span> <span class='ocrx_word' id='word_1_527' title='bbox 826 4766 989 4829; x_wconf 87' lang='lat' dir='ltr'><strong>Harmonia</strong></span> <span class='ocrx_word' id='word_1_528' title='bbox 1016 4777 1045 4829; x_wconf 88' lang='grc'><strong>11</strong></span> <span class='ocrx_word' id='word_1_529' title='bbox 1068 4769 1293 4848; x_wconf 83' lang='lat' dir='ltr'><strong>Ephemeridum</strong></span> <span class='ocrx_word' id='word_1_530' title='bbox 1314 4788 1383 4848; x_wconf 83' lang='lat' dir='ltr'><strong>pars</strong></span> <span class='ocrx_word' id='word_1_531' title='bbox 1399 4779 1429 4833; x_wconf 87' lang='grc'><strong>11</strong></span> 
     </span>
    </p>
   </div>
   <div class='ocr_carea' id='block_1_3' title="bbox 73 4855 1430 4939">
    <p class='ocr_par' dir='ltr' id='par_1_4' title="bbox 73 4855 1430 4939">
     <span class='ocr_line' id='line_1_51' title="bbox 73 4855 1430 4939; baseline 0.001 -16"><span class='ocrx_word' id='word_1_532' title='bbox 73 4859 287 4939; x_wconf 83' lang='lat' dir='ltr'><strong>Rudolphiuae</strong></span> <span class='ocrx_word' id='word_1_533' title='bbox 309 4858 430 4920; x_wconf 85' lang='lat' dir='ltr'><strong>tabulae</strong></span> <span class='ocrx_word' id='word_1_534' title='bbox 449 4855 613 4937; x_wconf 86' lang='lat' dir='ltr'><strong>aKeplero</strong></span> <span class='ocrx_word' id='word_1_535' title='bbox 635 4856 763 4934; x_wconf 85' lang='lat' dir='ltr'><strong>scriptae</strong></span> <span class='ocrx_word' id='word_1_536' title='bbox 784 4860 863 4917; x_wconf 85' lang='grc'><strong>1111.</strong></span> <span class='ocrx_word' id='word_1_537' title='bbox 895 4855 962 4933; x_wconf 89' lang='lat' dir='ltr'><strong>Quo</strong></span> <span class='ocrx_word' id='word_1_538' title='bbox 985 4874 1020 4919; x_wconf 88' lang='lat' dir='ltr'><strong>ex</strong></span> <span class='ocrx_word' id='word_1_539' title='bbox 1042 4859 1234 4937; x_wconf 83' lang='lat' dir='ltr'><strong>epistolarum</strong></span> <span class='ocrx_word' id='word_1_540' title='bbox 1255 4860 1430 4925; x_wconf 68' lang='grc'><strong>1111111111</strong></span> 
     </span>
    </p>
   </div>
   <div class='ocr_carea' id='block_1_4' title="bbox 0 0 1658 5534">
    <p class='ocr_par' dir='ltr' id='par_1_5' title="bbox 0 0 1658 5534">
     <span class='ocr_line' id='line_1_52' title="bbox 0 0 1658 5534; baseline 0 1"><span class='ocrx_word' id='word_1_541' title='bbox 0 0 1658 5534; x_wconf 95' lang='lat' dir='ltr'><strong> </strong></span> 
     </span>
    </p>
   </div>
  </div>
 </body>
</html>
