3308 5534
569 404 613 461 De
630 400 724 462 1111111
740 408 769 462 et
785 401 939 465 fautoribus
956 350 1079 478 Kepleri.
1442 402 1507 474 961

149 600 223 645 nem
245 582 421 657 effunderet,
451 585 480 641 ie
504 582 687 661 aliquantum
719 585 858 661 temporis
887 583 1064 645 discordiam
1087 589 1116 644 et
1138 582 1261 644 dissidia
1292 583 1449 659 conflavit,
1480 591 1510 644 ot
1564 630 1569 639 .

149 678 260 751 postca
283 689 410 748 quoquc,
435 688 535 749 quum¹
549 675 577 733 iu
600 675 725 749 gratiam
748 686 815 730 cum
837 670 979 749 'lychone
1001 673 1150 747 rediisset,
1174 671 1277 733 eadem
1301 673 1397 750 erepit
1419 672 1509 730 animi

151 760 310 833 acerbitas,
335 776 402 819 cam
424 759 490 835 ejus
513 776 586 818 uxor
609 778 627 819 a
648 759 842 838 Tyehouiaua
863 760 977 820 familia
1000 778 1032 819 se
1055 777 1158 837 parem
1182 761 1331 820 aestimari
1348 768 1378 819 ct
1396 759 1510 835 argenti

150 848 274 924 inopiae
288 864 391 923 pamm
414 847 496 906 illum
521 846 702 906 consuluisse
718 854 943 923 conquereretur
966 851 1000 918 (v.
1019 865 1041 904 s.
1059 866 1087 919 p.
1106 850 1173 920 739,
1192 850 1262 918 illl.
1297 847 1365 907 Huc
1387 845 1510 919 aceedit,

150 933 236 1011 quod
259 935 406 1011 inpriore
429 933 482 992 illa
505 934 686 994 dissensione
709 932 855 1011 Keplems
878 933 1017 993 humilias
1040 932 1228 1011 deprecatus,
1253 943 1284 993 11
1308 937 1337 993 11
1361 933 1511 1011 Tychonis

150 1018 283 1081 oldeium
306 1031 337 1080 et
357 1023 482 1099 gratiam
505 1024 681 1098 reciperetur
703 1022 805 1098 petiit,
838 1037 914 1097 quae
937 1038 983 1082 res
1005 1023 1070 1097 ipsa
1091 1037 1208 1098 quoque
1231 1038 1334 1098 pamm
1358 1020 1512 1097 diligenter

145 1106 288 1185 ¹judicata
310 1107 346 1167 de
370 1108 491 1185 Kepleri
514 1110 593 1168 lama
615 1108 768 1168 detrahere
791 1111 893 1185 possit.
939 1108 1054 1184 Quibus
1078 1108 1113 1168 de
1136 1109 1223 1168 rebus
1246 1111 1270 1167 si
1294 1109 1365 1185 quid
1381 1108 1512 1185 Keplero

153 1197 323 1273 objiciatur,
346 1197 443 1267 lacile,
468 1196 564 1261 credo,
589 1196 681 1255 roselli
705 1197 821 1273 poterit.
852 1195 909 1256 Hie
931 1199 1008 1256 enim
1031 1197 1156 1272 primum
1179 1196 1261 1255 solus
1278 1197 1404 1273 Pragam
1422 1198 1511 1266 venit,

152 1283 262 1359 quales
286 1283 326 1342 ibi
351 1299 397 1342 res
421 1302 452 1341 se
476 1284 631 1357 haberent,
654 1285 848 1361 inspecturus.
894 1282 960 1359 Quo
984 1300 1049 1342 cam
1074 1286 1218 1356 venisset,
1243 1302 1261 1342 1
1284 1284 1400 1343 Baronc
1423 1280 1511 1342 flou-

154 1386 268 1430 manno
292 1378 322 1428 et
342 1369 481 1429 desscnio
504 1371 618 1430 medico
640 1370 803 1432 clarissimo
827 1370 1047 1430 commendatus
1070 1370 1256 1449 Tychonem,
1282 1373 1332 1447 qui
1355 1389 1421 1431 eum
1444 1369 1512 1448 plus

152 1456 250 1517 semel
273 1456 310 1517 ad
333 1476 365 1516 se
390 1460 568 1517 invitaverat
591 1466 619 1517 et
643 1456 785 1534 quidquid
809 1457 900 1517 vellet
922 1475 989 1518 eam
1011 1476 1029 1516 a
1051 1475 1083 1516 se
1105 1461 1325 1534 impetraturum
1342 1476 1406 1518 esse
1422 1458 1513 1534 polli-

153 1546 235 1604 11111
258 1552 329 1618 erat,
354 1561 390 1603 aa
413 1546 602 1604 observantia
625 1546 706 1618 adiit,
731 1560 819 1621 quam
834 1543 937 1622 'l'yeho
955 1545 1084 1605 crederet
1107 1547 1300 1621 professorem
1317 1544 1513 1619 Gratiensem,

152 1647 332 1710 pauperem,
363 1634 458 1708 patria
486 1632 640 1708 expulsum
672 1631 785 1692 decere.
830 1628 963 1709 Benigne
989 1639 1128 1707 acceptus
1157 1641 1201 1692 est
1225 1640 1254 1691 et
1282 1635 1365 1692 initio
1396 1632 1514 1710 quidem

152 1736 274 1779 summa
287 1721 363 1777 inter
378 1722 457 1778 viros
474 1728 537 1778 erat
552 1719 717 1780 concordia.
749 1719 820 1777 Mox
836 1727 942 1793 autem,
960 1737 1025 1779 cum
1041 1718 1187 1796 Keplcrus
1203 1719 1353 1780 dubitasse
1370 1719 1513 1793 videatur,

154 1822 197 1866 an
220 1807 296 1867 haec
324 1809 453 1865 amicitia
483 1823 603 1867 concors
626 1824 683 1865 non
714 1806 830 1865 stabilis
852 1807 929 1866 loret
951 1815 980 1865 et
1003 1806 1153 1880 diuturna,
1185 1806 1370 1882 adjutoribus
1400 1806 1515 1867 duobus

152 1892 218 1953 illle
233 1910 308 1970 quos
324 1894 411 1952 modo
428 1893 487 1951 dixi
503 1897 603 1953 amicis
627 1897 764 1970 scriptam
785 1895 856 1953 11111
877 1895 1053 1971 pactionem,
1079 1911 1166 1970 quam
1190 1896 1253 1971 ipsc
1277 1905 1306 1954 et
1323 1894 1426 1973 'lycho
1442 1894 1515 1954 sub·
1581 1942 1585 1949 .

154 1982 346 2057 seripserunt.
393 1980 459 2056 Qua
490 1983 518 2037 in
548 1985 685 2057 pactione
714 1998 772 2039 non
801 1980 889 2040 modo
921 1989 1000 2040 certa
1022 1985 1148 2058 pecunia
1177 1984 1351 2053 constituta,
1383 1980 1435 2041 sed
1458 1981 1515 2041 hoc

153 2068 286 2129 maxime
305 2068 485 2145 postulatum
511 2078 563 2138 est,
588 2078 620 2126 at
642 2078 672 2127 ct
695 2072 723 2126 ia
747 2070 873 2145 negotiis
895 2068 1097 2129 attribuendia*
1112 2068 1232 2146 Kepleri
1256 2072 1386 2146 corporis
1410 2068 1514 2127 infirmi

154 2163 189 2216 et
210 2155 351 2214 imbecilli
375 2155 473 2214 debita
496 2158 571 2215 ratio
594 2156 757 2227 haberetur,
783 2163 812 2216 et
834 2157 861 2214 ei
884 2154 922 2215 ad
945 2156 1044 2215 studia
1059 2172 1113 2216 sua
1128 2159 1200 2215 satis
1224 2158 1276 2215 1111
1296 2155 1512 2218 concederetur.

153 2240 273 2321 Tycho,
298 2245 347 2318 qai
371 2259 428 2301 non
453 2246 632 2302 assuevisset
655 2243 837 2303 conditiones
861 2245 993 2319 accipere
1016 2243 1210 2319 a,lamalis“
1234 2245 1294 2303 suia
1310 2245 1515 2321 praescriptas,

153 2332 327 2409 pactionem
350 2348 407 2388 non
432 2330 654 2406 diligentissime
677 2330 851 2390 observasse
876 2329 1005 2404 videtur,
1036 2330 1089 2390 sad
1111 2330 1240 2407 Keplero
1271 2333 1435 2407 aegrotanti
1461 2348 1516 2390 na·

153 2417 243 2495 gotia
265 2420 421 2493 imposuit,
454 2417 554 2493 qualia
577 2418 658 2477 obire
681 2426 812 2477 autnon
835 2427 1022 2490 assueverat,
1052 2426 1104 2476 eut
1128 2435 1193 2477 cum
1216 2420 1341 2496 primum
1364 2418 1515 2497 Tychonis

156 2512 244 2565 11111
266 2507 373 2578 111111,
398 2513 476 2565 11111
500 2524 556 2564 uon
581 2513 813 2582 exspectaverat,
838 2514 870 2577 ut
893 2505 1090 2581 epistolas
1114 2504 1409 2580 describendas,
1439 2523 1515 2582 qua·

153 2608 223 2651 rum
245 2598 471 2669 stupratam)
496 2592 662 2669 excerptum
692 2592 829 2650 diximus.
874 2590 1032 2651 Praeterea
1054 2592 1200 2669 Keplcrus
1227 2592 1304 2652 hauc
1335 2609 1452 2669 quoquc
1477 2594 1515 2651 ob

154 2694 281 2739 causam
304 2681 459 2755 impatiens
483 2688 562 2754 erat,
587 2680 683 2755 quod,
708 2688 740 2738 ut
761 2677 849 2737 modo
873 2678 1015 2752 diximus,
1047 2679 1150 2757 Tyeho
1173 2682 1278 2739 iterum
1303 2682 1467 2756 iterumque
1489 2680 1516 2741 11

154 2764 305 2838 instabat,
337 2776 368 2824 ut
401 2784 484 2827 snam
515 2767 550 2825 de
574 2766 651 2825 Solis
679 2773 708 2826 et
729 2765 914 2842 planetarum
944 2767 1077 2827 cursibus
1105 2768 1303 2843 conjecturam
1335 2768 1515 2844 argumentis

156 2855 369 2914 astronomicis
394 2854 585 2927 confirmaret,
611 2871 676 2912 cum
698 2853 754 2912 hoc
777 2854 903 2929 aliisque
926 2856 1052 2929 negotiis
1068 2853 1203 2931 Γ11111111
1220 2853 1406 2914 elaborandis
1420 2872 1439 2914 a
1454 2855 1516 2913 suls

154 2938 269 3001 studiis
288 2940 508 3016 prohiberetur,
538 2958 630 3017 quac,
664 2943 788 3017 cognitis
810 2939 1068 3017 Tychonianorum
1093 2940 1128 3000 de
1152 2940 1248 3001 Marta
1271 2942 1391 3019 planeta
1414 2942 1517 3021 obser-

156 3028 346 3099 vationibus,
378 3035 470 3086 totum
495 3028 559 3102 ejas
582 3031 711 3087 eitimam
734 3035 764 3087 et
787 3027 941 3102 implerent
962 3036 992 3086 et
1014 3028 1205 3088 intenderent.
1252 3028 1283 3088 Si
1307 3028 1383 3088 diem
1412 3029 1516 3088 leviori

157 3114 205 3175 illi
230 3115 373 3192 epistolae
397 3132 416 3173 a
438 3114 567 3191 Keplero
591 3116 753 3192 descriptae
777 3113 908 3172 additam
932 3131 998 3173 cum
1022 3132 1057 3174 eo
1080 3122 1211 3192 tempore
1235 3117 1433 3189 conteramus,
1458 3132 1516 3191 quo

156 3204 236 3261 inter
258 3201 418 3278 Keplerum
443 3211 472 3261 et
495 3203 666 3278 Tyclronem
697 3200 818 3260 dissidia
847 3201 898 3260 illa
922 3202 1091 3261 acciderunt
1119 3202 1257 3284 (epistola
1285 3214 1384 3264 mense
1408 3203 1517 3262 Martio

155 3291 283 3366 scripta,
315 3289 460 3365 Keplcrus
485 3292 602 3348 ineunte
626 3290 721 3366 Aprili
744 3304 843 3347 mense
865 3289 1012 3364 prolectas
1035 3289 1106 3366 est),
1140 3291 1213 3350 ltaec
1243 3307 1301 3350 non
1332 3298 1382 3351 est·
1407 3293 1517 3351 incerta

156 3377 340 3453 conjectura,
364 3377 440 3435 harre
465 3375 511 3435 vel
534 3376 658 3436 similem
682 3374 836 3452 epistolam
852 3391 972 3434 eausam
989 3376 1087 3448 111111,
1112 3395 1163 3435 111
1179 3376 1324 3453 Keplcrus
1343 3378 1381 3437 ad
1396 3376 1517 3456 'lycho-

153 3480 227 3525 ncm
242 3462 371 3542 perditas
387 3463 452 3522 illas
468 3465 568 3523 literas
585 3466 702 3538 miserit,
726 3480 800 3539 quas
816 3462 837 3523 l.
852 3480 877 3522 c.
893 3462 1029 3524 diximus.
1062 3464 1095 3522 In
1113 3482 1171 3540 qua
1188 3465 1316 3542 epistola
1330 3465 1409 3524 haud
1429 3465 1517 3524 dubie

155 3554 272 3626 scripta
295 3562 392 3624 erant,
424 3552 525 3626 qualia
548 3551 698 3629 'l'ychonis
730 3550 768 3610 ad
792 3556 877 3609 auree
901 3554 1000 3610 venire
1025 3568 1083 3608 non
1107 3552 1243 3611 solerent.
1290 3552 1376 3628 Quod
1400 3551 1517 3629 quidem

154 3656 196 3701 ex
221 3640 256 3697 111
279 3646 416 3714 apparet,
449 3656 524 3713 quae
548 3638 651 3716 'l'ycho
674 3638 852 3697 llolimanno
876 3636 983 3696 Baroni
1013 3637 1049 3697 de
1078 3637 1129 3698 lite
1160 3641 1274 3715 scripsit
1303 3648 1332 3698 11
1362 3657 1397 3699 ex
1421 3639 1519 3698 verbis

153 3742 238 3805 quaa
261 3726 405 3802 Keplcrus
428 3728 492 3801 ipse
516 3734 619 3801 postea
640 3727 802 3786 revocavit.
846 3723 929 3798 Quae
958 3728 1107 3784 revocatio
1135 3744 1206 3785 sarra
1234 3725 1398 3786 humillima
1421 3733 1465 3785 111
1487 3732 1517 3784 11

152 3830 255 3893 paene
279 3814 443 3889 desperata.
489 3814 581 3888 Cujus
604 3816 645 3872 111
669 3814 797 3888 aliquam
820 3819 932 3887 partem
954 3811 1034 3872 haud
1057 3812 1144 3871 dubie
1164 3813 1381 3874 exhortationes
1405 3814 1517 3871 amieo·

152 3918 224 3961 rum
246 3899 427 3973 habuerunt,
460 3902 509 3976 qui
532 3903 657 3959 maxime
688 3902 772 3957 111111
797 3900 890 3957 virum
914 3908 974 3957 tam
996 3899 1150 3960 excellenti
1179 3902 1296 3977 ingenio
1320 3901 1416 3977 Praga
1440 3901 1518 3960 exire

152 3992 303 4061 sinerent3
327 3987 379 4047 sed
402 3991 496 4064 prima
512 4004 610 4060 causa,
635 3995 665 4047 ct
680 4004 730 4046 cur
744 3986 878 4063 Tyclroni
894 3989 1052 4045 amicitiam
1068 3990 1282 4046 renunciaverit
1305 3995 1334 4048 et
1348 4006 1400 4049 cur
1413 3995 1519 4065 postea

152 4084 191 4137 ut
214 4076 245 4133 in
269 4076 333 4151 ejus
355 4078 478 4151 gratiam
502 4077 701 4134 restitueretur
715 4075 840 4151 petierit,
863 4075 891 4130 in
908 4072 1026 4149 Kepleri
1047 4074 1149 4150 quales
1172 4082 1241 4135 tunc
1265 4085 1347 4135 erant
1370 4075 1516 4134 conditio-

153 4164 247 4223 nibus
269 4166 366 4239 posita
389 4172 443 4221 eat.
481 4163 581 4220 Patria
605 4164 694 4234 111111,
718 4160 806 4220 domo
829 4159 980 4237 expulsus,
1005 4161 1041 4220 de
1064 4161 1176 4222 familia
1198 4161 1340 4223 sollicitus
1362 4164 1391 4220 in
1414 4161 1513 4241 Styria

152 4250 278 4321 relicta,
311 4249 471 4326 Keplems,
502 4267 549 4308 res
572 4268 640 4308 11111
669 4266 736 4307 mox
768 4247 805 4306 ad
835 4247 955 4307 meliora
978 4266 1112 4308 versuras
1135 4268 1198 4309 esse
1221 4268 1356 4326 sperans,
1388 4250 1514 4326 Pragam

151 4334 363 4419 proficiscitur,
396 4340 424 4393 in
448 4338 550 4396 itinere
580 4337 653 4395 lebri
682 4343 825 4412 quartana
856 4342 884 4395 ct
915 4336 977 4410 ejus
1001 4352 1106 4413 corprrs
1135 4337 1280 4396 infirmum
1303 4347 1332 4399 et
1353 4336 1516 4396 invalidum

155 4425 350 4485 vehementer
373 4424 514 4494 allicitur,
548 4431 577 4482 et
599 4426 705 4500 ingenii
735 4424 862 4481 ectrmini
893 4424 1050 4481 olirmditur
1073 4424 1169 4501 caligo
1191 4422 1370 4505 (,quartana
1393 4442 1439 4483 me
1462 4424 1518 4482 eb·

152 4528 278 4575 seurum
300 4507 389 4570 lacit“
414 4521 475 4569 tum
499 4513 615 4586 scripsit
637 4511 673 4569 ad
697 4507 896 4588 lllacstlinum)
920 4518 948 4569 11
970 4513 1085 4570 animus
1109 4530 1242 4571 curarum
1265 4514 1351 4588 copia
1374 4512 1519 4571 sollicitus

152 4614 279 4679 prorsus
302 4600 449 4675 affligitur.
495 4598 577 4657 'l’alis
601 4606 663 4657 erat
686 4596 803 4675 Kepleri
827 4597 963 4671 habitus,
990 4614 1056 4657 curn
1079 4599 1116 4658 ad
1139 4599 1312 4677 Tychonem
1336 4602 1466 4658 venisset
1489 4604 1518 4659 11

153 4688 200 4749 iot
224 4689 323 4745 omnia
347 4686 615 4762 exspectationibus
639 4688 700 4744 1111
723 4686 869 4745 contrarie
893 4693 922 4744 11
946 4684 1062 4744 diversa
1086 4686 1215 4747 vidisset.
1249 4687 1285 4745 Et
1308 4688 1426 4746 morbus
1442 4702 1518 4762 quo-

153 4790 219 4853 que
242 4774 383 4850 quamdiu
407 4773 486 4849 apud
501 4772 672 4849 Tychonem
696 4780 758 4832 erat
779 4788 938 4848 numquam
962 4793 980 4831 a
1004 4775 1066 4832 viro
1091 4774 1240 4849 discessit,
1265 4774 1349 4850 cujus
1371 4772 1518 4833 sanationi

153 4864 356 4938 sempiternus
378 4860 498 4938 Kepleri
521 4877 587 4921 curn
609 4860 737 4938 superbo
761 4860 824 4920 viro
848 4876 918 4920 usus
941 4859 1059 4922 minime
1082 4859 1222 4939 prodesse
1249 4868 1376 4940 poterat.
1413 4858 1518 4921 Gratio

211 4962 311 5015 Kepleri
323 4961 399 5016 opera
409 4960 475 5005 rtur.
1274 4961 1310 5019 62
