3308 5534
428 419 609 479 Smmtdmu
625 421 764 481 Historiae
781 419 974 481 datrouomiae
991 418 1086 479 seculo
1103 420 1179 480 XVL
1424 418 1490 493 627

151 598 222 661 bilem
242 601 272 658 iu
294 598 374 663 Sole.
419 599 550 661 Maxima
572 619 699 679 namque
721 601 799 663 Solis
822 604 961 679 aequatio
985 609 1029 662 eet
1053 598 1105 676 2⁰,
1128 601 1214 677 cujus
1237 617 1323 662 arcus
1347 617 1494 665 cumcon-

152 686 208 747 deus
226 689 255 755 in
278 696 395 766 tompus
417 689 563 749 resolutus
595 691 646 749 dat
670 692 875 767 S‘tcmporis,
907 699 937 750 et
959 692 988 747 in
1011 699 1093 749 motu
1115 688 1195 751 Solis
1219 692 1291 751 20¹¹.
1338 689 1399 750 Sed
1424 691 1495 767 quia

151 777 258 851 μςίεεε
281 776 319 835 dc
341 776 411 837 Sole
434 787 516 837 eraut
538 781 697 855 impressae
721 797 740 837 a
761 778 854 837 multo
878 787 1019 854 tempore,
1048 776 1117 836 hinc
1145 786 1209 836 orta
1236 778 1309 837 haec
1338 777 1493 857 dissimili-

152 860 260 935 tudols).
306 862 459 938 Secundo,
491 867 547 924 etsi
576 882 636 924 non
663 866 756 942 probo
786 868 880 941 ipsam
909 862 1001 942 partis
1029 863 1149 924 alterius
1181 867 1388 938 omissionem,
1419 864 1495 925 nihil

155 956 232 1011 lucen
251 958 365 1011 mutare
381 968 502 1028 possum
518 962 635 1026 temere,
659 953 757 1028 quoad
772 954 803 1011 in
818 953 944 1029 planetis
959 952 1041 1013 luero
1057 951 1211 1028 expeditus
1224 959 1263 1028 (1).
1302 950 1379 1013 Nam
1395 960 1495 1029 potest

153 1039 298 1115 adfingere
326 1042 414 1099 etiam
442 1041 485 1099 sic
507 1043 652 1101 invariata
674 1040 847 1117 Tychonica
874 1038 1033 1117 hypothesi
1056 1056 1134 1098 error
1157 1042 1197 1100 6‘.
1243 1039 1275 1100 Si
1296 1038 1361 1115 jam
1383 1049 1495 1101 mutem

153 1120 212 1184 banc
229 1126 375 1201 aequandi
406 1129 563 1199 rationem,
596 1128 737 1187 accedent
767 1127 826 1187 alia
848 1129 888 1187 4¹.
934 1126 984 1189 Sic
1005 1126 1152 1186 interdum
1182 1135 1284 1203 posset
1312 1145 1366 1204 per
1396 1145 1493 1189 meam

147 1215 321 1291 putadonem
354 1231 432 1273 error
460 1218 628 1290 contingere
655 1219 704 1275 to‘
728 1215 776 1273 vel
803 1218 867 1287 11‘,
899 1215 941 1273 ita
968 1217 997 1271 in
1028 1215 1286 1290 reprehensionem
1317 1217 1494 1275 incurrerem

153 1314 202 1357 cum
221 1317 285 1361 mea
306 1304 478 1361 mutatione.
524 1302 625 1361 Tertio
648 1301 809 1361 notandum
832 1310 892 1373 est,
921 1301 1036 1360 lunaria
1065 1319 1117 1378 per
1140 1301 1336 1361 Christianum
1359 1302 1494 1363 Severini

151 1384 422 1462 honqomontanum,
452 1406 538 1463 quern
561 1389 664 1466 Tycho
688 1389 779 1459 aluit,
808 1391 837 1448 in
860 1389 939 1448 bunc
967 1388 1086 1447 modum
1115 1405 1180 1448 essa
1202 1392 1393 1461 concinnata,
1426 1407 1493 1449 cum

153 1471 238 1551 'l'yrho
258 1477 387 1551 negotiis
409 1474 532 1549 aulicis,
566 1476 737 1537 difficultate
767 1478 937 1552 pecuniaria
959 1484 988 1535 et
1010 1477 1163 1551 ingruente
1186 1478 1268 1534 senio
1292 1475 1492 1552 impediretur.

150 1557 230 1638 dsepe
249 1561 322 1621 dixit
345 1561 527 1623 Christiano:
564 1563 657 1638 „haec
685 1581 743 1622 non
767 1580 888 1639 possum
910 1563 1021 1636 serre“,
1044 1562 1097 1621 sed
1119 1564 1270 1638 respondit
1292 1563 1490 1624 Christianus:

153 1646 205 1721 ,lu
225 1666 294 1723 ergo
317 1651 380 1726 ipse
403 1649 483 1710 aliud
508 1653 623 1730 inveni,
652 1652 731 1726 quod
754 1669 820 1711 cum
850 1654 908 1710 tuis
931 1652 1096 1710 consentiat
1125 1651 1308 1711 obseruatia“
1326 1655 1370 1723 (a).
1416 1651 1490 1711 Cum

151 1750 208 1795 suo
228 1736 330 1814 Tycha
349 1738 413 1813 jam
436 1755 495 1796 nou
519 1746 600 1797 tanta
623 1741 784 1799 attentione
806 1738 906 1797 studia
929 1738 1003 1797 haec
1026 1746 1149 1797 tractare
1172 1746 1285 1813 posset,
1315 1741 1491 1799 necessitate

151 1818 255 1882 adauae
277 1823 397 1899 reliquit
419 1824 476 1884 hoc
498 1825 607 1884 malurn
631 1827 705 1885 bene
722 1825 870 1885 conditum
886 1829 931 1895 (n).
971 1824 1092 1899 Quarto,
1115 1826 1157 1882 rei
1178 1826 1304 1899 qualitas
1327 1843 1386 1885 non
1405 1826 1491 1887 vulda

151 1908 263 1969 muros
284 1919 330 1969 est
351 1928 442 1986 seque
467 1914 607 1988 exemplis
631 1912 768 1984 defendit,
792 1914 816 1971 si
840 1914 928 1971 modo
951 1915 1100 1987 quantitas
1123 1916 1306 1971 consentiret.
1343 1914 1419 1973 Nam
1440 1915 1491 1988 qui

151 1992 213 2068 licit,
244 1997 450 2074 negligendam
474 2017 539 2060 esse
562 2000 685 2059 alterum
707 2009 820 2076 partem
846 2001 1033 2077 aequationis
1056 2001 1086 2055 in
1111 1999 1194 2057 leuna
1212 2006 1254 2070 (ad
1273 2005 1305 2071 ε),
1329 2002 1355 2059 is
1376 2002 1489 2073 statuit,

151 2078 234 2144 toras
256 2085 340 2145 illum
362 2096 490 2158 motum,
514 2089 564 2163 qui
588 2087 667 2162 apud
691 2094 803 2146 ceteros
826 2095 1010 2147 astronomos
1032 2094 1077 2144 est
1099 2085 1226 2157 medius,
1257 2084 1352 2147 hicme
1375 2088 1490 2147 tardum

150 2183 206 2245 me,
227 2179 340 2233 aestate
363 2171 505 2246 velocem,
529 2176 600 2250 qaia
623 2184 765 2249 quantum
787 2181 901 2234 aestate
924 2173 960 2232 dc
983 2173 1053 2232 orbe
1076 2172 1179 2232 Lunae
1202 2172 1331 2231 volvitur
1352 2176 1491 2251 tempori·

150 2254 192 2317 hus
210 2264 282 2320 860.
306 2263 359 2320 δῖ’
382 2264 576 2336 aequaturiis,
605 2261 790 2334 tantundem,
821 2278 880 2320 non
902 2261 978 2338 plus,
1002 2260 1170 2319 volveretur
1191 2258 1286 2318 hieme
1309 2262 1490 2338 temporibus

150 2346 268 2407 ttt.1‘.
312 2347 419 2423 ltaque
446 2365 511 2407 crim
542 2356 655 2408 aestate
678 2349 729 2408 Sol
752 2351 792 2407 sit
820 2351 959 2409 remotior
981 2348 1018 2407 ab
1041 2348 1113 2406 orbe
1135 2346 1237 2406 Lunae
1267 2365 1355 2423 quam
1384 2349 1489 2423 hieme,

148 2441 229 2506 met
251 2433 359 2510 aliquis
382 2438 520 2509 cogitare,
544 2453 663 2495 causam
686 2436 907 2509 inaequalitatis
930 2452 995 2495 esse
1018 2434 1171 2511 physicam
1195 2440 1224 2492 et
1245 2432 1344 2494 Solem
1366 2439 1488 2512 propio-

148 2533 193 2583 Μ
212 2522 350 2598 impedire
382 2522 513 2580 nonnihil
537 2522 639 2584 Lunae
669 2531 791 2582 motum.
836 2522 910 2595 Sed,
942 2530 975 2580 ut
997 2521 1074 2592 dixi,
1103 2523 1252 2596 quantitas
1283 2532 1312 2581 ct
1334 2524 1485 2600 proportio

148 2606 297 2682 imment,
321 2611 392 2685 quia
407 2608 488 2668 Solis
503 2609 659 2669 distantiae
682 2611 725 2669 sic
747 2609 872 2670 habent:
896 2610 1386 2687 apogaea1018‚perigaea982,
1409 2627 1486 2686 quac

147 2699 278 2773 proportio
292 2703 338 2757 εει
351 2695 440 2772 longe
456 2696 572 2756 diversa
587 2690 606 2755 a
620 2699 807 2774 proportione
829 2699 905 2757 inter
929 2695 1008 2758 361⁰
1024 2697 1052 2754 ι’
1076 2703 1106 2754 ει
1129 2693 1207 2755 360⁰
1223 2697 1275 2755 Μ’
1287 2702 1325 2767 (ι).
1365 2696 1484 2772 Quinto,

147 2784 297 2859 priusquam
329 2800 392 2859 ego,
412 2783 450 2842 ad
473 2783 643 2861 Tychonem
672 2786 755 2855 veni,
788 2800 848 2861 quo
874 2793 1006 2861 tempore
1034 2785 1059 2841 is
1083 2783 1271 2859 Witebergae
1302 2782 1398 2845 adhuc
1420 2784 1485 2858 luit,

148 2878 248 2929 aeuus
271 2871 326 2929 luit
348 2878 463 2947 praeter
486 2878 528 2929 tot
551 2872 684 2931 circellos
706 2889 797 2930 unum
819 2874 908 2931 etiam
922 2887 1051 2930 annuum
1067 2872 1202 2941 inserere,
1225 2869 1343 2946 quando
1366 2873 1486 2931 retinnit

147 2960 284 3034 utramque
307 2960 447 3034 temporis
469 2961 689 3034 aequationem,
720 2966 754 3017 ut
776 2959 933 3018 observata
955 2975 1010 3017 sua
1031 2958 1107 3015 tueri
1128 2965 1236 3032 posset.
1283 2957 1314 3016 Is
1337 2974 1406 3034 ergo
1429 2975 1485 3017 an·

146 3056 208 3103 uus
228 3044 355 3104 circulus
387 3045 559 3122 profligatus
589 3054 633 3105 est
656 3055 760 3123 postea
782 3045 895 3121 Pragac
917 3063 969 3123 per
999 3046 1188 3103 omissionem
1215 3043 1363 3105 secundae
1392 3048 1484 3121 partis

148 3133 280 3206 aqueum
303 3140 417 3209 tempus
441 3143 468 3190 et
492 3151 544 3210 per
566 3132 778 3208 neglectionem
796 3139 813 3193 5
831 3133 914 3192 velli
938 3132 1140 3209 scrupulorum
1162 3132 1352 3206 residuorum,
1378 3134 1485 3209 quibus

146 3216 258 3279 declus
280 3218 377 3279 adhuc
399 3220 462 3277 abit
484 3223 522 3280 ab
545 3221 717 3279 observatis.

234 3305 282 3365 Ad
305 3307 500 3381 objectionem
532 3307 701 3367 secandam.
745 3306 804 3365 Hic
834 3313 945 3365 motum
973 3304 1159 3380 inaequalem
1190 3308 1281 3366 centri
1304 3309 1481 3367 concentrici

148 3384 232 3453 lusa
253 3395 285 3451 iu
307 3393 439 3470 epicyclo
463 3411 513 3469 per
535 3393 654 3454 Terram
679 3394 766 3452 ductu
791 3393 900 3469 (quoad
919 3394 1069 3471 affectum)
1094 3403 1184 3455 tueor.
1220 3393 1295 3452 Nam
1318 3397 1344 3452 si
1368 3410 1483 3453 memo·

148 3478 200 3537 dier
220 3481 296 3540 bene
323 3490 424 3551 teneo,
453 3488 552 3540 manet
579 3481 654 3539 idem
684 3481 849 3556 inaequalis
879 3488 975 3540 motus
1007 3482 1094 3539 etiam
1128 3483 1156 3537 iu
1179 3480 1352 3540 Ptolemaeo
1383 3481 1481 3557 quoad

147 3562 265 3626 demam
288 3567 346 3626 hoc
368 3576 537 3643 praetextu,
567 3569 645 3642 quod
675 3569 780 3626 trustra
809 3570 900 3626 simus
927 3568 1049 3626 subtiles
1080 3571 1109 3624 in
1139 3568 1367 3627 insensibilibus.
1413 3568 1479 3627 Hoc

146 3650 201 3713 nn
222 3654 337 3725 dicere,
360 3654 472 3714 nullam
495 3654 595 3714 haberi
620 3674 638 3714 a
660 3655 832 3715 Ptolemaeo
856 3657 999 3713 rationem
1022 3653 1242 3730 inaequalitatis
1264 3664 1429 3715 menstruae
1453 3657 1482 3713 in

151 3742 214 3801 reru
239 3742 479 3819 oppositionibus
508 3749 536 3801 et
567 3743 821 3818 corrjunctiouibus
854 3742 932 3801 Solis
963 3752 990 3801 ct
1020 3742 1122 3800 Lunae
1141 3750 1184 3807 tir).
1239 3741 1400 3818 Copernico
1432 3742 1481 3802 hic

149 3828 257 3899 pinum
287 3829 401 3906 placuit
428 3826 637 3907 ἀκριβολογειν,
671 3831 721 3904 qui
751 3845 865 3905 semper
896 3828 1018 3887 adhibet
1049 3834 1255 3903 aequationem
1290 3839 1478 3899 menstruam,

145 3918 243 3987 altiles
266 3922 395 3980 verso(
412 3924 495 3982 ot00
515 3915 609 3975 diflert
632 3934 650 3974 a
674 3914 779 3974 media.
825 3915 1014 3975 Ptolemaeus
1046 3934 1115 3991 ergo
1139 3919 1195 3977 hoc
1217 3916 1327 3977 iaciens
1358 3917 1480 3975 simulat

147 4012 260 4065 nuum
286 4005 461 4063 concentrici
486 4003 587 4063 Lunae
611 4006 639 4059 in
662 4005 740 4062 veris
756 4016 791 4071 0‘
813 4010 841 4061 et
859 4021 895 4069 00
914 4019 979 4061 esse
1003 4004 1062 4061 imo
1084 4005 1158 4076 loco,
1181 4003 1268 4082 plane
1284 4010 1316 4060 ut
1331 4003 1480 4080 Tychorl).

145 4080 272 4165 floeuudo,
296 4094 322 4150 si
339 4088 445 4149 vellem
461 4090 643 4159 contendere,
666 4107 784 4166 possem
806 4088 882 4148 hanc
897 4098 993 4148 motus
1009 4091 1250 4167 inaequalitatem
1274 4093 1362 4149 etiam
1384 4102 1481 4150 asue-

145 4180 241 4239 utre
265 4195 409 4239 excusare
433 4179 582 4237 additione
605 4178 701 4237 adhuc
725 4179 810 4236 unius
833 4177 933 4236 circuli
956 4182 1110 4236 menstrui:
1143 4198 1193 4239 cur
1222 4180 1298 4237 enirn
1327 4178 1397 4236 mihi
1421 4196 1481 4237 non

146 4256 231 4326 litera
258 4269 291 4324 ln
321 4265 379 4323 hac
405 4266 616 4341 inaequalitate
645 4274 793 4324 menstrua
825 4263 1008 4335 excusanda,
1038 4267 1116 4340 qnod
1147 4267 1309 4342 Copemico
1338 4265 1420 4324 licuit
1451 4268 1479 4323 iu

145 4354 324 4427 mantibus
348 4351 537 4411 Ptolemaicis
560 4352 751 4425 excusandis,
781 4352 964 4429 approbante
987 4351 1162 4413 Praetorio?
1178 4372 1220 4427 (m)
1257 4351 1358 4411 Tertio
1382 4370 1482 4426 causa,

146 4448 185 4495 ur
201 4456 260 4500 rem
284 4443 381 4517 ipsam
405 4439 568 4511 delendam,
593 4447 638 4498 est
652 4439 735 4511 lraec,
759 4438 838 4514 quod
854 4455 961 4498 causae
976 4446 1107 4499 motuum
1125 4440 1274 4500 verissime
1290 4448 1359 4499 suut
1374 4440 1479 4518 physi-

147 4534 195 4597 ιιι,
214 4534 246 4586 nt
267 4528 335 4587 Deo
359 4529 449 4584 vitam
474 4527 560 4585 dante
584 4528 731 4603 probabo,
762 4545 780 4584 a
803 4523 872 4585 Sole
896 4533 992 4599 ortae,
1024 4530 1126 4604 utique
1149 4530 1238 4604 igitur
1261 4527 1299 4586 ab
1322 4530 1388 4604 ipso
1410 4544 1480 4587 veru

147 4602 213 4685 hila,
231 4631 290 4674 unu
314 4633 333 4673 a
355 4623 464 4688 puncto
488 4615 552 4689 ejus
574 4616 695 4683 vicario,
719 4611 799 4689 quod
821 4612 919 4672 Solem
939 4613 1002 4689 jam
1026 4615 1182 4689 antecedit,
1200 4615 1264 4689 jam
1286 4618 1419 4690 acquitur
1435 4624 1479 4678 tul.

151 4690 250 4775 (lutto,
273 4709 303 4762 et
325 4710 423 4761 tamen
447 4709 587 4777 quantum
610 4699 778 4759 sudaverim
800 4702 829 4757 in
851 4700 983 4777 physicis
1007 4704 1102 4762 causis
1118 4702 1206 4776 hujus
1221 4705 1362 4760 menstrui
1383 4711 1480 4760 motus

153 4778 322 4864 mmmdcc,
345 4797 378 4847 tu
401 4791 464 4865 ipse
485 4795 625 4864 exparte
648 4789 731 4847 testis
754 4805 801 4862 es;
823 4791 940 4864 quoties
961 4790 1135 4863 exclamavi,
1154 4790 1217 4866 jam
1240 4806 1287 4847 me
1311 4787 1480 4848 invenisse?

157 4860 244 4941 Μ
263 4895 311 4938 res
333 4892 394 4937 non
415 4884 475 4936 tam
499 4883 577 4937 εεεει
598 4876 743 4949 abstrusa,
766 4893 870 4953 posses
892 4892 1043 4938 recensere
1065 4896 1101 4938 ex
1117 4887 1146 4939 ta
1161 4879 1226 4954 ipso
1243 4876 1371 4939 Domino
1386 4877 1480 4940 Prae·

1215 4972 1273 5033 tt*
