3308 5534
194 386 236 455 72
748 380 861 437 Joannis
879 379 989 450 Keplori

193 562 266 633 pisto
284 559 422 631 Tpcbonis
441 558 557 614 indicari
575 558 593 612 l.
615 556 661 613 itt
683 558 818 627 (rol.i'11.
838 577 864 627 p.
883 558 963 627 ιιι),
981 556 1173 612 securitatum
1191 556 1299 625 quidem
1317 555 1386 611 alias
1403 554 1495 611 statim
1513 554 1551 613 ab

192 642 254 714 ipsu
271 640 384 711 planitie
402 640 546 709 depressas
563 652 638 705 ease¹
662 636 730 693 alias
748 635 819 692 sallo
836 638 863 691 in
883 636 968 691 altum
987 635 1059 693 elato
1077 636 1160 691 relati
1179 635 1276 689 muniri
1294 642 1392 690 contra
1407 636 1550 704 regionem

194 722 366 777 exteriorem.

299 796 415 853 XXXII.
433 793 580 852 Multitudo
598 794 796 849 individuorum
814 796 881 851 artis
906 810 1018 865 operum
1041 792 1240 850 multitudinem
1265 793 1347 847 etiarn
1370 792 1490 862 aliquam
1507 808 1553 847 ar·

195 878 255 947 pnit
272 892 365 931 eornm
384 892 464 933 usus.
493 890 542 927 seu
559 875 635 929 multi
654 875 708 928 sint
725 884 848 943 utemes,
870 892 919 930 seu
938 874 1008 929 idern
1027 884 1107 931 utens
1126 872 1239 927 dirersis
1258 871 1424 940 temporibus
1442 878 1552 949 utatur3

194 956 242 1013 ubi
265 964 357 1009 tumen
382 952 625 1007 dissimilitudinum
649 953 765 1021 aliquam
788 972 915 1024 opernm,
942 955 1083 1023 analogum
1112 952 1260 1009 diversitati
1288 962 1455 1020 temporum,
1479 950 1553 1005 ratio

195 1034 303 1091 stradet.
338 1034 382 1087 Sic
401 1032 467 1086 ordo
487 1032 558 1085 iuter
576 1030 622 1085 illa
640 1032 725 1087 mults
742 1035 873 1088 rationem
892 1050 972 1089 unam
991 1034 1081 1088 omnia
1099 1029 1269 1099 complexam
1289 1028 1397 1084 eriucit.

302 1111 429 1167 XXXlll.
449 1110 492 1163 Ex
510 1110 563 1164 bete
587 1110 721 1165 axiomata
740 1118 818 1166 etex
837 1113 937 1168 XXIX.
956 1113 1034 1167 tascilo
1053 1111 1219 1176 obtinemus,
1245 1111 1272 1164 iu
1291 1108 1387 1163 lunae
1405 1107 1554 1177 superficie

196 1198 304 1259 gentem
324 1190 442 1257 aliquam
462 1204 532 1253 esse,
550 1189 664 1243 rationis
683 1188 716 1242 ad
736 1194 915 1245 exstruendas
934 1194 1001 1245 istas
1019 1191 1148 1246 cavitates
1167 1204 1311 1258 capacem,
1330 1188 1358 1243 in
1376 1188 1495 1258 plurima
1512 1186 1554 1242 in·

197 1267 305 1323 dividua
327 1266 551 1335 multiplicatam,
580 1276 609 1319 ιιι
634 1284 687 1322 ιιιιιι
711 1284 775 1338 pars
798 1271 869 1325 hanc
888 1272 1033 1327 caritatem
1057 1280 1180 1325 exstruat
1204 1278 1371 1339 usurpetque
1389 1266 1444 1322 alia
1462 1266 1554 1333 aliam,

196 1362 258 1402 cnm
276 1362 325 1403 cae
343 1348 397 1401 sint
416 1346 486 1401 inter
505 1361 535 1399 so
553 1346 587 1401 ad
607 1362 714 1401 sensnm
734 1360 855 1404 nostrum
874 1350 955 1419 plane
974 1351 1075 1405 similes
1095 1362 1122 1403 et
1141 1350 1249 1419 quidem
1268 1356 1342 1403 certa
1360 1346 1421 1415 lege
1439 1348 1555 1403 interae

196 1424 354 1497 dispositae.
373 1425 445 1495 qnod
464 1436 587 1479 mutuum
606 1442 768 1481 consensum
786 1429 876 1495 arguit
894 1431 964 1485 inter
982 1439 1107 1485 arretores
1126 1427 1294 1482 diuersarum
1313 1426 1473 1481 civitatum.

299 1504 416 1559 XXXli'
444 1504 504 1559 llnc
523 1505 592 1559 adde
611 1506 822 1573 experimentum
842 1522 877 1561 ex
895 1510 1051 1563 narratione
1069 1510 1103 1561 dc
1122 1508 1186 1562 visis
1205 1522 1221 1559 n
1239 1522 1282 1561 me
1305 1506 1424 1576 planetis
1441 1504 1556 1560 Joriali·

196 1586 257 1652 bus,
276 1584 349 1652 qnod
361 1586 481 1653 ineptum
495 1585 521 1637 in
535 1584 669 1638 frontibus
683 1582 790 1638 titulum
811 1585 879 1651 perit
892 1586 1085 1654 Prucsutionia
1100 1588 1138 1643 od
1149 1587 1272 1641 lectorem
1301 1586 1372 1653 (Vol.
1387 1589 1419 1639 ll.
1438 1603 1465 1653 p.
1480 1584 1556 1641 bimi

300 1662 412 1717 invenio
431 1663 457 1716 in
477 1662 710 1718 obsecrationibus
734 1664 797 1717 anni
819 1666 893 1719 leiti.
914 1664 958 1717 die
976 1668 1017 1719 22.
1039 1666 1113 1734 Sept.
1133 1664 1342 1732 «inscriptionem
1361 1664 1477 1719 similem
1496 1679 1554 1718 mu·

196 1740 275 1797 culae
293 1741 389 1812 procul
407 1742 490 1797 dubio
509 1742 640 1811 ejusdem.
661 1743 739 1797 Luna
757 1744 858 1812 qnippe
877 1744 974 1797 iterum
992 1744 1180 1801 decrescente.
1199 1744 1308 1813 quando
1327 1743 1400 1799 linea
1417 1766 1461 1813 τις
1478 1766 1557 1811 rom

195 1820 321 1887 exiguum
339 1836 423 1875 cornu
435 1820 469 1875 de
488 1838 536 1875 ora
548 1821 641 1876 Lunae
659 1822 821 1878 occidentali
840 1823 975 1877 rescindit.
1005 1822 1096 1875 i'erba
1114 1834 1189 1879 sunt:
1212 1825 1259 1887 „ln
1277 1824 1371 1879 Lunae
1390 1822 1555 1880 occidentali

194 1919 261 1969 ιιμ,
283 1898 405 1969 (gibbam
428 1898 549 1967 intellige
571 1901 684 1968 lineam,
708 1918 757 1957 seu
780 1900 939 1972 ellipticanr]
962 1903 1227 1959 animadvertebatur
1251 1904 1329 1970 quusi
1354 1902 1420 1959 litus
1446 1913 1475 1959 et
1500 1904 1558 1959 sita

196 1976 307 2045 crepido
326 1977 449 2043 sinuosa,
474 1978 596 2032 umbram
621 1978 696 2033 reim
715 1980 742 2033 in
760 1995 835 2032 mare
854 1990 962 2047 [sersus
980 2000 1066 2037 cornu
1090 1982 1157 2036 illud
1176 1983 1283 2049 houm,
1304 1984 1362 2049 ,iam
1381 1982 1520 2039 desertum
1539 2000 1557 2037 a

195 2054 297 2109 iumine
315 2054 396 2121 Solis)
414 2057 573 2125 projiciens;
599 2056 646 2111 iux
666 2058 736 2111 enirn
755 2058 782 2112 in
800 2060 926 2127 partibus
944 2060 1027 2127 bajus
1046 2062 1128 2115 maris
1153 2060 1224 2115 ultra
1250 2062 1372 2115 umbram
1391 2060 1559 2131 sequebatur

194 2134 223 2189 in
240 2134 329 2189 medio
347 2134 439 2193 sinus.
464 2136 623 2190 continuata
646 2136 774 2206 deinceps
798 2138 939 2205 usquead
959 2160 1046 2207 ειμι-ι.
1084 2140 1170 2194 Paulo
1194 2156 1289 2195 sersus
1313 2142 1453 2195 meridiem
1477 2140 1556 2211 quasi

195 2210 312 2266 isthmus
331 2210 495 2271 luminosus.
521 2212 570 2267 scd
593 2220 685 2268 tamen
704 2215 730 2268 iu
750 2216 823 2269 clara
841 2216 980 2285 crepidine
999 2218 1172 2273 manifestum
1191 2227 1321 2288 punctum
1339 2230 1444 2285 atrum,
1474 2230 1503 2275 et
1520 2220 1558 2273 si·

195 2290 286 2345 cissim
310 2301 386 2345 trans
410 2292 476 2345 illud
500 2292 527 2345 in
546 2293 613 2345 mari
639 2309 715 2345 mons
739 2293 828 2349 clarus
854 2296 1024 2351 manifestus.
1061 2298 1170 2352 Csirnua
1194 2298 1341 2365 crepidinis
1364 2297 1439 2352 illius
1466 2298 1558 2353 clarae

196 2378 325 2437 protensa
344 2380 374 2422 nt
393 2370 594 2439 promontoria.
613 2392 676 2439 seqq
695 2388 743 2439 per
761 2386 835 2426 mare
853 2372 984 2427 incedens
1003 2382 1061 2429 erat
1079 2376 1113 2427 ab
1131 2376 1253 2429 interiori
1274 2392 1359 2431 cornu
1377 2376 1456 2444 quasi
1475 2376 1558 2431 inter·

198 2457 291 2515 cepta‚
319 2444 389 2500 intra
408 2464 493 2501 cornu
512 2448 540 2501 in
559 2449 658 2503 lirreanr
683 2469 759 2505 snam
779 2452 936 2520 telliprieam
961 2470 1009 2509 seu
1027 2454 1178 2524 gibbosam)
1202 2453 1403 2521 revertebatur,
1428 2453 1558 2509 incedens

199 2540 250 2597 per
267 2525 347 2579 aliam
366 2527 524 2582 macrrium.“
557 2530 631 2583 llaec
649 2546 721 2583 arrrro
743 2532 818 2585 tout.
837 2532 881 2585 22.
901 2532 977 2599 Sept.

303 2606 395 2662 Lubet
412 2624 476 2661 sero
495 2608 574 2662 etiam
589 2626 669 2663 siriam
682 2608 897 2662 oberrationem
911 2610 1066 2663 exscribere
1084 2618 1177 2668 totam.
1196 2608 1268 2665 unde
1287 2610 1390 2679 aliquot
1407 2612 1560 2681 particulae

200 2686 340 2741 desrrmtae
359 2697 423 2741 sunt
442 2686 470 2741 in
489 2688 656 2755 apparentiis
669 2688 834 2756 praemissis.
855 2688 918 2754 quia
937 2687 971 2741 tle
984 2687 1107 2756 pluribus
1126 2689 1273 2743 etiamnum
1292 2700 1384 2744 monet
1402 2702 1430 2747 et
1448 2694 1514 2761 quia
1531 2692 1559 2747 ia

199 2766 249 2821 illa
266 2774 330 2821 sunt
347 2766 481 2834 quaedam
499 2768 653 2821 rudimenta
671 2766 812 2835 epistolae.
831 2768 858 2819 in
877 2768 956 2833 cujus
975 2768 1091 2835 ιιιιιιιιιιιι
1109 2768 1341 2822 demon-tratione
1360 2785 1509 2825 versamur.

307 2850 403 2905 „Anno
424 2848 501 2903 tots.
521 2846 547 2899 d.
571 2846 609 2901 li.
621 2844 678 2899 Jril.
697 2862 711 2895 ιι
731 2846 818 2899 media
838 2857 918 2899 rroete
936 2848 1081 2915 incipiente
1095 2848 1199 2900 Lunam
1218 2848 1253 2901 ab
1272 2848 1340 2901 bora
1363 2852 1383 2903 l.
1404 2850 1430 2903 in
1450 2852 1474 2905 2.
1495 2866 1560 2907 cora·

201 2924 349 2994 templariis
368 2942 440 2993 sirm,
462 2942 526 2979 usus·
546 2926 621 2977 sitris
642 2924 671 2978 i'.
690 2922 795 2979 Xieoiai
814 2924 897 2977 ereci
914 2923 1089 2993 longissimae
1107 2924 1262 2981 distantiae.
1300 2927 1436 2983 Ciuitates
1456 2928 1560 2997 plerae-

202 3020 255 3073 que
273 3005 443 3073 apparebant
466 3002 612 3058 rotundae.
637 3003 684 3057 sed
710 3004 889 3071 insuperiori
914 3014 941 3057 et
965 3003 1084 3057 interiori
1103 3014 1181 3073 parte
1201 3006 1294 3059 laniae
1313 3008 1391 3073 qnasi
1410 3008 1557 3075 ellipricae.

200 3084 350 3137 secnrnlnm
369 3082 548 3135 consentiretis
571 3081 644 3147 gtom
667 3080 873 3135 declinationem
893 3100 909 3135 ιι
928 3082 995 3139 riso.
1014 3094 1042 3135 et
1061 3084 1171 3137 urninae
1198 3084 1321 3141 vallium.
1348 3086 1439 3154 specie
1464 3087 1560 3141 Laruae

200 3162 398 3217 corniculatae.
423 3161 556 3229 operandam
581 3178 629 3228 por
652 3159 791 3229 obliquum
819 3161 954 3229 ellipsium
975 3162 1131 3219 manifeste.
1152 3173 1180 3216 ιιι
1201 3163 1281 3217 ιιι-ιιι
1300 3180 1333 3215 er
1353 3180 1385 3215 eo
1404 3166 1561 3221 cons-exin·

200 3248 255 3293 tem
275 3240 369 3293 Lunae
392 3240 465 3307 piniti
488 3240 529 3293 sel
549 3240 608 3293 risu
627 3254 799 3307 stpraoseeres.
838 3240 995 3293 biacnlnsae.
1020 3252 1110 3308 partes
1134 3242 1275 3295 interiores
1295 3251 1371 3295 erant
1394 3258 1561 3310 conspersae

200 3316 300 3373 lucidis
319 3320 456 3373 ιιιιιιιιιιΙΙὶι
470 3318 586 3373 circulis.
606 3328 737 3371 caritates
750 3328 776 3371 et
792 3319 899 3371 rantbras
919 3320 988 3372 intra
1009 3336 1038 3373 se
1051 3320 1301 3387 complectentibus.
1320 3322 1388 3373 raris
1408 3332 1499 3373 tamen
1520 3322 1561 3375 iis.

202 3400 322 3455 Diceres.
342 3412 433 3469 partes
452 3418 512 3454 esse
533 3400 626 3453 laruae
645 3398 782 3467 palustres
801 3416 850 3453 seu
870 3400 988 3452 limosas.
1007 3400 1033 3451 in
1047 3398 1146 3467 qnilms
1165 3399 1248 3451 erecti
1267 3415 1383 3468 aggeres
1402 3398 1562 3463 circulares,

203 3488 232 3536 nt
252 3480 337 3549 putei.
356 3480 531 3534 excludentes
551 3478 753 3543 circumjectum
773 3478 878 3531 humen
888 3495 922 3531 m.
959 3478 1025 3531 Erat
1045 3478 1139 3530 iaartrm
1159 3494 1212 3529 mm
1233 3478 1315 3545 paulo
1334 3494 1449 3545 tergens
1468 3478 1503 3531 ιιιΙ
1523 3478 1562 3533 ai-

202 3560 298 3615 tiorem
312 3568 416 3627 partem
431 3558 531 3612 Lunae.
553 3576 622 3625 qnae
644 3557 767 3609 ιιιιιιιῑιι--ι
779 3574 814 3609 an
827 3558 909 3610 rinno·
924 3558 1040 3627 speeiem
1060 3574 1125 3623 prae
1145 3574 1174 3609 se
1193 3556 1305 3613 terebat.
1326 3560 1352 3609 in
1366 3556 1455 3611 nin-dia
1475 3556 1561 3625 loupi-

202 3638 298 3693 tudine
317 3635 398 3705 panto
417 3638 561 3704 patentior.
587 3640 648 3693 Xon
667 3638 785 3689 ornninm
805 3638 950 3691 oasitanum
970 3648 1028 3690 erat
1046 3636 1155 3689 evidens·
1175 3634 1311 3689 distinctio
1331 3634 1399 3689 labri
1419 3652 1435 3687 a
1455 3636 1561 3705 reliqna

204 3716 299 3771 Lunae
317 3732 431 3783 erirpore
450 3718 598 3771 tmaeuloso
611 3736 659 3773 seu
679 3718 812 3787 palustris,
830 3716 877 3773 sed
891 3718 917 3771 id
930 3718 1058 3769 continua
1076 3726 1102 3769 et
1116 3714 1252 3783 aequabili
1266 3713 1446 3769 illustratione
1459 3716 1562 3783 hebeti,

205 3792 343 3861 usquead
362 3794 556 3848 dehiscentium
576 3800 687 3851 mnbrne
723 3798 872 3865 Pleraeque
891 3796 1008 3861 majore-
1027 3794 1158 3847 caritates·
1177 3791 1313 3845 nalolnnt
1334 3791 1360 3844 itt
1374 3794 1462 3845 aredio
1475 3810 1562 3861 quan·

204 3870 266 3927 riam
285 3872 428 3939 imaginem
447 3874 609 3929 circulormn
628 3878 775 3929 sirreornm
793 3876 820 3927 in
838 3874 973 3929 fenestris.
992 3872 1094 3925 scilieet
1107 3886 1140 3923 es
1155 3869 1291 3937 protendo
1310 3872 1457 3925 casitatunr
1470 3876 1563 3939 singn-

204 3951 290 4004 iarnm
315 3953 495 4017 assurgebant
514 3954 599 4007 colle·
619 3954 731 4009 sineuli.
759 3970 813 4005 rom
836 3964 927 4005 tamen
950 3950 984 4003 ad
1004 3948 1173 4004 altitudinem
1199 3948 1363 4002 exteriorum
1383 3952 1564 4017 crepidimarn,

205 4044 288 4099 atque
306 4032 323 4083 ii
343 4039 419 4083 eraut
438 4030 561 4099 depressi
579 4049 686 4087 rursum
707 4031 733 4084 in
746 4042 848 4085 ecntro.
868 4030 940 4083 reiut
953 4030 980 4081 in
993 4028 1134 4081 reattrilms
1153 4026 1322 4093 turgentibus·
1342 4028 1494 4083 umbilicus.
1515 4042 1565 4085 ιιιιι

206 4109 344 4179 sosonolo
364 4110 448 4165 narnis·
467 4122 596 4177 cognatos
619 4124 737 4164 craesos
758 4110 893 4163 ,terimam
918 4108 991 4175 quod
1019 4106 1115 4159 umbra
1140 4121 1232 4158 eornm
1251 4106 1380 4173 prodidit.
1419 4106 1480 4161 ltoi
1500 4126 1565 4162 sero

206 4206 259 4243 ιιιιιι
279 4188 459 4243 conmisebant
477 4190 590 4242 ins-icero
611 4206 660 4243 nce
680 4190 862 4243 cohaerebant
882 4188 1026 4241 castitates.
1046 4184 1093 4237 sed
1112 4172 1249 4253 qoblnnn
1269 4188 1383 4239 seorsim
1403 4189 1504 4245 stabat.
1524 4200 1564 4241 ta·

206 4284 267 4321 men
287 4268 321 4321 ali
339 4266 460 4321 interiori
480 4281 556 4335 parm
575 4288 615 4335 ιι,-
634 4290 711 4327 ron»,-
731 4268 840 4331 rgibbae
859 4267 910 4319 bae
930 4270 1002 4317 sice·
1028 4266 1211 4329 scquobanmr
1235 4280 1264 4315 se
1283 4266 1428 4319 umbrosae
1451 4264 1565 4321 lunulae

207 4345 251 4407 tab
270 4344 391 4403 inuicem.
411 4358 441 4399 ιιι
460 4346 569 4401 dictum.
587 4348 749 4401 intercisae.
768 4348 805 4399 sic
826 4358 854 4397 ιιι
874 4346 933 4411 ipsa
952 4344 1020 4395 serie
1034 4352 1271 4408 repraesentarent
1290 4344 1406 4409 speciem
1425 4360 1470 4410 qn.
1482 4342 1565 4397 udam

208 4440 288 4477 arctis
307 4423 420 4493 elliptici
443 4426 561 4479 irnibrosi
603 4430 693 4495 napo
717 4428 754 4477 ita
779 4424 971 4489 ettipialnutur
989 4420 1059 4472 ditae
1077 4420 1190 4471 tissurae
1210 4418 1367 4477 rtrsalnosae.
1392 4424 1566 4491 propinquae

208 4502 334 4557 inuicem.
355 4504 380 4553 in
400 4514 503 4570 partem
523 4504 640 4559 incidam
664 4520 771 4557 sarsrrm
791 4503 933 4553 rosteram.
962 4514 990 4551 se
1010 4500 1177 4551 ιιιιιιιιιιιιιιΙ
1197 4513 1213 4549 ιι
1232 4498 1352 4549 sertis-ne
1371 4500 1440 4553 lucis
1460 4511 1486 4552 et
1508 4518 1565 4555 nru-

208 4582 282 4639 brae.
301 4582 481 4651 interpolatae
500 4596 589 4637 tani-a:
610 4585 672 4637 binc
693 4582 768 4635 inde.
795 4596 821 4633 ιιι
842 4580 912 4633 disi.
933 4580 1054 4647 anrtilms
1074 4578 1179 4629 incidis.
1201 4592 1269 4643 qum
1289 4578 1460 4643 trajiciebant
1478 4580 1563 4633 centi-

209 4664 269 4715 nrair
287 4662 432 4715 tractibus:
452 4662 554 4717 diceres
574 4664 669 4717 sallem
690 4662 882 4719 leucis-imam.
902 4678 971 4725 qaae
990 4658 1053 4709 bine
1072 4654 1133 4709 inde
1153 4654 1203 4707 snb
1222 4656 1358 4709 montibus
1372 4658 1490 4711 sinuosis·
1510 4670 1565 4713 ιιιι-

210 4740 291 4795 diaeta
310 4742 396 4813 iisqne
415 4762 430 4795 a
448 4742 534 4799 latere
553 4744 684 4813 in-peetis
702 4742 780 4811 quasi
798 4752 871 4793 tecta
890 4740 949 4793 sit·
988 4738 1062 4791 llaec
1084 4738 1123 4789 tt.
1143 4734 1209 4789 lolii
1227 4750 1299 4789 aanor
1322 4738 1342 4789 lc
1356 4738 1397 4793 :a
