3308 5534
673 392 701 447 lu
718 392 792 450 Orbe
807 392 911 449 Ιιιιιι.
1423 392 1467 461 87

101 590 153 631 eur
172 574 258 631 Luna
275 588 330 629 non
348 574 486 647 rldestm,
503 570 600 633 iocum
622 590 682 633 nou
704 572 827 633 babebit
848 576 878 632 in
893 571 1056 648 oorlluulo,
1080 587 1168 648 quem
1191 571 1266 632 allas
1280 572 1380 647 babet,
1401 588 1469 635 oum

103 667 151 720 est
174 658 231 719 illa
252 658 367 719 blaecta
395 666 447 717 aut
473 660 562 737 gibba
591 663 728 737 utrinque
756 668 808 721 aot
831 659 1027 737 comiculata3
1056 659 1108 719 sed
1130 658 1169 720 ad
1197 662 1337 721 amussim
1359 662 1469 739 (inquit

102 746 313 829 Democritus)
335 745 493 827 collocuta¹
510 754 612 808 eontra
641 748 870 822 illuminantem,
902 749 1011 824 excipit
1040 754 1071 808 et
1098 749 1201 823 resipit
1222 746 1337 823 Solem3
1366 750 1468 825 itaque

104 834 316 905 conveniebat,
339 840 373 893 ut
394 832 447 893 illa
469 834 589 910 luceret,
612 838 668 896 istc
693 853 762 896 raro
775 834 935 913 polluceret
957 840 1055 907 (sensa
1073 838 1118 893 bie
1136 838 1248 905 rouro).
1280 834 1372 913 Atqui
1387 835 1467 895 mul·

101 931 167 982 tum
191 922 281 983 abest
301 922 341 981 ab
363 936 410 996 eo,
433 929 467 980 ut
488 922 539 981 illa
560 921 618 982 boc
639 924 737 983 iaciat
783 923 859 983 Nam
881 925 947 999 ipsa
968 921 1086 998 quidem
1109 924 1300 998 inconspicua
1330 930 1400 982 tuoe
1423 930 1469 984 est

106 1020 139 1069 et
159 1007 265 1071 Solem
288 1007 451 1071 occultavit
471 1010 646 1087 penitusque
668 1010 818 1087 disparere
840 1012 910 1071 lecit
930 1012 1059 1088 saepius,
1082 1018 1113 1069 et
1134 1017 1168 1069 ut
1190 1008 1439 1087 Empedoclea

479 1136 586 1199 Rodiis
608 1140 697 1199 illum
718 1142 895 1201 cremavit
918 1138 958 1201 ub
979 1140 1041 1201 ulto

377 1224 506 1287 Telluris
527 1234 623 1303 ιιιιιι,
647 1228 805 1287 involvens
827 1228 956 1303 calipius
978 1234 1102 1287 iuratum

373 1312 448 1389 Ipso
470 1330 537 1391 ruo,
561 1322 715 1391 quonium
735 1318 875 1392 porrexit
896 1332 1021 1391 corpore
1042 1331 1191 1387 mensum,

106 1442 230 1522 perinde
252 1460 290 1503 ae
310 1445 338 1503 si
360 1445 391 1502 lu
413 1451 530 1504 noctem
553 1452 583 1507 et
605 1444 961 1523 tenebras,‚uequaqusm
983 1446 1013 1502 in
1035 1442 1115 1506 aliud
1130 1452 1250 1519 aruum,
1273 1442 1354 1505 Solis
1368 1443 1468 1507 lumen

105 1530 269 1591 incidisset.
307 1530 396 1607 Quod
429 1546 499 1591 rero
526 1530 596 1592 dicit
617 1530 812 1606 Posidonius,
842 1532 922 1591 Solis
950 1534 1048 1592 lumen
1076 1540 1194 1609 propter
1216 1531 1320 1593 Lunae
1343 1532 1468 1610 pmluu-

106 1619 230 1679 dltatem
253 1635 314 1678 uon
336 1618 473 1695 trajicere
495 1634 583 1696 posse
606 1618 758 1696 usquead
782 1636 845 1693 uos,
869 1636 905 1679 ea
921 1622 949 1677 in
964 1636 996 1679 re
1019 1619 1171 1679 manifeste
1186 1621 1363 1695 coarguitur.
1394 1618 1470 1681 Cum

107 1710 185 1767 enirn
209 1710 262 1765 adr
285 1708 446 1766 immensus
469 1715 499 1765 et
521 1706 713 1766 inexhaustus
741 1708 779 1765 sit
802 1715 832 1767 et
854 1707 1053 1785 profunditate
1075 1706 1175 1765 multis
1202 1707 1335 1784 partibus
1356 1706 1469 1783 majore

107 1811 197 1871 quam
221 1792 319 1867 Luna,
343 1801 424 1853 totus
446 1810 465 1852 ιι
486 1792 556 1854 Sole
578 1801 753 1871 permeatur,
776 1802 856 1853 totus
878 1794 1066 1855 collustratur
1086 1792 1185 1853 radiis.
1217 1792 1358 1870 Superest
1378 1796 1470 1871 igitur

104 1882 133 1940 id
156 1880 240 1958 quod
264 1880 460 1957 Empedocles
481 1888 576 1953 terret,
605 1882 778 1941 retractione
800 1878 946 1941 radiorum
970 1881 1048 1941 Solis
1069 1884 1100 1939 in
1123 1880 1208 1941 Luna
1231 1890 1366 1943 constare
1389 1882 1467 1944 bauo

103 1986 195 2047 penes
219 1984 277 2027 uos
298 1968 525 2027 illustrationem
548 1968 586 2027 ab
609 1970 682 2044 ipsa.
712 1966 791 2027 Hine
813 1968 888 2029 adeo
910 1976 965 2042 est,
988 1966 1068 2045 quod
1082 1983 1180 2044 usquc
1202 1968 1347 2028 lerridum
1370 1984 1468 2046 nequa

103 2055 296 2133 splendidum
319 2054 359 2114 ad
381 2070 436 2113 ιιι
458 2058 592 2131 persenit
614 2056 712 2115 lumen
736 2056 810 2131 ejus,
833 2054 912 2131 quod
936 2064 999 2115 erat
1021 2064 1248 2115 consentaneum
1270 2054 1468 2131 deridebam,

105 2148 131 2204 ai
153 2145 291 2203 lucensio
313 2152 343 2201 et
364 2142 498 2201 conlusio
519 2145 672 2218 utriusque
693 2143 812 2201 luminis
835 2142 925 2203 lieret.
957 2142 1035 2219 Quin
1057 2145 1157 2219 potius
1172 2152 1205 2202 ut
1220 2158 1309 2203 rocos
1323 2145 1353 2202 io
1369 2160 1470 2221 repur-

105 2232 245 2291 cnsslbus
268 2230 468 2289 obscuriorem
488 2216 555 2307 ipso
578 2231 672 2305 primo
695 2228 824 2289 clamore
853 2228 977 2289 reddunt
1001 2229 1074 2289 eobo
1097 2237 1127 2289 et
1149 2236 1182 2290 ut
1203 2230 1280 2289 lctus
1302 2247 1321 2289 a
1342 2231 1411 2291 tells
1432 2246 1470 2291 es

104 2320 237 2395 impactu
259 2316 471 2377 resultantibus
493 2316 609 2377 mollius
631 2332 686 2377 uos
708 2316 867 2390 assultant,
890 2320 933 2377 sie
952 2318 1052 2377 radiis
1073 2318 1173 2377 lotum
1193 2318 1307 2395 serim
1334 2316 1470 2380 tumni-

104 2408 151 2465 ιιι
171 2406 289 2480 orbem
314 2403 442 2465 debilem
465 2414 495 2465 et
517 2406 673 2464 obscurum
696 2405 816 2464 exbibet
837 2402 978 2464 indorum
1001 2407 1030 2463 iu
1053 2422 1117 2477 nos,
1141 2407 1171 2464 ri
1194 2406 1258 2481 elus
1280 2414 1399 2482 propter
1419 2422 1467 2467 ro-

104 2494 265 2553 flexionem
288 2492 434 2551 exsoluta
479 2490 537 2551 Hie
559 2490 669 2568 Sylla
691 2492 850 2567 exclplens,
873 2490 1015 2566 lortassia,
1038 2493 1142 2567 inquit,
1165 2500 1311 2552 merentur
1331 2494 1391 2553 leta
1412 2492 1470 2553 ali-

105 2598 196 2658 quam
222 2580 321 2641 iidem.
366 2578 402 2637 ld
423 2594 504 2653 sero,
527 2577 607 2655 qnod
630 2582 769 2652 omniurn,
793 2594 870 2654 quse
892 2578 978 2639 nobis
1001 2579 1135 2653 obstant,
1158 2578 1390 2653 validissimum,
1412 2580 1469 2641 sd·

104 2677 247 2745 optumus
281 2675 326 2727 ιιι
354 2664 469 2741 aliquid
497 2668 611 2737 eoladi,
646 2684 683 2725 so
712 2669 829 2742 penitus
859 2668 1030 2742 praeterivit
1058 2673 1189 2726 nostrum
1222 2666 1301 2727 bunc
1333 2664 1469 2729 sodomi

105 2754 268 2831 Quodnam
291 2750 389 2812 illudi
412 2754 508 2829 lnquit
528 2752 684 2826 Lucius,
716 2769 786 2812 uum
808 2752 860 2812 illa
883 2751 1040 2814 difficultas
1062 2755 1140 2814 eirea
1161 2754 1327 2815 blseotami
1363 2754 1398 2814 ld
1420 2758 1470 2833 lp-

103 2860 181 2920 anm,
207 2845 253 2901 ait
274 2840 399 2919 Sylla,
424 2838 514 2901 babet
535 2843 612 2900 euim
635 2842 777 2899 rationem
798 2858 883 2899 suam
905 2840 987 2914 illud,
1010 2841 1091 2917 quod
1113 2844 1208 2900 omuls
1230 2844 1414 2918 repercussio
1436 2842 1471 2902 lit

104 2930 226 3005 augulis
249 2927 435 3005 aequalibus.
466 2927 571 3004 ltaque
592 2928 618 2986 si
633 2926 720 2986 Luna
743 2926 832 2988 bifida
856 2928 969 2987 eoelum
985 2928 1103 2999 mediet,
1127 2944 1185 2989 noo
1209 2928 1302 2988 latum
1316 2930 1351 2987 iri
1366 2928 1466 2990 lumen

105 3022 134 3075 in
156 3018 285 3077 Terram
306 3015 345 3073 ab
366 3017 442 3091 ipsa,
467 3014 518 3074 sad
541 3014 746 3093 prolapsurum
769 3014 847 3074 ultra
868 3015 976 3075 'ferrae
999 3015 1132 3092 globum.
1160 3014 1212 3075 Sol
1235 3018 1311 3075 sulm
1333 3018 1363 3075 lo
1386 3017 1469 3077 borl-

104 3114 192 3165 aonte
224 3111 296 3163 tunc
325 3118 446 3162 versans
476 3101 558 3162 radio
587 3118 641 3163 suo
666 3101 777 3161 Lunum
809 3101 860 3160 illo
889 3106 946 3161 situ
977 3097 1143 3179 tangissi),
1174 3105 1275 3178 itaque
1298 3103 1398 3165 radius
1419 3120 1468 3165 ra·

104 3193 199 3251 lexas
225 3194 255 3248 in
279 3188 331 3248 illa
352 3188 391 3249 ad
406 3188 554 3265 aequales,
578 3190 606 3246 in
623 3189 744 3248 alteram
758 3189 878 3265 plagam
893 3189 1016 3264 excidet,
1039 3207 1094 3249 uec
1116 3189 1175 3249 buc
1197 3188 1236 3249 ad
1258 3208 1313 3249 nos
1335 3190 1469 3251 demittet

104 3273 298 3359 radium²⁰);
331 3285 384 3335 ιιι
410 3292 530 3336 ιιιιιιι
551 3278 615 3350 erit,
639 3284 670 3335 ut
694 3292 802 3352 magna
824 3275 962 3336 distorsio
993 3285 1022 3336 et
1044 3278 1221 3355 permutatio
1243 3276 1467 3355 (inaequalitas)

103 3367 154 3425 liat
177 3364 293 3441 anguli,
316 3362 396 3440 quod
418 3372 463 3423 eet
477 3362 668 3440 impossibile.
707 3363 770 3423 imo
785 3380 865 3434 vero,
888 3367 983 3441 inquit
999 3364 1159 3437 Lucius,
1182 3364 1239 3423 boc
1253 3365 1385 3441 pmlcoto
1403 3367 1467 3443 jam

105 3464 149 3514 ιιι
172 3453 305 3524 diorum,
334 3454 468 3526 interque
496 3450 696 3519 disserendum
727 3449 765 3509 ad
786 3450 1012 3511 Menelaum
1034 3454 1192 3527 respiciens
1214 3453 1466 3527 mathematicum,

105 3558 222 3617 vereor,
246 3540 350 3615 inquit,
374 3545 404 3596 te
426 3548 579 3615 praesente
596 3537 732 3597 Menelaii
747 3540 850 3610 amice,
872 3541 1048 3613 positionem
1065 3548 1196 3598 evertere
1218 3540 1467 3613 mathematicam,

104 3631 218 3705 quippe
249 3623 431 3685 fundamenti
459 3622 525 3684 loeo
551 3624 756 3701 specularibus
783 3627 1080 3702 contemplationibus
1114 3627 1310 3700 substratam3
1345 3644 1469 3689 necesse

106 3728 206 3775 tamen
239 3714 334 3788 iuquit
361 3722 422 3783 est,
454 3712 523 3787 quia
552 3711 639 3781 illud,
670 3728 783 3771 omnem
813 3713 1001 3772 reflexionem
1031 3712 1207 3799 aequalibps
1237 3713 1316 3773 tendi
1339 3715 1467 3791 angulis,

107 3820 161 3863 uec
183 3802 361 3879 perspicitur
383 3801 412 3856 io
435 3799 491 3858 boe
513 3802 577 3877 lpse
600 3801 728 3874 negotio,
751 3816 848 3874 neque
871 3802 900 3857 in
925 3800 1058 3860 confesso
1081 3808 1134 3872 est,
1158 3800 1211 3860 sed
1234 3800 1310 3861 male
1332 3802 1468 3861 auditio

106 3892 189 3950 raris
211 3889 350 3965 speculis,
375 3886 493 3962 quando
516 3888 605 3947 allicit
627 3888 769 3963 imagines
790 3887 918 3963 majores
940 3905 973 3947 ιι
996 3890 1077 3965 ipsis,
1101 3888 1139 3947 ad
1162 3904 1252 3948 uuum
1275 3887 1397 3965 aliquod
1420 3890 1469 3947 sl·

106 3981 189 4038 sivae
212 3969 417 4053 puuctum²¹l

213 4062 296 4123 blals
319 4060 403 4121 audit
424 4063 512 4121 etiam
534 4064 563 4119 in
587 4060 753 4137 duplicibus
774 4061 919 4137 speculis,
952 4064 1063 4140 quippe
1086 4062 1127 4121 tbi
1159 4062 1281 4140 specula
1302 4061 1342 4121 sd
1364 4080 1397 4123 se
1419 4064 1468 4123 io·

107 4155 205 4212 sicem
227 4166 373 4211 conversa
393 4144 531 4223 suot²²);
563 4151 685 4224 etquis
707 4148 832 4222 angulus
856 4150 935 4208 intus
958 4152 1143 4209 constituitur
1166 4156 1201 4224 (a
1223 4148 1339 4209 duabus
1362 4166 1468 4227 super·

108 4239 258 4315 deisbus),
289 4244 414 4312 unaque
436 4235 604 4312 superficies
632 4238 760 4312 speciem
782 4236 905 4311 praebet
933 4230 1110 4319 duplicis²⁸)
1140 4237 1310 4313 iaciuntque
1341 4244 1466 4315 quatuor

107 4330 254 4403 imagines
283 4325 322 4383 ab
351 4339 411 4382 uua
436 4318 578 4399 incisu),
612 4320 686 4381 duas
714 4321 848 4398 quidem,
877 4323 1019 4384 lateribus
1041 4325 1167 4383 sinistris
1196 4326 1352 4383 introrsum
1374 4328 1468 4385 versia

108 4417 182 4473 inter
205 4430 238 4473 se
262 4428 440 4481 convenas,
472 4410 545 4471 duas
568 4426 639 4469 raro
668 4410 810 4469 lateribus
833 4410 1015 4471 dextrorsum
1037 4414 1165 4488 speeiem
1184 4412 1381 4484 habentibus,
1412 4413 1469 4472 ob-

109 4518 212 4561 scuras
234 4500 290 4559 bas
312 4505 344 4558 et
364 4498 457 4557 veluti
479 4500 509 4555 in
532 4496 677 4573 prolnodo
699 4496 883 4573 speculorum
892 4494 944 4571 ²¹⁹).

218 4585 358 4662 (Quando
381 4584 471 4645 allicit
491 4587 633 4661 imagines
654 4586 783 4658 majores
805 4601 837 4643 ιι
862 4587 932 4661 ipsis
948 4584 985 4643 ad
1000 4602 1090 4644 unum
1105 4583 1228 4662 aliquod
1243 4587 1359 4645 visivae
1374 4601 1468 4662 pune-

109 4688 179 4747 tum,
205 4674 285 4735 mala
307 4675 396 4733 etiam
419 4666 561 4749 audit²⁸.)
605 4670 690 4747 Quae
712 4673 854 4747 imagines
876 4674 983 4748 quibua
1006 4690 1043 4731 ox
1066 4675 1163 4733 causis
1186 4675 1327 4747 existant,
1350 4672 1468 4733 Plato

109 4763 209 4824 tradit.
256 4762 338 4821 Dixit
366 4762 462 4833 euim,
494 4759 572 4836 quod
601 4774 667 4819 eum
693 4759 845 4835 speculum
872 4760 940 4820 binc
969 4758 1087 4819 atinde
1109 4758 1292 4819 altitudinem
1324 4763 1467 4837 acquirat,

110 4851 183 4913 radii
206 4850 310 4911 visorii
330 4854 499 4927 permutent
520 4847 721 4921 reflexionem,
751 4853 785 4905 ut
807 4863 883 4923 quae
906 4847 994 4909 cadat
1015 4848 1053 4907 ab
1075 4846 1177 4909 alteris
1198 4845 1315 4909 duabus
1337 4846 1376 4908 ad
1397 4848 1468 4911 rell·
