3308 5534
382 383 720 463 6666666666
736 382 1133 446 commeassem
1379 380 1444 454 616

116 562 293 638 1666166666
304 561 512 636 completionem
527 562 663 629 deficiant,
681 563 751 619 satis
767 562 893 634 praecise
910 561 1137 632 disposuerimus,
1155 560 1251 616 sieam
1267 559 1297 615 in
1309 559 1341 618 60
1352 559 1396 616 640
1408 562 1441 623 b!

116 651 212 711 6661666
222 653 404 711 6666066666
415 646 503 708 iniss'e
515 651 810 721 66666661666616660,
828 650 1000 708 latitudinem
1014 652 1062 707 630
1073 653 1125 708 660.
1151 651 1271 706 Primum
1283 665 1300 706 a
1313 649 1445 718 Tychone

116 747 262 812 6666666666
279 755 342 796 esse
359 739 467 796 6661166
486 738 530 793 116
550 740 592 794 11.
609 739 771 795 Novembris
791 754 877 810 supra
894 738 998 794 dictum
1016 745 1073 807 est,
1091 739 1153 808 ipse
1171 737 1299 808 ,conjicit
1315 736 1444 807 probabi-

116 830 166 881 ter‘
183 818 220 894 [16
237 826 396 897 Progymn.)
416 827 505 892 ,circa
522 825 699 893 novilunium,
719 826 792 894 quod
805 827 831 882 6.
844 828 913 882 Nor.
927 825 1050 898 contigit,
1067 826 1156 896 prima
1173 825 1303 882 habuisse
1321 824 1443 881 exordis.

116 912 160 971 166
173 918 236 971 ante
252 914 282 969 id
299 913 432 985 temporis
443 929 524 969 nemo
537 913 624 983 (quod
637 909 735 985 66166)
753 912 798 967 661
816 918 876 969 tute
894 912 979 968 fldere
997 913 1080 969 116666
1091 913 1163 968 hanc
1181 913 1443 972 animadvertebat‘.

116 998 189 1059 litem
205 1002 331 1073 1661666,
350 1003 465 1058 durasse
483 1002 555 1058 hauc
573 999 682 1056 stellam
694 1015 783 1070 nsque
800 1000 829 1057 in
840 1016 962 1057 mensem
974 1002 1104 1056 Martium
1115 1001 1181 1056 suni
1196 1001 1272 1057 1676.
1299 1001 1345 1055 Ex
1356 999 1444 1069 lonqi-

116 1088 181 1146 61166
196 1096 225 1146 66
242 1089 388 1146 1661661166
406 1094 581 1159 computetur
597 1086 746 1143 declinatio
764 1085 863 1143 6661166
880 1087 930 1153 610
947 1088 990 1144 59¹
1007 1086 1082 1156 bor,
1100 1088 1227 1143 ascensio
1245 1093 1323 1143 recta
1341 1088 1443 1156 00170,

116 1175 424 1248 616666666101610
442 1184 471 1231 66
487 1178 519 1232 00
537 1175 608 1248 263¹.
643 1174 726 1231 Hunc
745 1173 836 1229 locum
854 1174 974 1229 serravit
993 1179 1052 1229 toto
1069 1180 1208 1243 tempore,
1229 1190 1263 1229 ex
1281 1189 1336 1243 quo
1354 1175 1443 1244 primo

116 1274 233 1336 66666666
249 1270 302 1334 666,
321 1262 407 1330 „nihil
423 1262 453 1317 in
471 1262 604 1319 6666661
621 1260 697 1316 illam
715 1268 839 1330 partem,
861 1261 936 1331 quod
953 1261 1018 1317 61116
1037 1261 1163 1318 sensibus
1182 1259 1306 1332 dignosci
1323 1268 1434 1332 poterat

116 1366 203 1421 nqusm
219 1352 404 1423 digrediens&

186 1442 353 1498 0166666166
370 1439 470 1498 6661166
488 1456 506 1494 6
523 1436 609 1493 Terra
625 1437 766 1506 inquirens
784 1436 908 1494 adhibito
926 1438 1066 1495 schemate
1085 1438 1165 1495 simili
1183 1439 1238 1510 1111,
1258 1438 1333 1509 qnod
1351 1447 1445 1503 exstat

116 1526 218 1585 61111
234 1545 263 1599 p.
281 1529 343 1589 160,
361 1532 503 1597 computat
520 1524 674 1596 parellaxin
693 1526 736 1582 58⁴
756 1527 818 1582 300.
856 1526 997 1593 ,Tantum
1016 1526 1100 1597 addit,
1120 1527 1264 1584 habuisset
1280 1528 1349 1585 haec
1361 1529 1443 1588 stella
1519 1547 1522 1555 ·

116 1623 213 1687 6666666
230 1616 416 1675 diversitatem
434 1614 469 1670 66
488 1629 522 1670 66
540 1613 615 1683 1666,
641 1629 723 1682 quem
746 1613 979 1684 6166666661666
997 1614 1153 1684 obtinebat,
1175 1616 1204 1671 16
1223 1630 1285 1672 666
1302 1616 1442 1675 6616661-

116 1702 301 1777 6616666166
318 1701 552 1772 conspiciebatur,
576 1700 645 1755 6116
663 1699 788 1769 proxima
806 1701 977 1756 concsritate
1001 1702 1075 1756 orbis
1093 1703 1190 1758 Lunae
1214 1701 1374 1760 effulsisset.
1411 1702 1443 1759 ld

116 1796 178 1847 6166
193 1779 361 1860 permultas
378 1795 407 1846 66
425 1787 569 1856 diligentes
593 1786 813 1857 observationes,
835 1787 924 1843 iactae
947 1787 1086 1856 exquisito
1112 1793 1141 1842 et
1157 1788 1266 1844 minime
1289 1789 1443 1847 161166116-

116 1884 252 1957 6666666,
274 1875 376 1933 isinum
398 1875 559 1932 invenimus.
600 1874 679 1931 Unde
704 1873 850 1943 concludo,
877 1875 950 1931 6666
968 1875 1077 1932 6661166
1095 1877 1278 1947 1666666666
1296 1877 1442 1948 sphaeram

116 1979 208 2023 6666666
218 1966 255 2022 iu
271 1964 332 2035 ipso
350 1963 429 2020 coelo
441 1963 532 2019 locum
551 1962 675 2019 obtinere
691 1963 775 2033 idque
791 1970 869 2019 tanto
887 1964 1033 2020 intervallo
1051 1965 1174 2034 a'l'errs,
1193 1971 1225 2021 nt
1242 1966 1444 2023 semidiamater

116 2050 186 2109 366666
208 2068 266 2109 666
288 2052 392 2109 habeat
413 2058 541 2120 respectu
563 2050 624 2119 ejus
647 2050 805 2106 sensibilem
830 2054 1027 2123 quantitatem3
1052 2053 1125 2108 unde
1143 2053 1214 2110 haee
1237 2054 1317 2110 stella
1334 2054 1363 2109 16
1380 2054 1443 2124 1666

116 2140 166 2198 6616
179 2141 224 2197 661
240 2141 386 2196 mecam
409 2137 476 2193 orbe
500 2154 562 2194 cum
579 2135 694 2206 reliquis
711 2138 788 2208 lixis,
810 2138 855 2193 vel
878 2139 907 2194 in
930 2141 1055 2210 proxime
1073 2140 1137 2197 huic
1162 2140 1293 2210 subjectis
1316 2142 1443 2212 subnexis

116 2229 276 2286 6661666666.
312 2225 393 2296 Quod
410 2234 501 2282 autem
520 2241 576 2281 non
593 2225 622 2279 16
639 2225 706 2281 orbe
723 2226 841 2295 alicujus
859 2219 1033 2296 planetarum
1051 2229 1162 2301 existat,
1181 2230 1245 2285 binc
1263 2235 1349 2300 petet,
1367 2229 1442 2300 qnod

116 2315 163 2373 allo
176 2318 281 2373 616666
298 2315 334 2370 66
351 2328 385 2370 66
403 2312 479 2384 1666,
503 2313 533 2368 16
551 2328 605 2383 quo
622 2312 740 2381 primum
758 2328 819 2369 eam
837 2314 1042 2385 conspeximus,
1064 2321 1142 2370 motu
1163 2315 1277 2385 proprio
1294 2330 1443 2387 progressa

116 2402 295 2475 6666111661
318 2402 477 2473 oportebat,
500 2400 571 2456 6116
587 2400 683 2470 aliquo
700 2401 874 2470 planetarum
897 2400 965 2459 orbe
989 2409 1076 2474 esset;
1101 2410 1256 2459 moreretur
1273 2403 1346 2459 enim
1364 2409 1442 2460 motu

116 2492 171 2559 ttius
186 2492 261 2549 orbis
278 2489 425 2562 peculiaris
448 2497 545 2544 contra
561 2489 642 2558 primi
660 2488 769 2545 mobilis
787 2490 937 2558 rationem,
959 2490 1013 2569 niel
1029 2493 1058 2547 in
1077 2492 1165 2548 altero
1189 2491 1316 2562 polorum
1333 2491 1447 2547 orbium'

116 2580 195 2637 standi
211 2578 320 2635 mobilis
338 2577 502 2647 quiesceret.
536 2576 601 2632 Tati
618 2577 690 2632 enim
712 2578 794 2633 orbes
818 2578 937 2649 propriis
961 2577 1035 2649 polis
1057 2579 1175 2634 resoluti
1198 2594 1248 2634 sne
1273 2577 1443 2635 circumdent

116 2668 175 2726 1166
189 2666 361 2725 6616611116
379 2667 609 2735 circumaguntur.
646 2664 707 2720 Nisi
723 2666 785 2735 quis
802 2671 941 2734 receptam
957 2680 974 2719 6
993 2666 1167 2738 philosophis
1192 2673 1220 2722 et
1243 2667 1441 2724 mathematicis

116 2758 246 2815 6666661666
267 2769 368 2825 negare
391 2753 456 2810 66116
480 2752 610 2821 66166666
637 2752 731 2808 6661166
754 2752 875 2809 immotis
897 2753 1010 2808 orbibus
1036 2753 1161 2809 convolvi
1184 2753 1273 2823 (qnod
1291 2753 1442 2809 absurdum

116 2850 285 2919 slusam
318 2843 390 2898 Hinc
413 2842 550 2910 sequitur,
574 2840 645 2895 6666
664 2839 772 2895 6661166
789 2856 844 2895 666
862 2855 924 2896 6666
949 2841 1069 2911 aliquem
1088 2841 1255 2911 peculiarem
1273 2847 1441 2897 cometarum

116 2934 215 3005 666166,
237 2946 291 2990 666
313 2929 429 3000 quodvis
453 2928 528 2984 aliud
551 2930 662 3000 igneum
684 2936 837 2993 meteoron,
863 2929 931 2984 haec
955 2929 1027 2984 enim
1051 2928 1141 2984 66616
1164 2945 1220 2984 666
1237 2928 1265 2983 16
1283 2928 1345 2997 1666
1363 2931 1441 2987 66616

116 3031 257 3094 (66666666,
276 3021 326 3077 661
343 3018 418 3074 inira
435 3019 541 3072 Lunam
558 3017 587 3071 in
605 3017 747 3086 superiore
764 3017 835 3073 aeris
852 3017 962 3084 regione
981 3017 1116 3083 existunt,
1142 3025 1174 3071 nt
1191 3033 1286 3073 omnes
1303 3008 1442 3076 testentur

116 3110 248 3184 lilcsophi,
267 3110 321 3166 6161
338 3109 401 3178 quis
424 3124 484 3163 cum
503 3106 698 3160 Albumassare
717 3111 840 3160 statuere
858 3104 936 3168 66116,
955 3111 1075 3159 6666666
1093 3120 1148 3160 666
1167 3106 1194 3159 16
1214 3111 1277 3161 6616
1295 3105 1344 3161 661
1362 3105 1440 3162 66616

116 3204 169 3259 net
199 3201 281 3272 Quod
298 3216 335 3255 66
352 3198 412 3253 fieri
424 3195 521 3268 possit,
541 3192 620 3248 nobis
633 3192 754 3247 nondum
767 3196 884 3261 constat,
902 3191 951 3247 sed
963 3192 1023 3246 Deo
1037 3189 1119 3247 16666
1133 3191 1290 3262 aliquando,
1310 3194 1441 3250 sinestra

116 3298 178 3348 6666
194 3291 295 3361 aliquis
314 3286 452 3343 exstiterit
470 3290 585 3351 cometa,
604 3280 663 3348 ejus
680 3280 721 3334 rei
739 3279 928 3336 certitudinem
946 3279 1140 3348 inquiremus.“

186 3379 313 3435 Eundem
331 3374 390 3431 iere
408 3373 517 3429 modum
537 3368 649 3425 adhibet
666 3369 761 3438 Tycha
778 3368 807 3422 in
827 3367 1110 3438 ,Progymnasmatisl‘
1130 3376 1162 3425 ut
1180 3368 1348 3439 comprobet,
1367 3369 1441 3425 omnl

116 3464 217 3523 61611661
234 3464 358 3521 caruisse
375 3463 446 3517 hanc
464 3459 585 3522 stellam,
609 3464 745 3527 apparatu
763 3469 828 3510 sero
851 3454 958 3510 adscito
980 3454 1062 3525 longe
1085 3456 1190 3524 majore
1208 3463 1237 3512 et
1254 3472 1322 3513 usna
1339 3457 1441 3513 166666·

116 3553 179 3610 nris
195 3553 279 3624 longe
298 3549 486 3608 subtilioribus
504 3548 532 3602 in
551 3542 749 3601 constituendis
767 3543 884 3597 fixarum
902 3539 978 3612 locis,
997 3557 1059 3597 cum
1078 3544 1178 3612 quibus
1190 3550 1332 3614 comparat
1349 3543 1440 3599 locum

116 3642 179 3699 61166
194 3657 292 3699 nosse.
328 3628 376 3694 De¹
388 3643 555 3694 cometarum
580 3646 645 3688 vero
672 3631 733 3685 loco
761 3630 830 3683 haec
848 3627 887 3684 ibi
904 3630 1080 3699 pronunciat:
1111 3632 1257 3695 ,cometae
1280 3631 1440 3687 nullatenus

116 3729 287 3791 16616666,
306 3734 409 3783 uttam
427 3724 474 3779 116
493 3721 571 3777 66616
589 3718 831 3789 peripateticorum
848 3717 970 3785 argutias
988 3725 1018 3772 et
1034 3717 1188 3788 plausibilis
1207 3719 1373 3787 conjectatio
1390 3718 1439 3774 im·

116 3818 182 3887 snit,
201 3817 374 3885 coalescunt,
393 3812 441 3870 sed
460 3828 489 3866 re
508 3825 572 3866 vera
589 3809 616 3862 in
636 3807 696 3875 ipso
715 3807 827 3862 aethere
844 3811 1002 3875 versemur,
1027 3813 1059 3858 nt
1077 3806 1253 3874 sequentibus
1272 3804 1349 3861 libris
1367 3807 1440 3863 circa

116 3920 141 3975 6,
156 3906 205 3979 qni
222 3904 356 3976 proximis
374 3904 480 3972 aliquot
491 3901 568 3955 66616
580 3900 774 3968 apparuerunt,
793 3892 994 3949 evidentissime
1013 3893 1212 3954 convincemus,
1231 3893 1355 3950 omnibus
1368 3910 1440 3964 qnae

128 3994 294 4053 6666666166
315 3990 414 4046 adduci
438 3989 558 4060 poterint
580 3985 694 4040 semotis
717 3980 895 4037 obstaculis.“
939 3980 1011 4035 Huic
1034 3979 1069 4039 da
1087 3988 1254 4036 cometarum
1277 3980 1339 4037 loco
1358 3980 1440 4051 longe

116 4098 166 4152 666
180 4082 290 4140 hunam
307 4080 398 4150 posito
416 4076 577 4134 theoremati
595 4073 705 4129 innixus
724 4067 865 4125 contendit
884 4068 1006 4131 ,coelum
1024 4082 1085 4122 esse
1097 4067 1306 4137 liquidissimum
1319 4068 1439 4123 etruria·
1491 4088 1502 4105 ·

116 4184 179 4227 m
194 4167 335 4237 nullisque
353 4165 464 4220 orbibus
482 4163 601 4217 realibus
615 4159 696 4230 (quod
710 4164 752 4212 tot
760 4157 819 4224 jam
837 4155 937 4211 6666116
949 4155 1059 4226 plurimi
1071 4154 1324 4224 philosophantium
1336 4154 1440 4211 frustm

116 4257 203 4315 616116
220 4253 432 4328 666-6116666666)
449 4256 630 4321 compactum,
648 4259 736 4316 neque
754 4252 845 4300 temen
864 4242 899 4298 ob
917 4243 947 4299 id
965 4258 1027 4298 cum
1046 4249 1109 4298 aere
1128 4242 1287 4299 elementari
1305 4244 1386 4311 (qnae
1405 4243 1439 4298 de

116 4344 154 4403 116
176 4344 314 4401 61666666
336 4340 408 4396 infra
429 4339 537 4394 Lunam
560 4337 693 4392 66066666
717 4340 774 4387 666
798 4332 845 4387 116
867 4331 1043 4386 Aristotelica
1067 4330 1163 4386 schola
1185 4338 1304 4398 nugatur
1325 4346 1439 4401 prorsus

116 4432 223 4502 6661666,
247 4431 291 4486 661
309 4431 371 4500 ipsa
386 4427 577 4484 rehectionum
596 4424 718 4486 exilitas,
741 4420 765 4474 ei
782 4418 851 4474 nihil
868 4427 1023 4489 praeterea,
1049 4419 1115 4473 satis
1133 4432 1271 4488 superque
1295 4418 1441 4486 convincit)

116 4526 197 4577 66666
213 4519 338 4591 ejusdem
355 4524 383 4572 et
401 4517 570 4571 substantiae
589 4516 679 4568 66660.
708 4510 813 4565 Locum
831 4522 918 4562 novae
930 4506 1026 4563 stellae
1044 4521 1127 4576 supra
1146 4506 1256 4561 Saturni
1276 4504 1439 4571 „altissimas

116 4607 304 4665 6666666660
331 4601 487 4676 66666166
510 4615 584 4669 6666,
609 4598 761 4654 certissime
787 4594 968 4651 demonstrari
990 4609 1074 4664 posse
1092 4592 1232 4650 contendit
1249 4592 1345 4662 Tycha
1365 4591 1439 4657 ,6166

116 4692 274 4751 mem
292 4692 398 4749 orbium
415 4690 575 4747 coelestium
593 4685 800 4756 dispositionem
818 4700 879 4740 cum
898 4699 991 4739 eornm
1011 4683 1094 4752 juxta
1111 4679 1286 4738 Aristotelem
1303 4679 1438 4750 realitate,
1482 4724 1488 4737 .

116 4795 177 4849 661
190 4783 271 4838 stiam
287 4779 425 4836 sententia
435 4777 621 4834 Ptolemaeum
633 4776 723 4845 ipsum
735 4779 764 4828 et
775 4771 923 4842 plerosque
938 4779 1046 4827 veteres
1060 4786 1113 4825 non
1126 4768 1302 4824 abhorruisse
1314 4773 1438 4837 apparet,
1499 4824 1505 4839 ¹

116 4870 301 4941 1666661666,
313 4866 377 4925 6166
395 4865 477 4921 etiam
495 4863 709 4945 Cepernicsnatn
721 4860 795 4927 circs
804 4864 896 4918 motus
908 4858 1011 4927 Terrae
1023 4854 1202 4926 666166666611
1213 4852 1438 4942 speculationem,
