3308 5534
146 399 213 471 τοι
651 397 983 472 panormumque.

147 574 250 631 lantem
267 572 398 641 inurere,
423 570 472 628 sed
489 572 616 644 generosi
633 573 687 629 mei
704 575 814 644 negotia
831 589 849 630 a
866 575 1009 647 proposito
1027 575 1081 634 hoc
1098 590 1142 632 me
1164 582 1352 637 retraxerunt
1384 578 1482 647 Gaadsa

146 670 175 718 ts
188 661 332 718 Graeciam
348 674 492 731 remeasse,
511 678 668 733 quanquam
680 662 843 720 Archidncis
856 663 937 719 etiam
956 662 1093 723 sententia
1111 663 1243 734 relegatis
1259 684 1396 739 nnnqnan
1410 684 1482 724 moes

148 751 219 806 situs
236 748 330 805 fueris.
367 750 446 811 Certe
465 765 614 820 generosus
632 764 710 806 meus
728 751 879 821 aegerrime
896 749 1007 807 exilium
1026 758 1104 806 tuum
1127 751 1192 807 tulit
1210 759 1240 811 et
1262 764 1420 826 propterca,
1438 772 1483 811 eas

148 854 237 908 nuper
255 837 363 892 Graecii
381 836 460 893 fratri
478 836 644 907 loqueretar,
664 837 705 891 tui
722 837 854 908 imprimis
872 837 938 894 fecit
955 838 1121 896 mentionem
1140 847 1223 910 teque
1242 856 1279 895 ex
1298 842 1413 915 Gngaria
1426 858 1484 897 ress

148 933 239 981 catum
257 925 328 981 serio
346 924 440 981 soluit.
480 924 530 980 Cui
547 924 648 981 irater:
670 923 857 992 „voluntarie
875 942 924 982 cur
941 926 1056 983 exulat?
1073 927 1172 997 Neque
1190 929 1264 984 enim
1281 930 1408 1002 princepe
1421 928 1484 985 ι11ιι

147 1013 304 1068 missionem
322 1011 361 1066 illi
381 1012 515 1084 decrevit,
540 1013 588 1068 sed
615 1013 718 1068 diserte
735 1012 957 1071 mathematicum
975 1015 1086 1087 excepit
1103 1025 1130 1071 et
1148 1026 1299 1088 propterea
1318 1016 1428 1075 liberum
1441 1016 1482 1073 lli·

148 1109 262 1171 tumque
279 1100 320 1155 illi
339 1107 389 1167 est,
407 1101 497 1156 rodhe
520 1118 685 1173 quocunque
707 1100 865 1158 voluerit.““
880 1146 886 1159 .
902 1147 908 1159 .
922 1144 950 1161 ..
982 1104 1139 1159 Generosos
1162 1120 1240 1159 meus
1264 1104 1318 1160 tubi
1341 1104 1409 1161 Ιιοιιι
1428 1107 1483 1176 cepit

148 1198 200 1245 etc.
214 1220 247 1229 -
260 1190 343 1246 Petiit
355 1189 556 1259 Zehentmujer,
575 1200 605 1244 ut
618 1189 755 1261 Keplerus
771 1189 902 1257 ,duorum
915 1192 1067 1246 thematum
1080 1191 1158 1260 coeli,
1177 1208 1250 1260 quae
1262 1194 1410 1249 seeundum
1421 1200 1483 1247 om

148 1278 347 1345 genethliacam
366 1278 509 1333 tractanda
527 1294 676 1347 generosus
695 1277 745 1333 tibi
763 1278 902 1349 tradidit‘,
921 1296 1025 1334 memor
1044 1280 1089 1335 sit.
1125 1280 1201 1334 Haec
1220 1282 1364 1351 accepisse
1381 1296 1409 1336 se
1423 1278 1484 1334 reiut

148 1365 374 1431 Zehentmajerus
394 1364 421 1420 d.
439 1367 483 1421 24.
504 1364 675 1420 Decembris:
697 1380 863 1433 ,generosus
882 1381 998 1434 geneses
1023 1374 1085 1422 tuas
1104 1383 1279 1437 summopere
1297 1368 1484 1423 commendata

148 1453 279 1519 affirmat,
304 1464 333 1506 te
357 1469 413 1507 rem
439 1470 490 1508 acu
514 1453 638 1521 tetigisse
662 1453 691 1507 in
713 1453 768 1509 illis
783 1454 909 1529 judiciis,
932 1470 1004 1525 quae
1022 1454 1159 1510 nobilibus
1177 1456 1205 1509 in
1224 1454 1483 1524 launomarum

133 1549 222 1597 sunt.
258 1542 347 1596 iussit
365 1541 415 1598 tihi
434 1541 596 1610 significare,
617 1548 648 1596 ιιι
666 1541 827 1597 dilationem
845 1542 1073 1598 remunerationis
1084 1542 1223 1612 patienter
1239 1543 1316 1599 ierre
1332 1541 1406 1611 selis,
1421 1556 1484 1610 usqae

149 1629 214 1684 dum
239 1628 284 1683 ille
308 1628 452 1684 Graeciam
475 1644 617 1696 regressus
640 1629 737 1699 fuerit,
763 1636 821 1685 tum
844 1629 993 1686 honorifice
1016 1629 1066 1685 tibi
1090 1629 1206 1685 satiabat
1230 1638 1259 1685 et
1282 1628 1399 1686 ulterius
1418 1638 1484 1685 tce!

150 1722 247 1784 agetur
266 1714 300 1769 de
318 1715 457 1771 nonnullis
481 1716 543 1772 aliis
568 1717 629 1784 ejus
654 1717 761 1786 generis
783 1716 933 1774 laboribus.
972 1716 1128 1772 Generosos
1146 1717 1287 1789 promisit,
1311 1717 1352 1773 toi
1368 1716 1397 1772 in
1411 1713 1484 1771 luni

150 1802 266 1857 comitiis
285 1818 315 1857 se
333 1819 480 1858 memorem
500 1802 573 1872 iore,
593 1810 625 1859 ιιι
643 1803 893 1873 compensationem
913 1819 963 1874 pro
981 1803 1141 1861 liberalibus
1158 1805 1215 1860 tuis
1233 1805 1375 1861 laboribus
1391 1812 1418 1859 et
1433 1800 1484 1859 deb

150 1891 259 1946 catione
277 1907 294 1945 a
311 1890 471 1959 proceribus
495 1891 625 1961 consequi
648 1892 746 1961 possis.
787 1892 816 1951 Si
839 1892 926 1962 probe
944 1891 972 1945 in
996 1892 1106 1963 negotio
1130 1900 1177 1949 tuo
1195 1894 1375 1948 excutiantur
1394 1891 1483 1948 circ*

151 1979 277 2042 stantiae,
296 1994 351 2032 non
369 1977 449 2032 facile
469 1979 570 2048 poterit
589 1979 662 2034 mala
679 1978 782 2049 publici
804 1986 895 2036 status
918 1981 1064 2051 temperies
1086 1981 1273 2039 laudabilibus
1297 1982 1354 2038 tuis
1370 1978 1485 2037 comas

151 2066 344 2121 detrimentum
368 2064 476 2120 afferre.
513 2065 596 2121 Multi
619 2066 765 2136 mirantur,
791 2066 972 2122 eruditionem
996 2075 1100 2123 tantam
1119 2075 1148 2124 et
1166 2083 1284 2123 acumen
1306 2066 1406 2137 ingenis
1425 2076 1484 2137 pest

152 2155 250 2210 cadere
268 2155 296 2209 in
314 2153 450 2207 hominem
474 2155 534 2222 ejus
558 2154 673 2224 aetatis,
698 2155 777 2223 csans
803 2160 834 2210 ιιι
851 2171 923 2210 nunc
942 2160 997 2210 esf<
1034 2156 1148 2225 Excipit
1164 2154 1392 2225 Zehentmsjcrns
1407 2151 1484 2207 ndns

153 2257 320 2312 ,procerum
341 2241 387 2309 qui
405 2242 432 2295 iu
447 2257 541 2297 crassa
552 2251 698 2298 versantur
715 2259 805 2298 rerum
823 2243 979 2313 ignorantia
997 2250 1026 2298 et
1044 2258 1160 2312 quornm
1174 2242 1282 2312 judicia
1300 2259 1318 2298 a
1335 2240 1427 2313 grandi
1440 2241 1483 2295 tat·

149 2330 226 2387 harie
244 2336 379 2399 occupata
397 2336 473 2399 snut;
493 2335 640 2399 propterea
657 2328 752 2384 literas
771 2329 888 2385 oderunt
906 2334 934 2382 et
951 2329 1085 2384 neminem
1104 2329 1193 2385 minus
1205 2338 1314 2401 curant,
1333 2346 1411 2399 qnam
1423 2326 1484 2385 hd

151 2436 201 2475 ues
217 2418 322 2475 doctos.
358 2419 476 2473 Dabitur
495 2417 580 2473 nihilo
598 2417 688 2473 minua
706 2433 792 2488 opera
809 2435 826 2473 o
844 2417 1009 2488 quibusdam
1030 2415 1248 2487 cordatioribns,
1274 2424 1307 2472 at
1325 2417 1364 2472 tui
1378 2416 1484 2472 habas!

150 2508 220 2563 ratio
238 2515 267 2562 et
286 2506 359 2561 docti
385 2505 425 2561 tui
447 2506 555 2562 laboras
581 2506 707 2561 meritum
733 2506 874 2560 inveniant
897 2506 1075 2574 praemiam“.
1111 2504 1155 2559 De
1180 2504 1308 2575 epistolis
1325 2504 1431 2577 liepleri
1448 2502 1483 2557 lat

151 2596 204 2652 lert
218 2596 369 2665 judicium:
388 2597 487 2651 misces
505 2595 572 2650 utile
592 2594 665 2649 dulci
683 2601 711 2647 et
730 2609 785 2647 non
805 2592 901 2648 scribis
920 2599 1026 2646 tantum
1045 2592 1195 2647 secundum
1207 2591 1385 2664 epistolarem
1401 2590 1483 2649 modu

151 2686 304 2754 vulgatam,
329 2684 377 2739 sed
397 2685 541 2755 proponis,
566 2683 670 2751 erudis,
694 2681 806 2737 disseris
831 2681 864 2737 de
883 2681 939 2746 his,
965 2697 1037 2749 quae
1055 2682 1122 2736 artis
1141 2682 1341 2752 geographicae
1359 2683 1483 2738 sudam

152 2772 239 2828 solida
257 2772 407 2828 informant
425 2779 453 2826 et
471 2772 510 2826 rei
523 2771 649 2826 nauticae
661 2785 786 2839 magnam
800 2769 888 2825 lucem
903 2768 1047 2823 aiierunt.¹¹
1079 2772 1202 2836 (Perierat
1220 2771 1348 2838 Keplsrm
1364 2782 1392 2823 ιι
1402 2774 1484 2823 zsst·

151 2860 260 2917 majoros
279 2869 309 2903 en
330 2857 474 2915 ,itinerario
493 2855 644 2902 Batavorum
663 2854 689 2900 ln
704 2852 798 2901 Novam
818 2851 963 2901 zimolaml
983 2858 1127 2915 sncsrpcrst
1145 2849 1210 2917 locs,
1229 2854 1363 2918 inquibus
1381 2852 1411 2901 de
1426 2848 1485 2899 sada·
1518 2904 1520 2939 Ι

151 2938 220 2984 tione
239 2950 299 2984 acus
317 2937 472 2994 magneticae
491 2932 596 2998 agitur.)

257 3020 458 3090 Epraemissis
482 3027 609 3090 apparet,
635 3018 784 3088 lleplernm
811 3018 934 3074 Gratiam
958 3016 1073 3071 rediisse
1096 3032 1118 3070 c.
1143 3014 1224 3070 finem
1251 3015 1354 3071 mensis
1376 3010 1487 3069 &aas

153 3110 239 3163 Coetu
259 3123 322 3161 vero
343 3107 503 3162 discentium
517 3114 545 3161 et
558 3107 713 3162 docentium
725 3107 859 3177 gymnasii
872 3106 1013 3176 dissipato,
1033 3104 1087 3159 irai
1106 3103 1217 3172 quidem
1236 3103 1328 3173 potnit
1340 3103 1411 3165 ,orio
1421 3094 1487 3171 ph&

153 3196 283 3264 sophico“
304 3202 333 3250 et
350 3195 478 3249 salariam
505 3212 585 3250 suum
608 3197 730 3267 accepit,
759 3195 920 3265 quibusdam
942 3194 1133 3264 ,proceriore
1153 3208 1236 3261 aegre
1261 3192 1413 3247 terentibus
1428 3200 1488 3261 peu·

153 3283 226 3337 niam
245 3283 348 3337 frustra
366 3298 524 3351 expensam.
561 3283 652 3350 Quare
669 3284 813 3353 Rapienda,
832 3282 942 3336 minime
960 3296 1073 3337 securus
1093 3280 1127 3334 de
1145 3287 1220 3334 statu
1240 3280 1333 3333 sucin
1352 3276 1445 3348 Scyria
1457 3284 1489 3329 st

154 3370 278 3425 casiones
297 3369 534 3439 circumspiciebat
552 3370 671 3439 eligendi
689 3371 741 3426 sibi
760 3371 934 3439 familiaeque
951 3383 1017 3424 suae
1034 3368 1133 3434 locum,
1152 3367 1198 3422 ubi
1213 3384 1268 3422 non
1282 3358 1490 3436 impeditus&

154 3457 312 3513 domesticis
331 3458 429 3512 studiis
448 3457 506 3510 suis
524 3456 694 3512 incumberet
711 3461 902 3515 astronomicis
921 3466 948 3514 et
966 3456 1172 3527 philosophicis.
1210 3456 1288 3510 Adiit
1305 3450 1492 3510 amicoseth·

152 3552 235 3616 tores,
254 3545 397 3601 consilium
410 3545 460 3599 sibi
474 3552 619 3613 expetens,
640 3561 694 3612 quo
713 3562 742 3599 so
761 3556 886 3616 uerteret,
906 3547 1080 3616 praecipuam
1099 3552 1191 3597 autem
1210 3556 1289 3612 spem
1307 3543 1335 3597 in
1353 3538 1492 3612 uectore

153 3634 253 3704 posuit,
273 3648 352 3701 quem
372 3648 405 3687 es
426 3633 514 3686 llania
532 3633 559 3685 in
579 3633 749 3687 Germaniam
769 3634 987 3702 proticiscentem
1010 3633 1159 3687 audiverat.
1195 3630 1275 3698 Quae
1298 3631 1372 3685 hunc
1388 3629 1415 3685 ia
1430 3626 1493 3683 iat!

153 3722 211 3789 agit
229 3722 374 3790 lieplerus,
394 3734 466 3773 anno
486 3736 544 3788 seq.
565 3720 632 3775 1599
651 3730 823 3780 enarrantur.

258 3810 300 3864 sd
320 3809 393 3863 huuc
412 3822 477 3862 vero
495 3823 596 3861 annum
616 3809 685 3864 1599
701 3807 863 3863 referendae
882 3818 947 3864 aunt
964 3810 1060 3863 literae
1075 3806 1185 3877 Georgii
1199 3806 1334 3875 lrimnaei,
1351 3798 1494 3877 proiessd

155 3899 351 3954 mathematum
377 3899 406 3951 in
425 3895 565 3951 academia
582 3893 710 3962 Jencnsi,
735 3895 778 3950 cui
800 3896 937 3965 lieplerus
956 3897 1134 3951 Prodromnm
1159 3910 1239 3949 snum
1265 3895 1380 3949 miserat
1402 3892 1496 3963 ejas!

149 3986 282 4055 jndicium
302 3988 335 4041 da
353 3986 483 4056 Tychone
502 3984 553 4038 sibi
572 3983 732 4052 expetierat.
770 3985 894 4039 Limuaoi
913 3985 1118 4053 responsionem
1139 3982 1177 4045 (d.
1191 3981 1218 4039 d.
1231 3983 1277 4039 it.
1292 3982 1408 4053 Aprilis)
1422 3972 1496 4035 vett

154 4094 182 4144 p.
203 4077 253 4130 191
273 4073 459 4138 exhibuimus,
486 4086 520 4124 ex
540 4085 594 4138 qua
612 4085 699 4139 pauca
722 4071 791 4127 haec
815 4073 975 4142 repetimus.
1013 4073 1124 4127 blaximi
1144 4089 1174 4128 se
1199 4088 1311 4141 semper
1327 4072 1425 4129 iecisse
1444 4064 1496 4125 fl

154 4161 357 4232 philosophiam
381 4160 583 4215 Platonicorum
609 4168 637 4212 et
654 4158 815 4227 saepissime
839 4167 952 4228 optasse
971 4160 1069 4228 duces,
1096 4162 1142 4231 qui
1167 4163 1196 4217 iu
1219 4162 1275 4217 hac
1294 4156 1497 4219 exerenda

154 4250 303 4304 Prodromo
327 4248 437 4317 Kepleri
462 4247 690 4313 ,s'etrsstissimam
713 4246 927 4315 philosophandi
950 4249 1082 4302 rationem
1107 4251 1187 4319 quasi
1210 4252 1404 4305 resuscitata-
1427 4244 1496 4301 ed·

155 4334 291 4393 Gratulor.
311 4337 408 4405 pergit,
428 4336 498 4390 Tibi.
516 4335 557 4388 uir
569 4334 725 4401 clarissime,
745 4333 779 4388 de
791 4335 901 4402 optimis
915 4335 1057 4389 conatibus
1071 4343 1099 4389 et
1113 4353 1221 4406 precor,
1240 4346 1271 4391 nt
1291 4330 1496 4406 quand-at·

154 4440 266 4478 cursum
284 4424 426 4479 irratituisti
446 4425 572 4492 feliciter,
597 4422 635 4475 ita
653 4422 759 4476 felicius
779 4423 805 4476 in
825 4438 859 4477 eo
876 4438 991 4491 pergas,
1017 4422 1173 4477 felicissime
1191 4422 1312 4477 eundem
1329 4420 1457 4477 comen
1469 4438 1495 4455 ⁸·

155 4511 198 4564 lie
215 4511 305 4564 Brahc
325 4512 403 4565 llano
421 4517 565 4580 practerea
578 4510 696 4579 quaeris.
732 4510 759 4563 ls
778 4516 822 4564 est
834 4509 928 4578 Tyoho
943 4510 1042 4575 lirahe,
1061 4526 1094 4565 ex
1114 4509 1288 4566 nobilissima
1301 4498 1494 4566 nuncu

155 4598 296 4667 oriundus,
316 4600 362 4667 qui
380 4599 453 4667 regis
472 4598 603 4652 beneficio
623 4598 739 4653 obtinuit
757 4598 874 4652 insulam
888 4599 1039 4668 Huennam,
1059 4616 1140 4668 quam
1159 4598 1205 4653 ulii
1218 4596 1490 4655 Scarlstinansord·

155 4686 183 4738 in
201 4701 256 4753 qua
280 4702 370 4741 arcem
390 4694 418 4739 et
436 4686 652 4740 observatorinm
676 4688 843 4751 construxit,
869 4687 1082 4757 liraniburgum.
1119 4687 1293 4743 Dexterrime
1311 4703 1371 4743 enan
1388 4686 1488 4739 obse*

156 4774 244 4825 dones
263 4779 404 4829 tractasse,
423 4772 450 4824 id
469 4771 587 4826 artifices
606 4789 661 4825 uno
681 4789 728 4829 ore
747 4789 840 4829 omnes
859 4774 990 4831 latentur.
1024 4774 1055 4829 In
1073 4773 1162 4830 lucem
1180 4773 1283 4841 edidit,
1301 4772 1372 4843 quod
1387 4764 1484 4839 qni·

155 4859 249 4929 sciam
267 4860 472 4915 observationes
491 4858 589 4914 stellae
608 4875 634 4915 a
655 4860 732 4930 lbi2,
751 4868 873 4915 cometae
891 4862 956 4916 anni
974 4862 1044 4918 ibll
1062 4868 1090 4917 et
1108 4861 1153 4918 te.
1189 4860 1290 4917 Exstat
1312 4860 1390 4915 etis·
1403 4862 1479 4925 ιθ*
