3308 5534
500 394 543 450 De
562 393 657 451 amida
673 399 704 451 et
719 392 872 453 fautoribus
889 392 1012 465 Kepleri.
1374 396 1438 465 9⁶13

81 579 134 639 siit
155 576 194 637 sd
216 592 341 653 eamque
371 589 432 635 rem
454 575 612 634 secretaria
640 590 696 635 sua
718 572 952 653 Zeheutmayera
981 591 1054 634 usus
1084 580 1146 647 est,
1178 573 1265 650 cujas
1297 573 1440 651 epistolas

81 682 173 742 supra
191 668 233 736 (p.
253 668 317 731 703,
340 667 394 722 710
411 668 462 734 ss.)
489 662 611 738 carptim
643 661 762 722 additae
793 669 872 724 sant.
924 663 949 721 Α
983 679 1042 738 qna
1072 678 1125 737 pro
1156 662 1256 721 multis
1287 661 1439 723 laboribus

83 752 227 813 donatum
250 748 390 828 poculum
416 756 589 825 argenteum
611 746 758 826 Keplerus
782 747 940 809 Maestlino
966 766 1038 826 „pra
1065 750 1200 807 maximis
1224 758 1253 809 et
1275 749 1441 809 multifariis

81 838 238 900 laboribus
269 841 297 895 in
327 835 441 897 edendo
472 834 652 895 Prodromo“
685 836 762 895 dana
794 835 884 897 dedit.
932 836 1019 914 (Cum
1049 835 1196 913 Keplerus
1227 839 1380 896 transitum
1410 840 1440 895 in
1516 878 1522 889 ,

83 926 367 1001 Wilsttembergiam
383 924 429 983 vel
446 922 484 983 ad
499 922 671 999 Tycbauem
689 926 776 997 (initia
796 928 861 982 anui
879 928 967 994 1600.)
995 931 1130 996 tentaret,
1154 922 1312 983 Maestlina
1328 923 1439 984 descri-

82 1015 289 1075 honestatum
314 1015 343 1069 in
367 1011 466 1089 Styria
488 1010 695 1086 periculosum,
716 1008 812 1069 addit:
836 1053 895 1071 ...
921 1028 1027 1090 „nemo
1050 1029 1097 1071 me
1120 1009 1289 1087 expelleret,
1314 1019 1344 1071 et
1366 1029 1438 1088 pru·

81 1100 248 1161 dentissimi
272 1102 382 1175 quique
406 1117 441 1158 ea
465 1097 615 1157 ordinibus
639 1114 685 1156 me
702 1106 802 1161 amant
818 1115 943 1174 meaque
966 1097 1115 1174 colloquia
1130 1097 1169 1159 ad
1185 1100 1325 1159 convivia
1340 1098 1441 1159 crebro

81 1206 118 1249 eu
142 1187 269 1263 etunt“.)

121 1208 141 1267 p
188 1274 317 1351 Koplara
340 1280 519 1331 autemnon
543 1270 631 1329 moda
655 1288 721 1331 eum
743 1270 943 1350 Styriacarum
967 1283 996 1332 et
1018 1273 1240 1333 austriacarum
1255 1271 1441 1333 Lutberaaa·

85 1380 152 1421 rum
174 1360 354 1440 principibus
377 1360 556 1435 frequentius
580 1368 641 1417 erat
664 1361 885 1434 commercium,
909 1360 961 1419 sed
985 1362 1073 1420 etiam
1096 1360 1143 1437 (ut
1162 1360 1225 1436 jam
1249 1358 1358 1419 dictam
1382 1367 1441 1436 est)

83 1467 151 1511 cum
174 1450 274 1508 multis
297 1448 508 1524 patentissimis
538 1444 701 1504 aulicarum
733 1447 802 1504 siris
826 1452 870 1523 (et
892 1446 1021 1506 Matthia
1043 1456 1073 1507 et
1095 1447 1282 1508 Ferdinanda
1313 1448 1442 1524 impera·

81 1540 179 1613 tore),
201 1553 259 1595 nan
283 1537 380 1593 minas
402 1550 490 1609 quam
514 1550 579 1592 cam
603 1532 812 1593 catholicarum
840 1537 968 1611 partium
992 1534 1123 1595 ducibus.
1169 1534 1219 1595 Sia
1241 1551 1356 1594 summa
1378 1542 1442 1595 erat

85 1627 144 1685 siri
165 1626 262 1700 gratia
285 1620 599 1699 apudPrincipem
622 1618 927 1697 Eclrenbergiam,
950 1623 1134 1683 Baranam
1158 1622 1203 1681 da
1225 1621 1366 1695 Mekau,
1390 1624 1440 1697 qui

81 1710 230 1771 Matthiae
253 1710 437 1785 imperatoris
460 1707 630 1767 crassulae
653 1710 807 1784 magister,
836 1709 915 1786 apud
940 1709 1125 1769 Abbatem
1147 1728 1166 1769 a
1188 1709 1440 1769 Kramsmiln·

81 1807 175 1859 ster.
221 1797 369 1857 Tobiae
392 1794 581 1867 sculteto,
606 1792 743 1855 Caesarei
768 1794 874 1855 Palatii
898 1795 1020 1869 comiti,
1052 1799 1234 1874 imperatoris
1263 1797 1439 1870 consiliaria,

82 1887 232 1962 inscripsit
255 1885 384 1960 Eclapas
410 1881 584 1943 chronicae.
622 1880 656 1940 In
680 1883 806 1959 epistola
828 1882 1009 1943 dedicatoria
1032 1884 1118 1945 refert
1141 1900 1260 1945 causam
1282 1886 1441 1945 intermissi

81 1972 175 2035 studii
198 1972 386 2032 astronomici
410 1972 550 2029 amissam
574 1984 694 2028 uxorem
718 1969 861 2030 etlilium
884 1978 919 2042 (v.
943 1990 964 2029 s.
984 1992 1010 2044 p.
1030 1976 1091 2044 aas)
1115 1979 1144 2031 et
1167 1970 1239 2031 dicit
1254 1973 1347 2030 virum
1363 1971 1441 2031 bunc

81 2062 170 2137 quasi
193 2066 342 2119 auctorem
365 2057 440 2130 libri,
464 2059 514 2132 qui
538 2054 674 2115 litorariis
689 2056 846 2134 colloquiis
867 2056 983 2133 Pragae
1006 2066 1075 2117 tunc
1098 2076 1219 2118 versans
1242 2066 1271 2118 et
1293 2058 1437 2119 hortatio·

78 2148 169 2208 nibus
196 2148 327 2207 animum
360 2152 536 2220 prostratum
567 2146 689 2201 eraserit
718 2153 770 2219 ,ut
799 2142 836 2204 ad
855 2143 1072 2220 jucunditatem
1102 2145 1265 2205 studiorum
1295 2145 1440 2221 paulatim

78 2229 270 2311 respiraret“.
315 2232 348 2290 In
373 2230 500 2308 epistola
524 2229 703 2290 dedicatoria
726 2231 792 2290 libri
815 2231 907 2291 ll'oaa
924 2232 1138 2292 stereometria
1153 2233 1318 2293 nolanam
1341 2233 1440 2293 Viac—
1558 2266 1561 2271 ·

77 2325 203 2381 mum
225 2320 364 2397 legimus:
390 2335 468 2393 „nan
493 2317 542 2376 diu
566 2317 635 2375 mihi
660 2317 819 2393 quaerendi
843 2328 934 2392 erant,
958 2336 1034 2394 quos
1057 2319 1240 2380 dedicatione
1263 2319 1439 2396 alloquerer,

79 2411 133 2486 qai
156 2410 265 2485 ingenii
280 2405 454 2467 rectitudine
470 2402 750 2465 demonstrationum
772 2403 922 2483 ἀκριβειιυ
944 2417 1113 2483 aequarent,
1137 2406 1441 2484 pulchritudinemque

78 2513 183 2557 eurum
199 2493 340 2570 singulari
357 2493 518 2568 cupiditate
534 2501 795 2568 prosequerentur:
821 2492 908 2553 talem
924 2497 1001 2553 enim
1016 2493 1069 2565 Te,
1093 2494 1294 2553 illustrissime
1312 2494 1439 2557 Domine

78 2583 119 2645 da
142 2582 449 2653 Liechtenstein,
472 2579 543 2638 mibi
565 2578 749 2655 praedicavit
770 2580 901 2641 medicus
929 2590 997 2640 tuus
1019 2580 1152 2641 Joaunes
1176 2581 1438 2656 Waddarbornius,

79 2672 134 2747 qui
165 2668 350 2731 commodam
379 2669 575 2727 interveniens
597 2665 654 2724 Tui
684 2670 855 2728 memoriam
881 2668 952 2727 mihi
982 2671 1149 2744 praesentia
1181 2686 1236 2728 sua
1265 2672 1439 2745 renovavit3

78 2759 173 2819 tatem
197 2758 285 2816 etiarn
309 2755 362 2828 Te,
387 2754 512 2813 illustris
536 2764 566 2813 et
588 2752 738 2815 Generosa
760 2754 795 2815 la.
820 2756 854 2817 B.
876 2754 897 2814 J
904 2773 1065 2829 uergere
1093 2756 1182 2831 langa
1207 2774 1261 2816 usu
1285 2759 1436 2833 cognitam

78 2844 259 2905 habebam.“
299 2842 363 2914 His,
388 2859 464 2916 qnae
482 2845 591 2917 scripta
612 2849 681 2900 sunt
703 2858 781 2901 anua
800 2844 891 2916 1614,
917 2842 1103 2902 confirmatur
1125 2843 1164 2915 id,
1189 2842 1268 2920 quad
1290 2861 1380 2920 supra
1402 2843 1439 2905 da

78 2950 138 2993 usu
161 2931 298 2993 familiari
322 2947 386 2989 cuns
410 2928 553 3004 Joergera
579 2928 721 3003 diximus3
750 2946 786 2990 ex
816 2932 861 3004 iis,
890 2947 966 3005 quae
996 2946 1073 2989 anna
1101 2937 1183 2990 1615
1215 2929 1329 2991 addidit
1351 2948 1438 3008 prae·

78 3021 181 3079 missis
203 3016 359 3095 Keplcras,
383 3025 515 3093 apparet,
540 3017 636 3093 ipsum
659 3032 725 3075 cum
740 3015 959 3076 Licbtenstenio
982 3022 1088 3092 pastea
1111 3017 1212 3078 itidem
1234 3019 1343 3078 arctius
1365 3036 1438 3079 con·

74 3106 213 3183 junctum
237 3106 334 3165 fuisse.
379 3103 435 3162 His
463 3105 540 3163 enim
569 3102 729 3179 alloquitur
756 3105 812 3163 sub
841 3103 928 3163 finem
958 3106 1050 3179 partis
1079 3107 1191 3180 primae
1213 3104 1438 3167 Stereametsiae

80 3193 287 3275 „Patronos“:
315 3191 505 3271 „Tractatum
520 3188 568 3269 (de
583 3191 684 3265 liguris
707 3190 745 3249 ab
760 3190 936 3251 Archimede
952 3208 1010 3250 nan
1027 3194 1128 3263 tactis)
1151 3192 1199 3252 hic
1214 3194 1332 3264 inserui,
1356 3193 1437 3271 quad

78 3289 113 3342 et
135 3281 179 3340 Te
203 3280 237 3339 L.
263 3280 296 3337 Β.
319 3278 477 3353 doergere,
508 3286 538 3338 et
566 3277 659 3336 multa
689 3279 815 3339 maxime
846 3278 889 3337 Ta
913 3276 958 3336 ΙΙΙ.
982 3278 1020 3341 1),
1051 3278 1087 3337 de
1116 3279 1314 3340 Lichtenstein
1338 3276 1439 3364 (cujus

82 3370 115 3427 ln
139 3368 196 3427 hac
218 3366 423 3444 philosophiae
454 3375 537 3442 parte
564 3366 789 3425 exercitationes
819 3364 954 3424 assiduas
983 3365 1212 3444 facultatemque
1242 3378 1440 3445 comparatam

81 3458 234 3532 egregiam
259 3453 429 3529 judicandi,
461 3470 497 3511 cx
526 3469 585 3527 qua
608 3451 652 3511 Te
674 3454 798 3528 primum
830 3455 859 3511 in
888 3452 1069 3528 praelatione
1100 3452 1165 3512 libri
1194 3472 1259 3514 sum
1282 3455 1439 3530 allocutus,

84 3541 181 3602 multa
203 3559 280 3602 nunc
303 3542 411 3601 rectius
433 3547 462 3598 et
484 3540 634 3615 copiosius
656 3539 754 3600 habea
777 3541 925 3615 cognitam
949 3549 978 3599 et
1000 3542 1211 3618 perspectam),
1245 3543 1294 3602 ubi
1326 3552 1440 3620 tempus

61 3629 123 3707 ,sd
147 3629 260 3688 isthaec
282 3625 488 3703 cognoscenda
512 3628 672 3700 vacaverit,
695 3628 778 3702 ipsos
801 3630 963 3687 censituras
986 3623 1151 3687 aristim0.“

197 3716 260 3776 Sub
294 3718 373 3774 vitae
404 3713 529 3789 denique
560 3717 670 3774 exitum
701 3713 985 3774 Wallenstenii
1017 3716 1147 3775 favorem
1175 3717 1231 3774 sibi
1262 3715 1439 3789 conciliavit,

81 3806 134 3881 qui
154 3804 216 3879 jam
240 3810 328 3862 antea
349 3801 508 3877 Keplernm
532 3803 561 3858 in
593 3802 680 3860 rebus
702 3801 887 3877 asbalagicis
912 3802 1107 3863 consuluerat.
1159 3801 1314 3879 Quamque
1346 3805 1440 3865 amice

81 3890 191 3951 deinde
214 3908 281 3950 cam
305 3889 481 3950 cancellario
496 3888 670 3948 Bavariensi
693 3886 883 3948 Herwarta
908 3888 949 3948 de
973 3888 1211 3967 Habenburg
1234 3898 1368 3951 versatus
1391 3896 1438 3964 sit,

81 3987 114 4039 et
138 3994 173 4037 er
197 3980 233 4036 iis
257 3977 437 4052 intelligitur,
460 3992 536 4051 quae
559 3991 649 4051 supra
671 3975 857 4050 dictasunt,
882 3984 967 4037 etex
992 3978 1133 4053 epistolis,
1157 3994 1234 4053 qnae
1258 3980 1287 4035 in
1311 3977 1440 4037 volumi·

79 4067 171 4133 nibus
194 4064 436 4134 antecedentibus
451 4064 640 4121 inveniuntur
653 4063 827 4139 permultas.
856 4064 960 4140 Neque
982 4068 1078 4124 minus
1102 4064 1245 4140 epistolae
1268 4065 1305 4124 ab
1320 4062 1438 4125 Jaanna

80 4152 202 4212 Remo
233 4155 374 4228 scriptae,
406 4149 520 4210 medica
543 4149 738 4211 Maximlliani
768 4159 798 4211 et
820 4150 964 4229 Leapoldi
987 4150 1185 4211 Archiducum
1209 4153 1439 4227 austriacarum,

84 4242 259 4299 verissimae
282 4239 368 4298 nabis
391 4240 548 4315 imaginem
571 4238 713 4315 praebent
736 4240 892 4311 amicitiae,
917 4240 945 4295 in
969 4257 1042 4316 pura
1064 4238 1183 4314 Kepleri
1209 4246 1239 4299 st
1261 4238 1389 4298 hominis
1410 4249 1440 4299 et

81 4326 164 4387 docti
185 4328 390 4387 aestimatione
413 4328 543 4401 positae;
566 4324 720 4401 eidemque
736 4342 850 4402 semper
865 4342 996 4386 summae
1019 4342 1105 4385 curae
1128 4332 1199 4398 erat,
1223 4334 1257 4385 nt
1278 4327 1439 4402 permultae

80 4430 157 4475 suae
181 4422 210 4473 et
233 4414 392 4474 aulicarum
423 4423 453 4473 at
484 4412 669 4472 sacerdotum
701 4411 911 4475 catholicamm
941 4415 1124 4489 cognitiones
1153 4421 1183 4473 at
1210 4414 1440 4475 necessitudines

81 4502 214 4578 Keplcra
238 4519 327 4577 quam
350 4502 476 4560 merisne
499 4499 681 4577 prodessent.

188 4588 382 4648 Redeundum
414 4589 500 4646 nobis
522 4596 567 4647 est
589 4586 626 4645 ad
649 4586 770 4664 Kepleri
797 4603 862 4647 cum
886 4586 1099 4648 hlaestlino
1130 4589 1270 4666 magistra
1301 4605 1387 4647 asum
1409 4597 1440 4649 et

81 4677 266 4737 sacietatem.
312 4675 437 4735 Ineunte
466 4673 585 4751 quidem
607 4675 756 4735 literarum
779 4676 967 4748 commercio,
997 4675 1076 4750 quod
1100 4676 1168 4737 inde
1191 4678 1229 4736 ab
1252 4692 1330 4735 aurio
1355 4680 1439 4737 1694

17 4782 47 4821 ο
81 4781 179 4841 usquc
202 4762 240 4822 ad
263 4780 372 4823 annum
392 4768 484 4822 1620.
507 4780 525 4821 a
546 4761 674 4839 Keplero
696 4760 802 4821 saltam
825 4778 889 4822 rara
905 4765 1074 4831 remissum,
1097 4765 1163 4823 sala
1177 4762 1327 4823 Maestlini
1350 4764 1441 4825 nimia

34 4890 40 4901 ·
81 4853 223 4915 matiana
247 4860 276 4913 et
298 4853 447 4913 anxietate
477 4851 506 4909 in
537 4849 721 4929 aliquantum
749 4852 888 4928 temporis
912 4850 1106 4930 interceptum
1129 4859 1187 4929 est,
1218 4868 1334 4931 semper
1353 4849 1453 4935 Repe·
