3308 5534
563 1518 799 1619 turmas
831 1520 1102 1621 tuernout

195 1747 289 1887 IN
333 1745 733 1895 SOMNIUM
776 1751 1461 1898 ASTRONOMICUM

291 2008 415 2097 Notae,
443 2015 644 2085 successive
671 2013 825 2103 scriptae
853 2013 945 2085 inter
971 2031 1080 2084 annos
1112 2009 1219 2085 ¹620.
1255 2008 1362 2084 tuso.

751 2214 908 2227 *-

251 2332 279 2387 1.
299 2330 389 2387 Sonus
407 2332 466 2402 ipse
484 2334 559 2389 rucis
577 2334 643 2389 mihi
661 2336 780 2391 occurrit
797 2349 832 2390 ox
844 2333 1032 2391 recordatione
1045 2333 1182 2389 nominum
1199 2333 1372 2404 propriorum
1390 2335 1520 2395 similiter

147 2408 305 2465 sonantium
322 2408 455 2465 historiae
473 2411 607 2473 Scoticae.
626 2430 697 2483 qnae
715 2415 790 2483 regio
808 2421 968 2483 prospectat
985 2427 1115 2467 oceanum
1133 2410 1308 2471 lalandicum.

252 2488 278 2542 2.
298 2486 404 2553 Lingua
423 2500 516 2545 nostra
535 2492 675 2547 teutonica
693 2501 774 2548 sonat
792 2499 891 2547 terram
909 2490 1059 2559 glacialem.
1095 2490 1128 2544 ln
1146 2490 1198 2545 hac
1216 2506 1280 2545 sero
1298 2498 1405 2546 remota
1422 2492 1517 2549 inanla

147 2570 238 2625 locam
256 2580 307 2635 ego
325 2566 391 2620 mihi
409 2567 516 2636 disponi
535 2568 686 2624 dormiendi
704 2577 732 2623 et
750 2569 910 2629 somniandi.
930 2576 961 2623 nt
979 2568 1098 2623 imitarer
1109 2568 1289 2638 philosophos
1306 2569 1334 2624 in
1347 2569 1401 2625 hoc
1413 2587 1519 2643 geram

148 2644 314 2715 scriptionis.
352 2646 421 2700 h'srn
447 2655 475 2701 et
495 2649 589 2703 t'icero
612 2650 720 2717 trajecit
744 2648 773 2703 in
791 2648 911 2702 Africam
929 2647 1126 2714 somniaturos,
1150 2652 1178 2699 et
1196 2646 1275 2700 Plato
1294 2647 1462 2705 Atlanticum
1487 2651 1518 2706 in

147 2722 243 2781 eodem
262 2738 364 2778 oceano
384 2726 518 2794 Hesperio
536 2728 685 2783 fabricatus
704 2734 758 2791 est,
779 2726 851 2781 unde
867 2725 992 2779 fabulosa
1010 2724 1102 2779 virtuti
1120 2724 1231 2779 militari
1248 2724 1372 2780 subsidia
1389 2743 1518 2785 moena

147 2812 200 2865 ret.
218 2812 247 2858 et
264 2802 429 2859 Plutarchus
449 2804 566 2874 denique
584 2805 676 2859 libello
696 2806 730 2860 de
748 2805 817 2860 facie
835 2805 931 2860 Lunae
949 2812 1012 2872 post
1030 2802 1143 2858 multum
1163 2818 1314 2858 sermonem
1332 2804 1360 2858 in
1379 2820 1518 2864 occanum

145 2884 338 2940 Americannm
357 2885 526 2952 exspatiatur
545 2884 729 2952 describitque
747 2884 827 2939 nobis
845 2884 926 2938 situm
952 2881 1034 2935 talem
1052 2881 1216 2949 insularum,
1241 2898 1321 2949 quem
1339 2884 1519 2953 geographus

146 2961 245 3031 aliquis
269 2961 416 3018 modernus
440 2964 576 3018 Aaoribus
600 2970 628 3016 ct
652 2961 837 3017 Gronlandiae
862 2970 889 3015 et
910 2970 999 3015 terras
1017 2957 1208 3025 honoratoris,
1230 2962 1389 3029 regionibus
1413 2962 1521 3019 mum

146 3040 295 3098 lalandiam
314 3040 387 3107 sitis,
407 3040 587 3111 probabiliter
605 3039 790 3109 applicas-eric
826 3038 913 3106 Quem
936 3037 1044 3106 quidem
1063 3036 1203 3091 Plutarchi
1224 3036 1322 3092 librum
1341 3039 1452 3108 quoties
1470 3056 1520 3095 re·

145 3119 222 3189 lego,
246 3119 329 3175 toties
346 3120 470 3189 impenso
487 3120 563 3175 soleo
587 3119 692 3185 mirari,
716 3133 771 3185 quo
795 3131 861 3172 casn
879 3115 980 3170 iactum
1000 3115 1048 3183 sit,
1073 3123 1105 3169 ut
1123 3127 1217 3169 nostra
1241 3116 1321 3171 nobis
1339 3119 1447 3173 somnia
1467 3136 1519 3175 sen

146 3199 257 3256 fabulae
274 3206 331 3252 tam
348 3208 476 3251 accurate
495 3204 684 3265 congruerent.
720 3194 792 3249 h'anr
810 3208 863 3262 ego
885 3191 994 3262 peridem
1013 3200 1057 3247 sat
1081 3192 1136 3246 sida
1158 3195 1289 3248 memoria
1310 3204 1406 3265 repeto
1432 3212 1518 3255 oeca-

147 3280 239 3335 siones
257 3274 426 3343 singularum
446 3277 590 3331 commenti
615 3277 667 3330 snei
690 3274 820 3344 partium,
843 3270 917 3342 quod
940 3285 989 3324 eas
1011 3270 1077 3325 mihi
1101 3286 1155 3324 non
1178 3286 1272 3326 omnes
1296 3273 1351 3328 sint
1378 3282 1462 3331 name
1480 3292 1517 3333 ex

146 3358 264 3414 lectione
282 3355 366 3422 hujus
385 3355 455 3409 libri.
492 3356 593 3411 Exstat
610 3354 683 3424 apud
702 3369 745 3409 me
763 3352 858 3407 charta
877 3360 1013 3418 pervetus,
1031 3360 1079 3405 tua
1096 3350 1245 3405 clarissime
1263 3352 1298 3408 D.
1312 3353 1516 3424 shristophoro

148 3436 265 3492 Besolde
283 3451 365 3488 manu
384 3444 508 3499 saaraim
534 3451 595 3488 curn
614 3434 707 3488 theses
726 3432 833 3487 circiter
851 3429 944 3496 viginti
963 3428 996 3481 de
1015 3429 1180 3485 coelestibus
1199 3432 1367 3498 apparentiis
1386 3432 1414 3485 in
1433 3434 1517 3491 Luna

147 3532 183 3572 er
200 3515 268 3568 meis
286 3513 524 3567 dissertationibus
543 3527 614 3565 anno
636 3513 703 3564 1593
722 3507 895 3574 concepisses
914 3522 1014 3573 easque
1033 3506 1065 3560 Ι).
1087 3506 1148 3560 t’ito
1167 3506 1284 3573 llillero,
1304 3516 1369 3563 tsine
1389 3510 1516 3581 disputa·

147 3595 252 3649 tionum
269 3589 522 3659 philosophicorum
541 3587 677 3642 ordinario
696 3585 824 3654 praesidi,
843 3583 1034 3652 disputaturus
1052 3584 1086 3638 de
1104 3585 1150 3641 iis.
1169 3584 1193 3637 si
1211 3585 1269 3651 ipse
1287 3589 1445 3655 annuisset,
1466 3607 1516 3647 ex·

147 3670 293 3727 hibuisses.
330 3669 392 3736 Quo
416 3668 526 3738 quidem
551 3677 674 3734 ternpore
698 3662 839 3718 Plutarchi
862 3677 946 3730 opera
968 3661 1033 3715 mihi
1058 3659 1176 3716 nondum
1204 3660 1261 3715 risa
1287 3674 1373 3718 erant.
1412 3667 1517 3724 Postea

147 3748 229 3803 incidi
248 3747 276 3802 in
294 3749 408 3803 Luciani
427 3748 512 3801 libros
531 3746 600 3800 dnos
618 3741 748 3797 historiae
765 3754 859 3803 serae,
883 3753 979 3805 graece
1002 3738 1132 3808 scriptos,
1155 3753 1226 3807 quos
1243 3753 1294 3807 ego
1317 3741 1429 3801 libellos
1447 3746 1517 3801 mihi

149 3828 247 3896 delegi,
266 3838 296 3882 ut
315 3828 434 3895 linguam
452 3824 634 3887 addiscerem,
654 3820 765 3887 aleutus
780 3815 954 3885 jucunditate
972 3816 1167 3873 audacissimae
1184 3815 1305 3883 iubulas,
1331 3836 1403 3888 quae
1421 3833 1518 3881 tamen

149 3905 252 3975 aliquid
271 3907 305 3960 de
324 3906 409 3961 totius
428 3903 547 3959 uniuersi
567 3910 664 3954 nutura
683 3895 821 3963 innuebat,
839 3904 870 3949 nt
888 3895 996 3964 quidem
1015 3896 1074 3964 ipse
1087 3894 1224 3949 Lucianus
1242 3906 1334 3953 monet
1346 3899 1373 3953 in
1386 3904 1516 3960 exordio.

149 3988 240 4054 Atque
265 3985 345 4039 etiarn
364 3985 410 4038 ille
436 3984 507 4039 ultra
526 3981 666 4035 columnas
685 3975 809 4031 llerculis
833 3974 860 4028 in
879 3990 1008 4028 oceanum
1033 3973 1158 4040 enavigat
1181 3975 1342 4044 rapiturque
1367 3990 1516 4039 uentorum

147 4063 303 4121 turbinibus
322 4079 383 4116 eum
402 4063 463 4132 ipsa
480 4064 541 4116 naci
561 4060 682 4115 sublimis
701 4068 729 4113 et
742 4058 838 4112 Lunae
856 4055 999 4111 invehitur.
1024 4055 1100 4109 llaec
1117 4054 1182 4108 mihi
1201 4055 1288 4125 prima
1306 4057 1382 4114 luere
1395 4062 1517 4127 vestigia

149 4144 253 4201 itineris
272 4144 299 4197 in
319 4142 424 4196 Lunam
443 4141 640 4211 posterioribus
660 4134 829 4203 temporibus
848 4132 975 4187 affectati.
1007 4132 1110 4187 Graetii
1129 4132 1243 4201 primum
1262 4151 1334 4187 anno
1351 4140 1429 4193 tous.
1450 4139 1516 4195 Plu·

148 4222 237 4278 tarchi
255 4218 379 4275 libellum
403 4236 461 4275 surn
485 4229 594 4284 nastris,
619 4214 775 4269 admonitus
799 4212 833 4265 de
851 4227 884 4265 eo
902 4226 936 4264 ex
958 4209 1072 4265 lectione
1091 4211 1282 4266 Commentarii
1300 4212 1408 4268 Erasmi
1427 4215 1516 4272 Rein·

148 4300 225 4357 holdi
244 4301 271 4355 in
289 4298 422 4353 Theorias
436 4298 590 4355 l’nrbachii.
608 4309 698 4362 eaque
716 4308 749 4345 eo
762 4291 867 4359 Pragae
885 4307 956 4345 anno
971 4292 1037 4345 ttitti
1055 4290 1140 4345 mulsa
1158 4289 1186 4343 in
1199 4292 1389 4347 Astronomiae
1402 4295 1515 4352 Partem

150 4380 276 4449 opacam
296 4376 436 4432 transtuli,
472 4377 534 4431 Xan
554 4374 616 4431 dedi
635 4382 725 4427 tamen
744 4370 797 4425 hoc
815 4369 910 4424 insulis
928 4385 945 4423 a
962 4369 1109 4424 Plutarcho
1133 4368 1278 4423 nominatis
1296 4386 1331 4424 ex
1349 4388 1455 4429 oceano
1475 4378 1516 4432 ls-

148 4459 265 4515 landico.
284 4456 356 4526 quod
375 4454 522 4510 lelandiam
540 4453 575 4507 ad
593 4448 757 4520 hypothesin
776 4448 829 4501 rnei
848 4447 945 4501 soronii
963 4446 1044 4515 elegi,
1071 4445 1118 4499 sed
1143 4456 1202 4499 erat
1220 4445 1288 4500 haec
1312 4449 1385 4505 inter
1402 4470 1515 4525 canan,

150 4539 223 4608 qnod
242 4539 269 4593 ld
289 4534 418 4605 temporis
438 4533 542 4597 Pragae
554 4526 658 4583 venalis
676 4536 750 4579 esset
768 4524 875 4579 libellus
888 4524 1001 4579 Luciani
1014 4524 1049 4578 de
1064 4523 1236 4591 narigatione
1248 4524 1275 4577 in
1288 4525 1404 4589 Lunam,
1422 4540 1514 4587 mam.

150 4617 222 4671 latus
242 4618 268 4671 in
287 4617 406 4681 linguam
425 4611 590 4667 teutonicam
609 4623 625 4659 a
644 4603 817 4673 llollenhagii
833 4605 906 4669 tilio,
924 4605 1030 4671 junctis
1048 4603 1248 4659 namtionibna
1278 4604 1304 4659 S.
1324 4607 1466 4665 Brandanl
1485 4622 1516 4667 et

150 4696 185 4751 do
202 4695 362 4766 purgatorio
380 4690 536 4749 Patriciano
554 4688 582 4741 in
600 4682 785 4739 subterraneis
804 4680 930 4737 islandici
948 4684 1046 4737 montis
1063 4679 1167 4737 ileclae
1184 4683 1324 4749 ignivomi,
1345 4701 1407 4739 cnm
1427 4690 1515 4745 etiam

151 4774 317 4833 Plutarchus
334 4788 369 4829 ea
387 4770 524 4828 unientis
541 4763 696 4835 theologiae
713 4761 855 4833 gentilium
866 4761 1052 4833 purgatorium
1066 4760 1217 4818 animarum
1234 4768 1370 4819 statueret
1380 4765 1410 4821 in
1422 4765 1514 4839 hama,
