3308 5534
149 384 213 458 748
660 388 725 449 vita
741 390 858 449 Joaunts
874 388 997 462 Kepierl.

148 586 298 631 cessurum
320 568 514 648 haeredibus3
538 588 617 633 eram
638 574 669 632 in
692 590 745 650 spe
766 572 876 646 salarii,
898 574 957 651 ipsi
971 572 1103 633 vicissim
1125 588 1164 633 ex
1186 568 1260 631 aula
1280 568 1356 631 nibil
1376 572 1484 653 aecipie-

149 660 229 719 bant.
274 658 333 719 Sed
355 657 429 718 illud
453 662 592 735 peccavit
612 660 805 736 Franciscus,
833 658 914 739 quod
943 668 1012 738 post
1041 676 1158 721 omnem
1185 658 1419 721 satisfactionem
1440 678 1486 721 non

148 748 313 823 acquievit,
342 745 395 807 sed
418 765 480 822 me,
511 748 669 809 terroribus
702 748 793 808 illatis
815 747 854 809 ad
876 747 1005 809 levicula
1033 746 1136 825 aliqua
1158 764 1238 825 quac
1261 748 1337 809 mibi
1357 748 1487 809 recubant

148 831 334 913 praestanda,
356 851 508 911 nunquam
529 838 610 913 prius
632 839 776 896 monitum
797 852 834 897 ex
856 837 982 913 abrupto
1005 834 1125 914 adigere
1149 834 1315 915 contendit,
1337 836 1487 915 perlndeae

148 923 174 982 st
198 921 256 982 uile
279 924 458 1000 mancipium
479 923 610 983 fuissem.

254 1022 331 1078 Haec
348 1028 457 1079 tontum
475 1023 594 1079 attinent
611 1023 695 1079 sitam
712 1022 825 1096 Kepleri
842 1024 989 1095 privatam,
1012 1022 1120 1093 reliqua
1136 1028 1268 1094 spectant
1285 1022 1487 1095 analogian

148 1108 379 1181 meteorologiam,
398 1125 432 1164 ex
449 1116 529 1180 parte
547 1112 630 1167 ctiam
648 1112 766 1183 optieam
784 1111 815 1181 (1.
834 1117 885 1167 306
904 1130 937 1165 ss.
954 1116 987 1168 11.
1005 1114 1063 1181 sb),
1086 1110 1196 1167 stellam
1213 1110 1245 1165 in
1264 1112 1361 1181 cygno
1379 1114 1418 1179 χΙΙ
1434 1116 1487 1179 isti,

148 1194 348 1265 navigationem
370 1196 568 1255 Hollundorum
591 1198 619 1254 in
641 1200 768 1271 regiones
794 1197 1023 1271 septentrionales
1046 1198 1298 1269 refractionemque
1321 1198 1361 1255 ibi
1383 1200 1486 1255 ohram

148 1288 206 1338 tam
222 1281 361 1339 insolitum
379 1286 421 1353 (ΙΙ.
434 1288 497 1357 413)
516 1291 545 1341 et
561 1285 695 1343 theoriam
707 1288 804 1345 Martis
817 1291 870 1359 (iii
887 1294 920 1343 et
938 1290 991 1357 ss).
1026 1286 1072 1342 Ex
1090 1284 1139 1353 ils,
1158 1300 1231 1356 qnae
1248 1284 1426 1359 astrologiam
1440 1286 1486 1341 atti

148 1377 223 1440 nent,
242 1370 311 1426 haec
330 1368 474 1443 elegimus,
500 1378 533 1429 ut
550 1379 745 1444 cognoscatur,
764 1392 819 1446 quo
837 1374 927 1431 animo
944 1372 1081 1444 Keplerus
1104 1372 1155 1427 bas
1174 1388 1279 1443 nugas,
1304 1390 1377 1445 quas
1399 1372 1486 1445 publius

148 1457 239 1513 colere
256 1465 369 1516 coactus
388 1467 456 1527 crat,
475 1460 587 1531 privatis
605 1460 691 1518 literis
710 1462 855 1535 acceperit.
891 1461 1026 1531 Fabricio,
1048 1466 1196 1533 ,genescs‘
1216 1460 1335 1531 petenti,
1352 1460 1485 1531 respoudit:

150 1549 224 1611 Cum
247 1551 413 1611 certitudini
437 1556 508 1612 artis
532 1554 561 1612 in
583 1552 782 1631 singularibus
803 1542 906 1633 parum
929 1555 1069 1629 tribuam,
1097 1554 1297 1631 negligentior
1328 1570 1394 1615 csse
1413 1552 1485 1625 celto.

148 1655 203 1698 nee
227 1646 256 1699 ts
278 1639 327 1699 hie
349 1640 472 1700 multum
491 1641 599 1717 juvare
621 1659 751 1719 possum.
797 1642 883 1717 Vide,
906 1660 943 1703 uo
966 1661 1013 1702 srs
1036 1650 1066 1703 te
1088 1642 1269 1715 ludificetur,
1293 1640 1409 1719 maiora
1426 1642 1485 1701 enin

150 1724 287 1786 humanis
311 1728 422 1788 viribus
445 1730 503 1787 ista
524 1729 595 1788 mibi
620 1727 770 1805 sidentur,
803 1730 1004 1791 certitudinem
1027 1727 1095 1790 inde
1116 1738 1232 1809 petere,
1262 1729 1316 1789 ubi
1339 1726 1419 1789 nulla
1436 1744 1485 1787 erse

150 1820 247 1891 potest
263 1858 270 1873 .
287 1857 295 1873 .
312 1857 344 1873 ..
390 1814 504 1876 Thema
525 1815 718 1877 revolutionis
740 1818 841 1877 mundi
871 1816 1035 1897 sisyphium
1063 1824 1135 1895 puto
1163 1816 1296 1895 lapidem
1326 1833 1381 1893 pro
1402 1832 1485 1875 cras-

150 1900 263 1961 ciandis
286 1902 499 1979 astrologorum
522 1905 664 1981 ingeniis,
695 1923 754 1983 quo
786 1905 859 1967 nihil
889 1906 1041 1984 prolicitur
1040 1948 1144 1969 .....
1187 1902 1270 1963 Nihil
1295 1920 1354 1983 ego
1382 1904 1483 1981 putoir

149 1988 261 2065 Terris,
292 1990 339 2050 cui
361 1993 483 2051 seorsim
506 1991 614 2069 aliquis
635 1990 756 2071 planeta
778 1993 940 2055 collocatus
968 1995 1007 2052 sit
1036 1994 1068 2051 in
1091 1990 1174 2053 coelo
1176 2033 1288 2055 .....
1334 1990 1381 2051 De
1400 1998 1483 2067 ‚perit

148 2074 302 2136 iortuuae“
327 2084 361 2137 ut
383 2087 413 2139 et
435 2078 471 2140 de
495 2076 631 2140 domibus
649 2078 762 2157 Judico,
786 2081 939 2143 confletam
961 2078 1000 2141 ad
1022 2077 1177 2141 iomranda
1199 2096 1346 2157 respousa
1367 2078 1482 2139 adumar

149 2180 243 2241 genus
267 2167 471 2241 quaestionum
494 2176 550 2227 etc.

254 2266 300 2321 Ex
311 2265 434 2335 epistolis
446 2267 589 2338 Kepleri
605 2274 633 2323 et
651 2268 820 2325 lleruarti
837 2268 937 2323 mutuis
955 2267 1024 2322 baec
1040 2264 1178 2337 prioribus
1190 2264 1378 2335 adjungimus.
1405 2260 1481 2319 sord

147 2361 220 2413 tates
237 2355 308 2410 inter
326 2354 475 2427 chierum
494 2363 521 2413 ct
533 2355 667 2412 haeredes
686 2355 823 2427 Tychouia
840 2354 996 2411 Heraartus
1014 2368 1096 2423 aegre
1108 2351 1201 2408 iercns
1219 2352 1345 2423 scripsit:
1364 2348 1480 2417 labiola,

148 2440 213 2497 dass
231 2458 261 2498 es
279 2440 415 2499 zwischen
433 2442 484 2498 deu
502 2442 596 2499 Erben
614 2442 667 2498 und
687 2444 748 2499 dem
767 2442 855 2501 Herrn
873 2442 956 2499 alicin
973 2459 1017 2497 rm
1035 2441 1202 2498 blisstrauen
1220 2440 1276 2497 rud
1293 2440 1481 2498 aemulamur·

148 2547 183 2586 au
203 2530 281 2600 tbun,
301 2546 356 2585 uas
375 2531 424 2585 der
441 2530 620 2602 Hauptsacho
638 2528 691 2583 rud
709 2528 808 2586 beiden
827 2546 863 2584 au
874 2528 1022 2585 Nachtheil
1039 2528 1171 2601 geroiebt
1206 2527 1348 2601 Koplcrna
1365 2524 1482 2599 resposfl

149 2616 224 2684 (Oet.
243 2618 288 2687 i):
316 2614 423 2674 Nescio
446 2631 483 2673 an
507 2616 644 2691 cuiquam
667 2613 697 2671 in
720 2612 790 2673 aula
811 2614 971 2675 innotuerit
1000 2630 1054 2673 nos
1083 2609 1244 2685 dissidere,
1274 2619 1391 2689 praeter
1411 2626 1481 2671 usu

149 2700 187 2759 D.
210 2700 379 2761 Pistorium.
426 2700 513 2777 Quod
544 2704 599 2761 etsi
621 2702 731 2763 iudum
753 2700 856 2776 luerit,
886 2710 1066 2764 nontamen
1095 2710 1167 2779 puto
1192 2700 1286 2760 otium
1314 2718 1381 2761 ease
1401 2698 1483 2761 teter'!
1523 2702 1525 2717 '

150 2785 289 2849 dehisce
311 2786 446 2851 leviculis
469 2790 608 2867 cogitare.
652 2788 853 2865 Tengnaglius
875 2808 908 2851 se
934 2791 1040 2867 ingerit
1061 2790 1093 2848 in
1120 2790 1351 2847 maturationem
1372 2782 1485 2849 Tabula-

149 2893 212 2935 rum
235 2876 504 2955 liodolphaearum.
549 2876 597 2937 Ita
619 2876 740 2937 iorsitou
768 2876 878 2937 liabent
906 2892 952 2938 res
980 2878 1071 2955 ipsius
1101 2876 1158 2935 hoc
1183 2874 1390 2952 Wcstplraliae
1415 2882 1487 2945 ema,

148 2970 181 3023 ut
204 2980 279 3041 opus
302 2966 358 3043 ipsi
381 2966 420 3025 sii
442 2963 488 3023 his
512 2964 676 3041 praesidiis.
722 2964 921 3025 Excusaturus
949 2983 1034 3025 suum
1063 2970 1246 3042 propositum
1274 2982 1329 3023 seu
1357 2962 1489 3023 retaur-

149 3051 213 3127 ejus
229 3070 349 3113 eausam
365 3048 532 3137 (inopiam),
556 3052 640 3129 tingit
663 3050 701 3113 ad
723 3050 845 3126 aulicos,
868 3052 925 3112 sibi
946 3070 1033 3113 curae
1056 3069 1121 3111 esso
1143 3051 1287 3112 bonorcur
1309 3052 1490 3129 pareamus·

148 3141 253 3215 soceri,
277 3149 409 3203 metuere
433 3147 465 3200 ut
486 3139 636 3218 praeclare
660 3150 748 3217 capta
769 3140 869 3200 studia
883 3147 985 3201 eontra
1000 3141 1092 3217 ipsius
1107 3142 1293 3218 propositum
1309 3138 1490 3217 perficiantur,

147 3228 231 3301 scire,
256 3228 327 3305 quid
351 3230 375 3288 is
399 3229 461 3288 ficri
487 3226 620 3288 voluerit.
667 3226 750 3287 Haec
771 3230 899 3306 speciem
922 3226 1048 3302 babeat,
1071 3229 1143 3305 quia
1165 3246 1222 3305 ego
1245 3235 1276 3287 ct
1298 3228 1372 3287 oiim
1395 3240 1423 3287 ct
1440 3226 1491 3303 ja!

149 3316 220 3373 vivo
244 3324 274 3376 et
296 3319 413 3378 conscio
437 3315 588 3395 Tychone,
614 3314 768 3391 Copemiei
791 3332 898 3391 sequor
919 3314 1108 3393 hypotheses.
1152 3314 1260 3391 Itaque
1282 3326 1338 3375 aut
1361 3314 1492 3375 diuers·

150 3402 188 3461 ab
212 3420 247 3463 eo
271 3404 351 3481 quod
373 3407 467 3465 sentio
491 3406 520 3461 in
542 3400 732 3480 philosophia
760 3400 988 3477 ostendendum,
1018 3411 1071 3463 aut
1093 3420 1112 3463 a
1133 3400 1324 3479 Teugnnglio
1354 3400 1493 3465 ducellu-

150 3487 219 3549 dum
243 3494 307 3553 crit.
348 3495 444 3571 Atque
469 3490 541 3549 illud
565 3507 716 3567 nunquam
739 3488 794 3551 loci
818 3507 872 3549 nec
892 3507 979 3569 porro
1003 3488 1167 3563 admittam,
1189 3488 1248 3549 hoc
1271 3492 1316 3549 ita
1338 3490 1449 3561 inciam,
1467 3498 1492 3549 1

149 3575 300 3653 dissidere,
324 3599 381 3640 non
407 3580 504 3640 odisse
520 3578 610 3638 dicar.
626 3612 669 3621 -
685 3580 748 3636 dam
761 3578 845 3637 refert
857 3582 995 3653 h'cplerus
1007 3598 1078 3651 quae
1088 3582 1223 3637 mutanda
1235 3590 1351 3637 censeat
1362 3582 1390 3637 ln
1402 3580 1492 3653 Treba·

150 3669 192 3725 uis
210 3670 411 3739 hypothesibus
429 3673 485 3737 (lli.
505 3674 548 3733 ⁶28,
567 3674 618 3722 693
638 3685 670 3721 ss.
690 3671 723 3722 11.
737 3668 781 3735 ii)
797 3672 826 3721 et
842 3666 911 3723 baec
929 3668 1082 3739 subjungit:
1111 3662 1271 3725 Praeterea
1292 3682 1355 3725 non
1378 3664 1493 3727 deiun-

150 3754 279 3831 uudiquc
303 3757 490 3832 conquirere,
522 3771 599 3829 quae
622 3752 660 3812 ad
684 3754 834 3829 negotium
864 3752 1017 3829 eclipsium
1047 3752 1175 3830 amplius
1197 3752 1388 3815 tractandum
1409 3754 1491 3831 requi·

147 3850 263 3917 runtur,
287 3850 316 3903 et
338 3843 407 3904 buie
429 3844 547 3919 negotio
570 3842 599 3899 in
623 3847 707 3916 parte
729 3839 838 3901 serviet
851 3839 1038 3918 peculiariter
1060 3842 1277 3901 Astroaomioe
1295 3860 1377 3917 pura
1397 3842 1493 3919 optioa

148 3948 236 4004 quum
260 3928 404 3991 adornare
429 3932 526 4005 cogito
551 3946 645 4004 usque
668 3927 706 3987 ad
729 3928 815 3987 lorias
838 3927 998 3989 natalitias.

252 4022 303 4075 Die
326 4022 364 4077 12.
384 4022 454 4076 h'ov.
474 4018 542 4075 baec
560 4018 674 4075 nunciat
690 4018 829 4089 licplerrrs
853 4019 1008 4075 llcraarto:
1025 4014 1099 4074 Cum
1115 4012 1494 4083 unlrnadrcrtisecmm

147 4103 329 4181 diligentiam
346 4108 374 4164 in
391 4104 514 4165 dubium
530 4103 640 4177 vocari,
663 4104 692 4160 in
708 4121 754 4162 rue
770 4105 866 4180 recepi
890 4102 948 4162 duo
965 4120 1062 4181 opera,
1086 4101 1212 4161 alterum
1228 4120 1327 4180 usque
1343 4104 1383 4165 ad
1395 4100 1494 4163 rad·

147 4193 276 4251 iuturum
299 4200 368 4253 sunt
393 4191 623 4253 Commentario
644 4193 679 4249 ia
701 4190 848 4249 theoriam
872 4188 997 4265 Martis,
1030 4188 1153 4249 alterum
1182 4190 1263 4249 intra
1286 4198 1306 4253 ei
1331 4194 1493 4271 aprinum

148 4279 363 4340 absolvendum
386 4289 431 4341 est
453 4283 667 4339 Astroaomr'oe
686 4296 762 4355 para
784 4282 895 4355 optico.
941 4278 1014 4337 Cum
1037 4293 1107 4351 crgo
1130 4274 1178 4335 bie
1192 4280 1364 4341 carceribus
1386 4298 1429 4339 nrr
1447 4274 1492 4337 sl·

148 4368 314 4426 strinxerim
337 4370 410 4445 ipse,
434 4367 575 4441 intelligis
598 4383 678 4438 sanc,
702 4362 847 4443 quidquid
870 4372 952 4426 extra
975 4366 1029 4425 bas
1044 4370 1136 4425 metas
1152 4364 1207 4424 crit
1221 4366 1358 4443 positum
1376 4368 1493 4443 jamnes

147 4454 274 4531 amplius
296 4474 314 4514 a
337 4475 384 4517 mo
406 4458 436 4514 in
458 4454 500 4519 hi.
523 4452 559 4513 Τ.
581 4454 706 4529 gratiam
728 4454 839 4530 suscipi
862 4470 967 4531 posse,
998 4452 1091 4513 donce
1114 4468 1205 4531 opera
1232 4452 1285 4514 illa
1307 4454 1489 4515 absoluantur.

147 4540 194 4600 lle
217 4540 322 4619 Optico
345 4551 470 4619 constat,
495 4552 524 4603 te
546 4540 661 4601 theoria
674 4538 779 4601 Martis
796 4542 892 4619 jubeo
916 4549 944 4601 to
967 4540 1042 4601 benc
1064 4557 1194 4618 sperare.
1211 4574 1255 4587 —
1278 4542 1405 4601 fabricio
1420 4540 1488 4599 rear

148 4646 241 4687 nrcnse
259 4634 411 4703 Deccmbri,
433 4634 598 4702 ,adornarc“
619 4650 649 4689 se
668 4634 805 4703 Optieum.
824 4665 857 4674 —

250 4718 329 4786 Quod
348 4728 378 4775 ut
396 4719 558 4789 promissum
571 4722 695 4791 (Caesari
713 4728 760 4778 arrt
778 4722 942 4779 consiliariis
962 4720 1112 4789 caesareis)
1131 4725 1227 4774 ramat
1239 4720 1484 4791 Imagouroatuctl

148 4802 298 4875 llcraurto,
317 4806 509 4863 absoluturum
528 4824 560 4865 ee
577 4810 654 4865 breui
671 4818 796 4884 tempore
814 4826 884 4883 opus
901 4809 936 4867 de
953 4808 1045 4867 Morte
1063 4814 1091 4865 et
1110 4806 1256 4877 Opticam,
1275 4807 1340 4867 buis
1357 4823 1408 4865 nou
1422 4800 1480 4859 aem
