<?xml version="1.0" encoding="UTF-8"?>
<!DOCTYPE html PUBLIC "-//W3C//DTD XHTML 1.0 Transitional//EN"
    "http://www.w3.org/TR/xhtml1/DTD/xhtml1-transitional.dtd">
<html xmlns="http://www.w3.org/1999/xhtml" xml:lang="en" lang="en">
 <head>
  <title>
</title>
<meta http-equiv="Content-Type" content="text/html;charset=utf-8" />
  <meta name='ocr-system' content='tesseract 3.04.00' />
  <meta name='ocr-capabilities' content='ocr_page ocr_carea ocr_par ocr_line ocrx_word'/>
</head>
<body>
  <div class='ocr_page' id='page_1' title='image "./joanniskepleria00frisgoog/joanniskepleria00frisgoog_0247.png"; bbox 0 0 3308 5534; ppageno 0'>
   <div class='ocr_carea' id='block_1_1' title="bbox 223 1817 1307 1894">
    <p class='ocr_par' dir='ltr' id='par_1_1' title="bbox 223 1817 1307 1894">
     <span class='ocr_line' id='line_1_1' title="bbox 223 1817 1307 1894; baseline 0 -19"><span class='ocrx_word' id='word_1_1' title='bbox 223 1852 228 1861; x_wconf 86' lang='lat'>·</span> <span class='ocrx_word' id='word_1_2' title='bbox 339 1819 384 1875; x_wconf 81' lang='lat' dir='ltr'>Ex</span> <span class='ocrx_word' id='word_1_3' title='bbox 401 1818 497 1879; x_wconf 80' lang='lat' dir='ltr'>sehole</span> <span class='ocrx_word' id='word_1_4' title='bbox 515 1819 634 1890; x_wconf 80' lang='lat' dir='ltr'>liepieri,</span> <span class='ocrx_word' id='word_1_5' title='bbox 652 1819 792 1877; x_wconf 75' lang='lat' dir='ltr'>habitatin</span> <span class='ocrx_word' id='word_1_6' title='bbox 809 1817 958 1894; x_wconf 77' lang='lat' dir='ltr'>Gymuaeio</span> <span class='ocrx_word' id='word_1_7' title='bbox 977 1819 1126 1875; x_wconf 75' lang='lat' dir='ltr'>enecent</span> <span class='ocrx_word' id='word_1_8' title='bbox 1143 1835 1168 1875; x_wconf 88' lang='lat' dir='ltr'>e.</span> <span class='ocrx_word' id='word_1_9' title='bbox 1186 1834 1212 1878; x_wconf 86' lang='lat' dir='ltr'>a.</span> <span class='ocrx_word' id='word_1_10' title='bbox 1231 1820 1307 1877; x_wconf 73' lang='lat' dir='ltr'>test.</span> 
     </span>
    </p>
   </div>
   <div class='ocr_carea' id='block_1_2' title="bbox 406 2029 1244 2119">
    <p class='ocr_par' dir='ltr' id='par_1_2' title="bbox 406 2029 1244 2119">
     <span class='ocr_line' id='line_1_2' title="bbox 406 2029 1244 2119; baseline -0.002 -2"><span class='ocrx_word' id='word_1_11' title='bbox 406 2030 560 2117; x_wconf 83' lang='lat' dir='ltr'>lairico</span> <span class='ocrx_word' id='word_1_12' title='bbox 588 2033 750 2117; x_wconf 79' lang='lat' dir='ltr'>tinentiae</span> <span class='ocrx_word' id='word_1_13' title='bbox 777 2032 1018 2119; x_wconf 76' lang='lat' dir='ltr'>occultiorum</span> <span class='ocrx_word' id='word_1_14' title='bbox 1046 2029 1244 2117; x_wconf 86' lang='lat' dir='ltr'>moillluut.</span> 
     </span>
    </p>
   </div>
   <div class='ocr_carea' id='block_1_3' title="bbox 145 2364 1504 4975">
    <p class='ocr_par' dir='ltr' id='par_1_3' title="bbox 145 2364 1504 2863">
     <span class='ocr_line' id='line_1_3' title="bbox 244 2364 1503 2445; baseline 0.002 -20"><span class='ocrx_word' id='word_1_15' title='bbox 244 2364 325 2425; x_wconf 75' lang='lat' dir='ltr'>Ante</span> <span class='ocrx_word' id='word_1_16' title='bbox 348 2368 447 2424; x_wconf 88' lang='lat' dir='ltr'>omnia</span> <span class='ocrx_word' id='word_1_17' title='bbox 470 2369 511 2425; x_wconf 85' lang='lat' dir='ltr'>sis</span> <span class='ocrx_word' id='word_1_18' title='bbox 536 2370 693 2427; x_wconf 85' lang='lat' dir='ltr'>instructus</span> <span class='ocrx_word' id='word_1_19' title='bbox 713 2367 797 2443; x_wconf 83' lang='lat' dir='ltr'>justa</span> <span class='ocrx_word' id='word_1_20' title='bbox 820 2368 922 2445; x_wconf 82' lang='lat' dir='ltr'>regrrla</span> <span class='ocrx_word' id='word_1_21' title='bbox 945 2376 973 2428; x_wconf 88' lang='lat' dir='ltr'>et</span> <span class='ocrx_word' id='word_1_22' title='bbox 990 2370 1106 2438; x_wconf 81' lang='lat' dir='ltr'>circino¹</span> <span class='ocrx_word' id='word_1_23' title='bbox 1132 2368 1198 2427; x_wconf 92' lang='lat' dir='ltr'>dein</span> <span class='ocrx_word' id='word_1_24' title='bbox 1222 2366 1338 2443; x_wconf 86' lang='lat' dir='ltr'>aequali</span> <span class='ocrx_word' id='word_1_25' title='bbox 1361 2375 1389 2427; x_wconf 91' lang='lat' dir='ltr'>et</span> <span class='ocrx_word' id='word_1_26' title='bbox 1412 2368 1503 2444; x_wconf 80' lang='lat' dir='ltr'>plens</span> 
     </span>
     <span class='ocr_line' id='line_1_4' title="bbox 145 2452 1504 2532; baseline 0.002 -21"><span class='ocrx_word' id='word_1_27' title='bbox 145 2452 242 2515; x_wconf 75' lang='lat' dir='ltr'>einis</span> <span class='ocrx_word' id='word_1_28' title='bbox 266 2454 469 2529; x_wconf 80' lang='lat' dir='ltr'>cujuscunque</span> <span class='ocrx_word' id='word_1_29' title='bbox 493 2457 642 2527; x_wconf 80' lang='lat' dir='ltr'>materiae,</span> <span class='ocrx_word' id='word_1_30' title='bbox 666 2456 754 2514; x_wconf 88' lang='lat' dir='ltr'>modo</span> <span class='ocrx_word' id='word_1_31' title='bbox 777 2458 948 2525; x_wconf 84' lang='lat' dir='ltr'>constantis,</span> <span class='ocrx_word' id='word_1_32' title='bbox 973 2472 1066 2530; x_wconf 89' lang='lat' dir='ltr'>eaque</span> <span class='ocrx_word' id='word_1_33' title='bbox 1089 2470 1200 2532; x_wconf 84' lang='lat' dir='ltr'>papyro</span> <span class='ocrx_word' id='word_1_34' title='bbox 1217 2455 1355 2516; x_wconf 86' lang='lat' dir='ltr'>obducta.</span> <span class='ocrx_word' id='word_1_35' title='bbox 1393 2456 1504 2531; x_wconf 89' lang='lat' dir='ltr'>Cujus-</span> 
     </span>
     <span class='ocr_line' id='line_1_5' title="bbox 146 2539 1499 2620; baseline 0.003 -23"><span class='ocrx_word' id='word_1_36' title='bbox 146 2539 218 2598; x_wconf 88' lang='lat' dir='ltr'>rnodi</span> <span class='ocrx_word' id='word_1_37' title='bbox 252 2540 375 2600; x_wconf 62' lang='lat' dir='ltr'>abulae</span> <span class='ocrx_word' id='word_1_38' title='bbox 405 2558 470 2599; x_wconf 90' lang='lat' dir='ltr'>eum</span> <span class='ocrx_word' id='word_1_39' title='bbox 503 2543 673 2618; x_wconf 89' lang='lat' dir='ltr'>plerumque</span> <span class='ocrx_word' id='word_1_40' title='bbox 704 2546 763 2602; x_wconf 89' lang='lat' dir='ltr'>sint</span> <span class='ocrx_word' id='word_1_41' title='bbox 786 2543 1008 2620; x_wconf 79' lang='lat' dir='ltr'><strong>quadrangulae</strong></span> <span class='ocrx_word' id='word_1_42' title='bbox 1032 2543 1193 2617; x_wconf 81' lang='lat' dir='ltr'>oblongae,</span> <span class='ocrx_word' id='word_1_43' title='bbox 1224 2548 1254 2599; x_wconf 89' lang='lat' dir='ltr'>tu</span> <span class='ocrx_word' id='word_1_44' title='bbox 1283 2542 1417 2616; x_wconf 70' lang='lat' dir='ltr'>longiore</span> <span class='ocrx_word' id='word_1_45' title='bbox 1440 2543 1499 2602; x_wconf 91' lang='lat' dir='ltr'>duo</span> 
     </span>
     <span class='ocr_line' id='line_1_6' title="bbox 146 2626 1501 2702; baseline 0.004 -18"><span class='ocrx_word' id='word_1_46' title='bbox 146 2627 233 2686; x_wconf 75' lang='lat' dir='ltr'>latere</span> <span class='ocrx_word' id='word_1_47' title='bbox 258 2626 392 2686; x_wconf 83' lang='lat' dir='ltr'>dextrum</span> <span class='ocrx_word' id='word_1_48' title='bbox 424 2637 452 2686; x_wconf 87' lang='lat' dir='ltr'>et</span> <span class='ocrx_word' id='word_1_49' title='bbox 481 2632 643 2702; x_wconf 86' lang='lat' dir='ltr'>sinistrum,</span> <span class='ocrx_word' id='word_1_50' title='bbox 677 2629 734 2689; x_wconf 92' lang='lat' dir='ltr'>duo</span> <span class='ocrx_word' id='word_1_51' title='bbox 766 2632 914 2691; x_wconf 84' lang='lat' dir='ltr'>brreviora</span> <span class='ocrx_word' id='word_1_52' title='bbox 944 2647 1088 2690; x_wconf 86' lang='lat' dir='ltr'>summum</span> <span class='ocrx_word' id='word_1_53' title='bbox 1119 2637 1148 2689; x_wconf 91' lang='lat' dir='ltr'>et</span> <span class='ocrx_word' id='word_1_54' title='bbox 1178 2628 1307 2687; x_wconf 84' lang='lat' dir='ltr'>infimum</span> <span class='ocrx_word' id='word_1_55' title='bbox 1335 2630 1439 2701; x_wconf 88' lang='lat' dir='ltr'>dieite,</span> <span class='ocrx_word' id='word_1_56' title='bbox 1471 2637 1501 2689; x_wconf 87' lang='lat' dir='ltr'>et</span> 
     </span>
     <span class='ocr_line' id='line_1_7' title="bbox 147 2714 1500 2794; baseline 0.005 -24"><span class='ocrx_word' id='word_1_57' title='bbox 147 2714 240 2783; x_wconf 83' lang='lat' dir='ltr'>titulo,</span> <span class='ocrx_word' id='word_1_58' title='bbox 272 2732 360 2791; x_wconf 86' lang='lat' dir='ltr'>quern</span> <span class='ocrx_word' id='word_1_59' title='bbox 383 2714 502 2774; x_wconf 86' lang='lat' dir='ltr'>tabulae</span> <span class='ocrx_word' id='word_1_60' title='bbox 525 2734 588 2774; x_wconf 85' lang='lat' dir='ltr'>esse</span> <span class='ocrx_word' id='word_1_61' title='bbox 612 2717 753 2789; x_wconf 83' lang='lat' dir='ltr'>volueris,</span> <span class='ocrx_word' id='word_1_62' title='bbox 776 2720 915 2794; x_wconf 77' lang='lat' dir='ltr'>inscripto</span> <span class='ocrx_word' id='word_1_63' title='bbox 938 2718 1071 2789; x_wconf 75' lang='lat' dir='ltr'><strong>cavebis,</strong></span> <span class='ocrx_word' id='word_1_64' title='bbox 1095 2734 1130 2777; x_wconf 90' lang='lat' dir='ltr'>ne</span> <span class='ocrx_word' id='word_1_65' title='bbox 1154 2718 1183 2774; x_wconf 93' lang='lat' dir='ltr'>in</span> <span class='ocrx_word' id='word_1_66' title='bbox 1205 2718 1396 2793; x_wconf 74' lang='lat' dir='ltr'>sequentibus</span> <span class='ocrx_word' id='word_1_67' title='bbox 1417 2735 1500 2777; x_wconf 85' lang='lat' dir='ltr'>eutu-</span> 
     </span>
     <span class='ocr_line' id='line_1_8' title="bbox 148 2801 626 2863; baseline 0.004 -3"><span class='ocrx_word' id='word_1_68' title='bbox 148 2820 218 2861; x_wconf 88' lang='lat' dir='ltr'>rnurn</span> <span class='ocrx_word' id='word_1_69' title='bbox 242 2819 311 2860; x_wconf 90' lang='lat' dir='ltr'>eum</span> <span class='ocrx_word' id='word_1_70' title='bbox 335 2801 434 2861; x_wconf 84' lang='lat' dir='ltr'>infimo</span> <span class='ocrx_word' id='word_1_71' title='bbox 457 2802 626 2863; x_wconf 77' lang='lat' dir='ltr'>confundas.</span> 
     </span>
    </p>

    <p class='ocr_par' dir='ltr' id='par_1_4' title="bbox 147 2887 1501 3578">
     <span class='ocr_line' id='line_1_9' title="bbox 244 2887 1501 2969; baseline 0.002 -22"><span class='ocrx_word' id='word_1_72' title='bbox 244 2887 317 2948; x_wconf 82' lang='lat' dir='ltr'>Jarn</span> <span class='ocrx_word' id='word_1_73' title='bbox 342 2906 360 2946; x_wconf 86' lang='lat' dir='ltr'>e</span> <span class='ocrx_word' id='word_1_74' title='bbox 383 2888 485 2949; x_wconf 82' lang='lat' dir='ltr'>dextro</span> <span class='ocrx_word' id='word_1_75' title='bbox 508 2891 545 2948; x_wconf 86' lang='lat' dir='ltr'>ad</span> <span class='ocrx_word' id='word_1_76' title='bbox 567 2893 717 2949; x_wconf 83' lang='lat' dir='ltr'>sinistram</span> <span class='ocrx_word' id='word_1_77' title='bbox 740 2891 847 2950; x_wconf 85' lang='lat' dir='ltr'>lineam</span> <span class='ocrx_word' id='word_1_78' title='bbox 869 2891 1111 2967; x_wconf 83' lang='lat' dir='ltr'>justameoeeam</span> <span class='ocrx_word' id='word_1_79' title='bbox 1129 2888 1238 2961; x_wconf 88' lang='lat' dir='ltr'>ducito,</span> <span class='ocrx_word' id='word_1_80' title='bbox 1262 2892 1304 2949; x_wconf 85' lang='lat' dir='ltr'>sic</span> <span class='ocrx_word' id='word_1_81' title='bbox 1328 2900 1360 2950; x_wconf 91' lang='lat' dir='ltr'>ut</span> <span class='ocrx_word' id='word_1_82' title='bbox 1382 2891 1431 2950; x_wconf 92' lang='lat' dir='ltr'>illa</span> <span class='ocrx_word' id='word_1_83' title='bbox 1448 2910 1501 2969; x_wconf 89' lang='lat' dir='ltr'>per</span> 
     </span>
     <span class='ocr_line' id='line_1_10' title="bbox 150 2974 1501 3055; baseline 0.005 -24"><span class='ocrx_word' id='word_1_84' title='bbox 150 2974 271 3033; x_wconf 86' lang='lat' dir='ltr'>medium</span> <span class='ocrx_word' id='word_1_85' title='bbox 295 2975 415 3035; x_wconf 84' lang='lat' dir='ltr'>tabulae</span> <span class='ocrx_word' id='word_1_86' title='bbox 438 2986 573 3035; x_wconf 81' lang='lat' dir='ltr'>transeat</span> <span class='ocrx_word' id='word_1_87' title='bbox 619 2976 707 3037; x_wconf 89' lang='lat' dir='ltr'>Hanc</span> <span class='ocrx_word' id='word_1_88' title='bbox 729 2986 923 3039; x_wconf 87' lang='lat' dir='ltr'>transversam</span> <span class='ocrx_word' id='word_1_89' title='bbox 951 2994 1071 3037; x_wconf 86' lang='lat' dir='ltr'>coecum</span> <span class='ocrx_word' id='word_1_90' title='bbox 1097 2979 1205 3037; x_wconf 87' lang='lat' dir='ltr'>lineam</span> <span class='ocrx_word' id='word_1_91' title='bbox 1229 2980 1257 3034; x_wconf 93' lang='lat' dir='ltr'>in</span> <span class='ocrx_word' id='word_1_92' title='bbox 1281 2979 1339 3037; x_wconf 80' lang='lat' dir='ltr'>dito</span> <span class='ocrx_word' id='word_1_93' title='bbox 1363 2980 1501 3055; x_wconf 86' lang='lat' dir='ltr'>aequalia</span> 
     </span>
     <span class='ocr_line' id='line_1_11' title="bbox 147 3062 1500 3141; baseline 0.004 -22"><span class='ocrx_word' id='word_1_94' title='bbox 147 3062 218 3136; x_wconf 84' lang='lat' dir='ltr'>juste</span> <span class='ocrx_word' id='word_1_95' title='bbox 243 3062 379 3120; x_wconf 88' lang='lat' dir='ltr'>diridito.</span> <span class='ocrx_word' id='word_1_96' title='bbox 426 3063 458 3121; x_wconf 89' lang='lat' dir='ltr'>ln</span> <span class='ocrx_word' id='word_1_97' title='bbox 482 3074 590 3140; x_wconf 89' lang='lat' dir='ltr'>puncto</span> <span class='ocrx_word' id='word_1_98' title='bbox 619 3065 772 3123; x_wconf 74' lang='lat' dir='ltr'>divisionis</span> <span class='ocrx_word' id='word_1_99' title='bbox 799 3067 910 3141; x_wconf 79' lang='lat' dir='ltr'>juratam</span> <span class='ocrx_word' id='word_1_100' title='bbox 939 3064 1209 3141; x_wconf 78' lang='lat' dir='ltr'>perpendicularem</span> <span class='ocrx_word' id='word_1_101' title='bbox 1240 3065 1416 3138; x_wconf 79' lang='lat' dir='ltr'>coloratam,</span> <span class='ocrx_word' id='word_1_102' title='bbox 1447 3066 1500 3125; x_wconf 89' lang='lat' dir='ltr'>sed</span> 
     </span>
     <span class='ocr_line' id='line_1_12' title="bbox 148 3148 1499 3229; baseline 0.004 -22"><span class='ocrx_word' id='word_1_103' title='bbox 148 3149 280 3208; x_wconf 78' lang='lat' dir='ltr'>subtilem</span> <span class='ocrx_word' id='word_1_104' title='bbox 303 3148 471 3220; x_wconf 85' lang='lat' dir='ltr'>admodum,</span> <span class='ocrx_word' id='word_1_105' title='bbox 495 3152 636 3211; x_wconf 83' lang='lat' dir='ltr'>beneflcio</span> <span class='ocrx_word' id='word_1_106' title='bbox 660 3155 757 3211; x_wconf 82' lang='lat' dir='ltr'>circini</span> <span class='ocrx_word' id='word_1_107' title='bbox 781 3156 895 3224; x_wconf 72' lang='lat' dir='ltr'>erigite.</span> <span class='ocrx_word' id='word_1_108' title='bbox 943 3153 1092 3211; x_wconf 84' lang='lat' dir='ltr'>Transibit</span> <span class='ocrx_word' id='word_1_109' title='bbox 1115 3155 1203 3227; x_wconf 76' lang='lat' dir='ltr'>igitur</span> <span class='ocrx_word' id='word_1_110' title='bbox 1226 3152 1276 3211; x_wconf 93' lang='lat' dir='ltr'>illa</span> <span class='ocrx_word' id='word_1_111' title='bbox 1300 3171 1350 3229; x_wconf 88' lang='lat' dir='ltr'>per</span> <span class='ocrx_word' id='word_1_112' title='bbox 1372 3154 1499 3213; x_wconf 89' lang='lat' dir='ltr'>medium</span> 
     </span>
     <span class='ocr_line' id='line_1_13' title="bbox 149 3236 1498 3315; baseline 0.004 -22"><span class='ocrx_word' id='word_1_113' title='bbox 149 3236 261 3296; x_wconf 77' lang='lat' dir='ltr'>tabulae</span> <span class='ocrx_word' id='word_1_114' title='bbox 283 3238 445 3296; x_wconf 82' lang='lat' dir='ltr'>seeundum</span> <span class='ocrx_word' id='word_1_115' title='bbox 469 3238 689 3315; x_wconf 79' lang='lat' dir='ltr'>longitudinem.</span> <span class='ocrx_word' id='word_1_116' title='bbox 723 3238 779 3299; x_wconf 87' lang='lat' dir='ltr'>Ubi</span> <span class='ocrx_word' id='word_1_117' title='bbox 802 3258 890 3300; x_wconf 88' lang='lat' dir='ltr'>coeca</span> <span class='ocrx_word' id='word_1_118' title='bbox 915 3248 944 3299; x_wconf 87' lang='lat' dir='ltr'>et</span> <span class='ocrx_word' id='word_1_119' title='bbox 966 3240 1098 3298; x_wconf 84' lang='lat' dir='ltr'>colorato</span> <span class='ocrx_word' id='word_1_120' title='bbox 1122 3241 1200 3299; x_wconf 85' lang='lat' dir='ltr'>linea</span> <span class='ocrx_word' id='word_1_121' title='bbox 1222 3258 1253 3298; x_wconf 88' lang='lat' dir='ltr'>se</span> <span class='ocrx_word' id='word_1_122' title='bbox 1270 3254 1371 3299; x_wconf 90' lang='lat' dir='ltr'>mutuo</span> <span class='ocrx_word' id='word_1_123' title='bbox 1387 3251 1498 3315; x_wconf 82' lang='lat' dir='ltr'>secant,</span> 
     </span>
     <span class='ocr_line' id='line_1_14' title="bbox 148 3324 1499 3405; baseline 0.007 -27"><span class='ocrx_word' id='word_1_124' title='bbox 148 3324 184 3381; x_wconf 78' lang='lat' dir='ltr'>iii</span> <span class='ocrx_word' id='word_1_125' title='bbox 203 3336 337 3383; x_wconf 77' lang='lat' dir='ltr'>centrum</span> <span class='ocrx_word' id='word_1_126' title='bbox 358 3329 488 3383; x_wconf 89' lang='lat' dir='ltr'>omnium</span> <span class='ocrx_word' id='word_1_127' title='bbox 511 3329 625 3386; x_wconf 85' lang='lat' dir='ltr'>orbium</span> <span class='ocrx_word' id='word_1_128' title='bbox 647 3328 787 3398; x_wconf 68' lang='lat' dir='ltr'>cogitato.</span> <span class='ocrx_word' id='word_1_129' title='bbox 835 3329 931 3403; x_wconf 81' lang='lat' dir='ltr'>Atque</span> <span class='ocrx_word' id='word_1_130' title='bbox 955 3327 1025 3386; x_wconf 89' lang='lat' dir='ltr'>hnic</span> <span class='ocrx_word' id='word_1_131' title='bbox 1047 3337 1156 3403; x_wconf 85' lang='lat' dir='ltr'>praneto</span> <span class='ocrx_word' id='word_1_132' title='bbox 1180 3330 1345 3386; x_wconf 89' lang='lat' dir='ltr'>memineris</span> <span class='ocrx_word' id='word_1_133' title='bbox 1367 3331 1499 3405; x_wconf 88' lang='lat' dir='ltr'>apprime</span> 
     </span>
     <span class='ocr_line' id='line_1_15' title="bbox 149 3414 1498 3491; baseline 0.004 -23"><span class='ocrx_word' id='word_1_134' title='bbox 149 3428 273 3485; x_wconf 79' lang='lat' dir='ltr'>parcere,</span> <span class='ocrx_word' id='word_1_135' title='bbox 307 3415 539 3487; x_wconf 74' lang='lat' dir='ltr'>quotiescunque</span> <span class='ocrx_word' id='word_1_136' title='bbox 570 3432 624 3472; x_wconf 90' lang='lat' dir='ltr'>uso</span> <span class='ocrx_word' id='word_1_137' title='bbox 655 3417 754 3472; x_wconf 81' lang='lat' dir='ltr'>ueniat</span> <span class='ocrx_word' id='word_1_138' title='bbox 783 3424 813 3471; x_wconf 89' lang='lat' dir='ltr'>ut</span> <span class='ocrx_word' id='word_1_139' title='bbox 837 3418 864 3473; x_wconf 92' lang='lat' dir='ltr'>ei</span> <span class='ocrx_word' id='word_1_140' title='bbox 896 3416 993 3473; x_wconf 89' lang='lat' dir='ltr'>circini</span> <span class='ocrx_word' id='word_1_141' title='bbox 1024 3415 1128 3491; x_wconf 89' lang='lat' dir='ltr'>pedem</span> <span class='ocrx_word' id='word_1_142' title='bbox 1157 3416 1316 3491; x_wconf 84' lang='lat' dir='ltr'>imprimas.</span> <span class='ocrx_word' id='word_1_143' title='bbox 1362 3414 1393 3474; x_wconf 84' lang='lat' dir='ltr'>st</span> <span class='ocrx_word' id='word_1_144' title='bbox 1422 3418 1498 3475; x_wconf 90' lang='lat' dir='ltr'>enim</span> 
     </span>
     <span class='ocr_line' id='line_1_16' title="bbox 151 3500 1172 3578; baseline 0.007 -25"><span class='ocrx_word' id='word_1_145' title='bbox 151 3502 227 3557; x_wconf 86' lang='lat' dir='ltr'>nimis</span> <span class='ocrx_word' id='word_1_146' title='bbox 250 3516 381 3573; x_wconf 79' lang='lat' dir='ltr'>crassum</span> <span class='ocrx_word' id='word_1_147' title='bbox 406 3500 572 3569; x_wconf 73' lang='lat' dir='ltr'>reddideris,</span> <span class='ocrx_word' id='word_1_148' title='bbox 597 3504 707 3560; x_wconf 86' lang='lat' dir='ltr'>ineerta</span> <span class='ocrx_word' id='word_1_149' title='bbox 732 3503 784 3559; x_wconf 87' lang='lat' dir='ltr'>erlt</span> <span class='ocrx_word' id='word_1_150' title='bbox 807 3504 901 3560; x_wconf 89' lang='lat' dir='ltr'>onmis</span> <span class='ocrx_word' id='word_1_151' title='bbox 925 3503 1021 3560; x_wconf 84' lang='lat' dir='ltr'>lutura</span> <span class='ocrx_word' id='word_1_152' title='bbox 1044 3504 1172 3578; x_wconf 85' lang='lat' dir='ltr'>partitio.</span> 
     </span>
    </p>

    <p class='ocr_par' dir='ltr' id='par_1_5' title="bbox 153 3586 1499 4357">
     <span class='ocr_line' id='line_1_17' title="bbox 247 3586 1499 3666; baseline 0.003 -22"><span class='ocrx_word' id='word_1_153' title='bbox 247 3586 368 3644; x_wconf 83' lang='lat' dir='ltr'>Lineatn</span> <span class='ocrx_word' id='word_1_154' title='bbox 393 3588 481 3655; x_wconf 63' lang='lat' dir='ltr'>igitur</span> <span class='ocrx_word' id='word_1_155' title='bbox 503 3605 620 3646; x_wconf 87' lang='lat' dir='ltr'>eoecam</span> <span class='ocrx_word' id='word_1_156' title='bbox 644 3607 661 3646; x_wconf 88' lang='lat' dir='ltr'>a</span> <span class='ocrx_word' id='word_1_157' title='bbox 685 3598 783 3646; x_wconf 88' lang='lat' dir='ltr'>centro</span> <span class='ocrx_word' id='word_1_158' title='bbox 807 3607 899 3665; x_wconf 88' lang='lat' dir='ltr'>usqne</span> <span class='ocrx_word' id='word_1_159' title='bbox 922 3588 960 3646; x_wconf 90' lang='lat' dir='ltr'>ad</span> <span class='ocrx_word' id='word_1_160' title='bbox 983 3588 1060 3647; x_wconf 87' lang='lat' dir='ltr'>latns</span> <span class='ocrx_word' id='word_1_161' title='bbox 1086 3589 1130 3648; x_wconf 87' lang='lat' dir='ltr'>vel</span> <span class='ocrx_word' id='word_1_162' title='bbox 1162 3590 1221 3649; x_wconf 88' lang='lat' dir='ltr'>lere</span> <span class='ocrx_word' id='word_1_163' title='bbox 1244 3608 1337 3666; x_wconf 83' lang='lat' dir='ltr'>usque</span> <span class='ocrx_word' id='word_1_164' title='bbox 1360 3588 1398 3649; x_wconf 88' lang='lat' dir='ltr'>ed</span> <span class='ocrx_word' id='word_1_165' title='bbox 1421 3589 1499 3649; x_wconf 86' lang='lat' dir='ltr'>lotos</span> 
     </span>
     <span class='ocr_line' id='line_1_18' title="bbox 153 3670 1498 3759; baseline 0 -26"><span class='ocrx_word' id='word_1_166' title='bbox 153 3674 296 3746; x_wconf 85' lang='lat' dir='ltr'>t&#39;pnnennn</span> <span class='ocrx_word' id='word_1_167' title='bbox 320 3684 419 3732; x_wconf 76' lang='lat' dir='ltr'>atatem</span> <span class='ocrx_word' id='word_1_168' title='bbox 444 3675 541 3744; x_wconf 85' lang='lat' dir='ltr'>iacies,</span> <span class='ocrx_word' id='word_1_169' title='bbox 566 3677 615 3733; x_wconf 91' lang='lat' dir='ltr'>nbi</span> <span class='ocrx_word' id='word_1_170' title='bbox 639 3674 719 3733; x_wconf 89' lang='lat' dir='ltr'>illam</span> <span class='ocrx_word' id='word_1_171' title='bbox 744 3679 897 3735; x_wconf 87' lang='lat' dir='ltr'>terminare</span> <span class='ocrx_word' id='word_1_172' title='bbox 914 3670 1079 3759; x_wconf 79' lang='lat' dir='ltr'>placuerit),</span> <span class='ocrx_word' id='word_1_173' title='bbox 1104 3694 1168 3735; x_wconf 92' lang='lat' dir='ltr'>eum</span> <span class='ocrx_word' id='word_1_174' title='bbox 1188 3678 1270 3753; x_wconf 88' lang='lat' dir='ltr'>justo</span> <span class='ocrx_word' id='word_1_175' title='bbox 1288 3690 1316 3736; x_wconf 90' lang='lat' dir='ltr'>et</span> <span class='ocrx_word' id='word_1_176' title='bbox 1331 3687 1417 3735; x_wconf 88' lang='lat' dir='ltr'>acuto</span> <span class='ocrx_word' id='word_1_177' title='bbox 1441 3679 1498 3734; x_wconf 87' lang='lat' dir='ltr'>eir·</span> 
     </span>
     <span class='ocr_line' id='line_1_19' title="bbox 153 3760 1499 3838; baseline 0.002 -21"><span class='ocrx_word' id='word_1_178' title='bbox 153 3761 210 3817; x_wconf 87' lang='lat' dir='ltr'>culo</span> <span class='ocrx_word' id='word_1_179' title='bbox 232 3760 348 3820; x_wconf 78' lang='lat' dir='ltr'>divides</span> <span class='ocrx_word' id='word_1_180' title='bbox 371 3765 401 3819; x_wconf 91' lang='lat' dir='ltr'>in</span> <span class='ocrx_word' id='word_1_181' title='bbox 428 3764 662 3838; x_wconf 68' lang='lat' dir='ltr'>impartientes</span> <span class='ocrx_word' id='word_1_182' title='bbox 684 3762 833 3837; x_wconf 73' lang='lat' dir='ltr'>aequales.</span> <span class='ocrx_word' id='word_1_183' title='bbox 865 3762 950 3837; x_wconf 86' lang='lat' dir='ltr'>Quod</span> <span class='ocrx_word' id='word_1_184' title='bbox 973 3772 1006 3822; x_wconf 86' lang='lat' dir='ltr'>ut</span> <span class='ocrx_word' id='word_1_185' title='bbox 1027 3772 1109 3821; x_wconf 86' lang='lat' dir='ltr'>tanto</span> <span class='ocrx_word' id='word_1_186' title='bbox 1127 3766 1307 3822; x_wconf 88' lang='lat' dir='ltr'>commodius</span> <span class='ocrx_word' id='word_1_187' title='bbox 1322 3764 1382 3833; x_wconf 84' lang='lat' dir='ltr'>fiat,</span> <span class='ocrx_word' id='word_1_188' title='bbox 1399 3762 1499 3820; x_wconf 84' lang='lat' dir='ltr'>divide</span> 
     </span>
     <span class='ocr_line' id='line_1_20' title="bbox 155 3849 1495 3926; baseline 0.002 -25"><span class='ocrx_word' id='word_1_189' title='bbox 155 3849 267 3919; x_wconf 88' lang='lat' dir='ltr'>primum</span> <span class='ocrx_word' id='word_1_190' title='bbox 297 3858 389 3907; x_wconf 87' lang='lat' dir='ltr'>totam</span> <span class='ocrx_word' id='word_1_191' title='bbox 420 3849 500 3907; x_wconf 88' lang='lat' dir='ltr'>illam</span> <span class='ocrx_word' id='word_1_192' title='bbox 521 3866 541 3907; x_wconf 79' lang='lat' dir='ltr'>a</span> <span class='ocrx_word' id='word_1_193' title='bbox 563 3862 662 3909; x_wconf 89' lang='lat' dir='ltr'>centro</span> <span class='ocrx_word' id='word_1_194' title='bbox 691 3866 784 3924; x_wconf 90' lang='lat' dir='ltr'>nsque</span> <span class='ocrx_word' id='word_1_195' title='bbox 814 3850 851 3909; x_wconf 85' lang='lat' dir='ltr'>ad</span> <span class='ocrx_word' id='word_1_196' title='bbox 882 3851 946 3925; x_wconf 88' lang='lat' dir='ltr'>ejus</span> <span class='ocrx_word' id='word_1_197' title='bbox 975 3853 1129 3910; x_wconf 86' lang='lat' dir='ltr'>terminum</span> <span class='ocrx_word' id='word_1_198' title='bbox 1158 3853 1186 3907; x_wconf 91' lang='lat' dir='ltr'>in</span> <span class='ocrx_word' id='word_1_199' title='bbox 1212 3858 1230 3910; x_wconf 83' lang='lat'>5</span> <span class='ocrx_word' id='word_1_200' title='bbox 1253 3852 1296 3926; x_wconf 89' lang='lat' dir='ltr'>(et</span> <span class='ocrx_word' id='word_1_201' title='bbox 1318 3860 1405 3909; x_wconf 83' lang='lat' dir='ltr'>uota:</span> <span class='ocrx_word' id='word_1_202' title='bbox 1438 3866 1495 3905; x_wconf 90' lang='lat' dir='ltr'>non</span> 
     </span>
     <span class='ocr_line' id='line_1_21' title="bbox 155 3932 1497 4012; baseline 0.003 -23"><span class='ocrx_word' id='word_1_203' title='bbox 155 3932 210 3993; x_wconf 92' lang='lat' dir='ltr'>dieo</span> <span class='ocrx_word' id='word_1_204' title='bbox 231 3944 260 3993; x_wconf 89' lang='lat' dir='ltr'>te</span> <span class='ocrx_word' id='word_1_205' title='bbox 283 3934 390 3995; x_wconf 73' lang='lat' dir='ltr'>deicere</span> <span class='ocrx_word' id='word_1_206' title='bbox 415 3940 433 3997; x_wconf 79' lang='grc' dir='ltr'><strong>ὁ</strong></span> <span class='ocrx_word' id='word_1_207' title='bbox 457 3954 535 3995; x_wconf 85' lang='lat' dir='ltr'>nova</span> <span class='ocrx_word' id='word_1_208' title='bbox 558 3946 665 4012; x_wconf 87' lang='lat' dir='ltr'>puncta</span> <span class='ocrx_word' id='word_1_209' title='bbox 688 3953 811 4012; x_wconf 78' lang='lat' dir='ltr'>ponere3</span> <span class='ocrx_word' id='word_1_210' title='bbox 835 3940 877 3997; x_wconf 89' lang='lat' dir='ltr'>sic</span> <span class='ocrx_word' id='word_1_211' title='bbox 900 3940 976 3995; x_wconf 91' lang='lat' dir='ltr'>enim</span> <span class='ocrx_word' id='word_1_212' title='bbox 1001 3936 1129 3996; x_wconf 83' lang='lat' dir='ltr'>efficeres</span> <span class='ocrx_word' id='word_1_213' title='bbox 1152 3954 1208 3995; x_wconf 87' lang='lat' dir='ltr'>non</span> <span class='ocrx_word' id='word_1_214' title='bbox 1234 3942 1251 3995; x_wconf 81' lang='lat'>5</span> <span class='ocrx_word' id='word_1_215' title='bbox 1275 3937 1326 3996; x_wconf 89' lang='lat' dir='ltr'>sed</span> <span class='ocrx_word' id='word_1_216' title='bbox 1343 3943 1359 3995; x_wconf 89' lang='lat'><strong>6</strong></span> <span class='ocrx_word' id='word_1_217' title='bbox 1377 3935 1497 4012; x_wconf 81' lang='lat' dir='ltr'>partes).</span> 
     </span>
     <span class='ocr_line' id='line_1_22' title="bbox 156 4018 1498 4099; baseline 0.004 -24"><span class='ocrx_word' id='word_1_218' title='bbox 156 4018 257 4080; x_wconf 83' lang='lat' dir='ltr'>Deinde</span> <span class='ocrx_word' id='word_1_219' title='bbox 287 4021 390 4081; x_wconf 85' lang='lat' dir='ltr'>harrrm</span> <span class='ocrx_word' id='word_1_220' title='bbox 417 4028 434 4083; x_wconf 83' lang='lat'><strong>5</strong></span> <span class='ocrx_word' id='word_1_221' title='bbox 459 4025 666 4097; x_wconf 87' lang='lat' dir='ltr'>particularum</span> <span class='ocrx_word' id='word_1_222' title='bbox 690 4024 851 4099; x_wconf 87' lang='lat' dir='ltr'>quamlibet</span> <span class='ocrx_word' id='word_1_223' title='bbox 881 4042 992 4082; x_wconf 76' lang='lat' dir='ltr'>tumtum</span> <span class='ocrx_word' id='word_1_224' title='bbox 1016 4026 1045 4081; x_wconf 89' lang='lat' dir='ltr'>in</span> <span class='ocrx_word' id='word_1_225' title='bbox 1071 4031 1105 4093; x_wconf 81' lang='lat'>5,</span> <span class='ocrx_word' id='word_1_226' title='bbox 1140 4034 1171 4084; x_wconf 91' lang='lat' dir='ltr'>ut</span> <span class='ocrx_word' id='word_1_227' title='bbox 1199 4023 1270 4081; x_wconf 84' lang='lat' dir='ltr'>fiant</span> <span class='ocrx_word' id='word_1_228' title='bbox 1294 4027 1333 4082; x_wconf 77' lang='lat'>25</span> <span class='ocrx_word' id='word_1_229' title='bbox 1357 4019 1498 4099; x_wconf 79' lang='lat' dir='ltr'>aequales</span> 
     </span>
     <span class='ocr_line' id='line_1_23' title="bbox 157 4110 1497 4187; baseline 0.005 -24"><span class='ocrx_word' id='word_1_230' title='bbox 157 4110 313 4180; x_wconf 75' lang='lat' dir='ltr'>particulae.</span> <span class='ocrx_word' id='word_1_231' title='bbox 337 4129 461 4185; x_wconf 85' lang='lat' dir='ltr'>qtrarum</span> <span class='ocrx_word' id='word_1_232' title='bbox 485 4111 616 4187; x_wconf 82' lang='lat' dir='ltr'>singulas</span> <span class='ocrx_word' id='word_1_233' title='bbox 643 4114 670 4167; x_wconf 91' lang='lat' dir='ltr'>in</span> <span class='ocrx_word' id='word_1_234' title='bbox 696 4118 714 4171; x_wconf 79' lang='lat'>2</span> <span class='ocrx_word' id='word_1_235' title='bbox 738 4110 868 4183; x_wconf 84' lang='lat' dir='ltr'>divides,</span> <span class='ocrx_word' id='word_1_236' title='bbox 899 4120 931 4170; x_wconf 92' lang='lat' dir='ltr'>ut</span> <span class='ocrx_word' id='word_1_237' title='bbox 959 4111 1070 4169; x_wconf 88' lang='lat' dir='ltr'>habeas</span> <span class='ocrx_word' id='word_1_238' title='bbox 1094 4118 1149 4183; x_wconf 84' lang='grc'>00,</span> <span class='ocrx_word' id='word_1_239' title='bbox 1179 4120 1208 4168; x_wconf 88' lang='lat' dir='ltr'>et</span> <span class='ocrx_word' id='word_1_240' title='bbox 1238 4110 1339 4168; x_wconf 79' lang='lat' dir='ltr'>laurum</span> <span class='ocrx_word' id='word_1_241' title='bbox 1371 4110 1497 4184; x_wconf 87' lang='lat' dir='ltr'>denique</span> 
     </span>
     <span class='ocr_line' id='line_1_24' title="bbox 156 4195 1497 4273; baseline 0.004 -25"><span class='ocrx_word' id='word_1_242' title='bbox 156 4195 273 4271; x_wconf 79' lang='lat' dir='ltr'>singulas</span> <span class='ocrx_word' id='word_1_243' title='bbox 296 4199 324 4253; x_wconf 90' lang='lat' dir='ltr'>in</span> <span class='ocrx_word' id='word_1_244' title='bbox 350 4205 367 4255; x_wconf 72' lang='lat'>2</span> <span class='ocrx_word' id='word_1_245' title='bbox 392 4196 527 4256; x_wconf 85' lang='lat' dir='ltr'>dividens</span> <span class='ocrx_word' id='word_1_246' title='bbox 550 4198 673 4257; x_wconf 79' lang='lat' dir='ltr'>habebis</span> <span class='ocrx_word' id='word_1_247' title='bbox 700 4204 769 4257; x_wconf 88' lang='lat'>100.</span> <span class='ocrx_word' id='word_1_248' title='bbox 812 4196 969 4257; x_wconf 77' lang='lat' dir='ltr'>Adscribes</span> <span class='ocrx_word' id='word_1_249' title='bbox 993 4210 1093 4259; x_wconf 86' lang='lat' dir='ltr'>antem</span> <span class='ocrx_word' id='word_1_250' title='bbox 1122 4199 1252 4259; x_wconf 86' lang='lat' dir='ltr'>decimae</span> <span class='ocrx_word' id='word_1_251' title='bbox 1276 4200 1379 4273; x_wconf 86' lang='lat' dir='ltr'>eoique</span> <span class='ocrx_word' id='word_1_252' title='bbox 1402 4198 1497 4273; x_wconf 86' lang='lat' dir='ltr'>parti-</span> 
     </span>
     <span class='ocr_line' id='line_1_25' title="bbox 160 4283 982 4357; baseline 0.01 -19"><span class='ocrx_word' id='word_1_253' title='bbox 160 4283 229 4342; x_wconf 86' lang='lat' dir='ltr'>eulae</span> <span class='ocrx_word' id='word_1_254' title='bbox 252 4302 337 4342; x_wconf 80' lang='lat' dir='ltr'>surina</span> <span class='ocrx_word' id='word_1_255' title='bbox 361 4302 513 4343; x_wconf 87' lang='lat' dir='ltr'>numerum</span> <span class='ocrx_word' id='word_1_256' title='bbox 536 4303 665 4357; x_wconf 89' lang='lat' dir='ltr'>coecum,</span> <span class='ocrx_word' id='word_1_257' title='bbox 689 4304 706 4343; x_wconf 90' lang='lat' dir='ltr'>a</span> <span class='ocrx_word' id='word_1_258' title='bbox 730 4296 829 4344; x_wconf 85' lang='lat' dir='ltr'>centro</span> <span class='ocrx_word' id='word_1_259' title='bbox 852 4302 982 4347; x_wconf 81' lang='lat' dir='ltr'>exorsus.</span> 
     </span>
    </p>

    <p class='ocr_par' dir='ltr' id='par_1_6' title="bbox 161 4368 1497 4975">
     <span class='ocr_line' id='line_1_26' title="bbox 246 4368 1497 4448; baseline 0 -19"><span class='ocrx_word' id='word_1_260' title='bbox 246 4368 315 4429; x_wconf 83' lang='lat' dir='ltr'>Jam</span> <span class='ocrx_word' id='word_1_261' title='bbox 330 4370 370 4429; x_wconf 89' lang='lat' dir='ltr'>ad</span> <span class='ocrx_word' id='word_1_262' title='bbox 387 4369 517 4429; x_wconf 84' lang='lat' dir='ltr'>tabularu</span> <span class='ocrx_word' id='word_1_263' title='bbox 534 4371 739 4447; x_wconf 87' lang='lat' dir='ltr'>perficiendam</span> <span class='ocrx_word' id='word_1_264' title='bbox 762 4390 837 4448; x_wconf 85' lang='lat' dir='ltr'>opus</span> <span class='ocrx_word' id='word_1_265' title='bbox 860 4373 912 4430; x_wconf 88' lang='lat' dir='ltr'>tibi</span> <span class='ocrx_word' id='word_1_266' title='bbox 936 4376 991 4431; x_wconf 90' lang='lat' dir='ltr'>erit</span> <span class='ocrx_word' id='word_1_267' title='bbox 1013 4375 1133 4431; x_wconf 75' lang='lat' dir='ltr'>seorsim</span> <span class='ocrx_word' id='word_1_268' title='bbox 1156 4371 1256 4448; x_wconf 83' lang='lat' dir='ltr'>eliqua</span> <span class='ocrx_word' id='word_1_269' title='bbox 1280 4368 1384 4444; x_wconf 85' lang='lat' dir='ltr'>rotula,</span> <span class='ocrx_word' id='word_1_270' title='bbox 1409 4388 1497 4447; x_wconf 86' lang='lat' dir='ltr'>quam</span> 
     </span>
     <span class='ocr_line' id='line_1_27' title="bbox 162 4457 1496 4535; baseline 0.003 -24"><span class='ocrx_word' id='word_1_271' title='bbox 162 4471 190 4511; x_wconf 82' lang='lat' dir='ltr'>ex</span> <span class='ocrx_word' id='word_1_272' title='bbox 208 4474 297 4516; x_wconf 80' lang='lat' dir='ltr'>senes</span> <span class='ocrx_word' id='word_1_273' title='bbox 321 4458 431 4517; x_wconf 84' lang='lat' dir='ltr'>lamina</span> <span class='ocrx_word' id='word_1_274' title='bbox 454 4457 514 4517; x_wconf 87' lang='lat' dir='ltr'>fieri</span> <span class='ocrx_word' id='word_1_275' title='bbox 538 4462 680 4535; x_wconf 89' lang='lat' dir='ltr'>optimum</span> <span class='ocrx_word' id='word_1_276' title='bbox 704 4470 756 4519; x_wconf 86' lang='lat' dir='ltr'>est.</span> <span class='ocrx_word' id='word_1_277' title='bbox 802 4458 885 4533; x_wconf 86' lang='lat' dir='ltr'>Quae</span> <span class='ocrx_word' id='word_1_278' title='bbox 908 4462 1030 4519; x_wconf 84' lang='lat' dir='ltr'>materia</span> <span class='ocrx_word' id='word_1_279' title='bbox 1052 4461 1076 4516; x_wconf 86' lang='lat' dir='ltr'>si</span> <span class='ocrx_word' id='word_1_280' title='bbox 1100 4458 1201 4517; x_wconf 87' lang='lat' dir='ltr'>haberi</span> <span class='ocrx_word' id='word_1_281' title='bbox 1224 4476 1281 4517; x_wconf 91' lang='lat' dir='ltr'>non</span> <span class='ocrx_word' id='word_1_282' title='bbox 1304 4466 1416 4533; x_wconf 88' lang='lat' dir='ltr'>potest,</span> <span class='ocrx_word' id='word_1_283' title='bbox 1444 4474 1496 4515; x_wconf 88' lang='lat' dir='ltr'>su-</span> 
     </span>
     <span class='ocr_line' id='line_1_28' title="bbox 161 4543 1497 4622; baseline 0.004 -25"><span class='ocrx_word' id='word_1_284' title='bbox 161 4551 241 4601; x_wconf 88' lang='lat' dir='ltr'>natur</span> <span class='ocrx_word' id='word_1_285' title='bbox 263 4564 393 4622; x_wconf 83' lang='lat' dir='ltr'>papyrus</span> <span class='ocrx_word' id='word_1_286' title='bbox 418 4546 551 4622; x_wconf 87' lang='lat' dir='ltr'>utrinqne</span> <span class='ocrx_word' id='word_1_287' title='bbox 574 4545 714 4619; x_wconf 81' lang='lat' dir='ltr'>mundns,</span> <span class='ocrx_word' id='word_1_288' title='bbox 740 4546 832 4605; x_wconf 84' lang='lat' dir='ltr'>tribue</span> <span class='ocrx_word' id='word_1_289' title='bbox 862 4557 912 4605; x_wconf 88' lang='lat' dir='ltr'>aut</span> <span class='ocrx_word' id='word_1_290' title='bbox 935 4564 1078 4606; x_wconf 82' lang='lat' dir='ltr'>strnunum</span> <span class='ocrx_word' id='word_1_291' title='bbox 1103 4556 1227 4620; x_wconf 87' lang='lat' dir='ltr'>quatuor</span> <span class='ocrx_word' id='word_1_292' title='bbox 1248 4543 1326 4603; x_wconf 81' lang='lat' dir='ltr'>loliis</span> <span class='ocrx_word' id='word_1_293' title='bbox 1349 4544 1497 4613; x_wconf 77' lang='lat' dir='ltr'>congluti-</span> 
     </span>
     <span class='ocr_line' id='line_1_29' title="bbox 164 4630 1497 4711; baseline 0.005 -29"><span class='ocrx_word' id='word_1_294' title='bbox 164 4642 244 4699; x_wconf 78' lang='lat' dir='ltr'>natus,</span> <span class='ocrx_word' id='word_1_295' title='bbox 267 4634 349 4711; x_wconf 90' lang='lat' dir='ltr'>eujus</span> <span class='ocrx_word' id='word_1_296' title='bbox 372 4631 499 4693; x_wconf 84' lang='lat' dir='ltr'>latitudo</span> <span class='ocrx_word' id='word_1_297' title='bbox 522 4634 561 4693; x_wconf 90' lang='lat' dir='ltr'>sit</span> <span class='ocrx_word' id='word_1_298' title='bbox 585 4634 643 4693; x_wconf 84' lang='lat' dir='ltr'>lete</span> <span class='ocrx_word' id='word_1_299' title='bbox 667 4644 698 4691; x_wconf 91' lang='lat' dir='ltr'>ut</span> <span class='ocrx_word' id='word_1_300' title='bbox 722 4633 772 4692; x_wconf 87' lang='lat' dir='ltr'>illu</span> <span class='ocrx_word' id='word_1_301' title='bbox 793 4632 880 4707; x_wconf 83' lang='lat' dir='ltr'>linea,</span> <span class='ocrx_word' id='word_1_302' title='bbox 904 4635 932 4707; x_wconf 84' lang='lat' dir='ltr'>iq</span> <span class='ocrx_word' id='word_1_303' title='bbox 959 4640 1019 4693; x_wconf 91' lang='lat'>100</span> <span class='ocrx_word' id='word_1_304' title='bbox 1043 4645 1139 4708; x_wconf 89' lang='lat' dir='ltr'>partes</span> <span class='ocrx_word' id='word_1_305' title='bbox 1164 4632 1267 4693; x_wconf 84' lang='lat' dir='ltr'>divisa.</span> <span class='ocrx_word' id='word_1_306' title='bbox 1313 4631 1346 4689; x_wconf 94' lang='lat' dir='ltr'>In</span> <span class='ocrx_word' id='word_1_307' title='bbox 1370 4630 1426 4690; x_wconf 88' lang='lat' dir='ltr'>hac</span> <span class='ocrx_word' id='word_1_308' title='bbox 1449 4638 1497 4689; x_wconf 85' lang='lat' dir='ltr'>ta-</span> 
     </span>
     <span class='ocr_line' id='line_1_30' title="bbox 165 4712 1497 4803; baseline 0.003 -33"><span class='ocrx_word' id='word_1_309' title='bbox 165 4712 230 4775; x_wconf 83' lang='lat' dir='ltr'>bella</span> <span class='ocrx_word' id='word_1_310' title='bbox 250 4719 336 4779; x_wconf 88' lang='lat' dir='ltr'>duces</span> <span class='ocrx_word' id='word_1_311' title='bbox 362 4726 379 4780; x_wconf 81' lang='lat'>3</span> <span class='ocrx_word' id='word_1_312' title='bbox 404 4720 498 4780; x_wconf 90' lang='lat' dir='ltr'>lineas</span> <span class='ocrx_word' id='word_1_313' title='bbox 522 4720 693 4792; x_wconf 84' lang='lat' dir='ltr'>circulares,</span> <span class='ocrx_word' id='word_1_314' title='bbox 718 4720 833 4797; x_wconf 87' lang='lat' dir='ltr'>aequali</span> <span class='ocrx_word' id='word_1_315' title='bbox 857 4721 1012 4779; x_wconf 87' lang='lat' dir='ltr'>intervallo</span> <span class='ocrx_word' id='word_1_316' title='bbox 1033 4729 1171 4789; x_wconf 74' lang='lat' dir='ltr'>remotae¹</span> <span class='ocrx_word' id='word_1_317' title='bbox 1203 4737 1243 4777; x_wconf 85' lang='lat' dir='ltr'>se.</span> <span class='ocrx_word' id='word_1_318' title='bbox 1267 4736 1331 4777; x_wconf 91' lang='lat' dir='ltr'>cum</span> <span class='ocrx_word' id='word_1_319' title='bbox 1356 4716 1497 4803; x_wconf 83' lang='lat' dir='ltr'>amplitu-</span> 
     </span>
     <span class='ocr_line' id='line_1_31' title="bbox 167 4798 1496 4883; baseline 0.004 -28"><span class='ocrx_word' id='word_1_320' title='bbox 167 4798 219 4861; x_wconf 90' lang='lat' dir='ltr'>dine</span> <span class='ocrx_word' id='word_1_321' title='bbox 240 4812 293 4879; x_wconf 79' lang='lat'>36,</span> <span class='ocrx_word' id='word_1_322' title='bbox 317 4812 375 4879; x_wconf 80' lang='lat'>38,</span> <span class='ocrx_word' id='word_1_323' title='bbox 401 4812 441 4867; x_wconf 78' lang='lat'>40</span> <span class='ocrx_word' id='word_1_324' title='bbox 464 4809 600 4883; x_wconf 82' lang='lat' dir='ltr'>pertitam.</span> <span class='ocrx_word' id='word_1_325' title='bbox 647 4806 758 4867; x_wconf 89' lang='lat' dir='ltr'>Harum</span> <span class='ocrx_word' id='word_1_326' title='bbox 781 4806 905 4867; x_wconf 87' lang='lat' dir='ltr'>medinm</span> <span class='ocrx_word' id='word_1_327' title='bbox 929 4812 1040 4882; x_wconf 72' lang='lat' dir='ltr'>nigram</span> <span class='ocrx_word' id='word_1_328' title='bbox 1064 4804 1176 4865; x_wconf 87' lang='lat' dir='ltr'>divides</span> <span class='ocrx_word' id='word_1_329' title='bbox 1205 4822 1269 4864; x_wconf 86' lang='lat' dir='ltr'>curn</span> <span class='ocrx_word' id='word_1_330' title='bbox 1294 4807 1414 4863; x_wconf 88' lang='lat' dir='ltr'>immoto</span> <span class='ocrx_word' id='word_1_331' title='bbox 1437 4806 1496 4864; x_wconf 87' lang='lat' dir='ltr'>cir·</span> 
     </span>
     <span class='ocr_line' id='line_1_32' title="bbox 167 4888 1496 4975; baseline 0.002 -26"><span class='ocrx_word' id='word_1_332' title='bbox 167 4888 292 4955; x_wconf 81' lang='lat' dir='ltr'>tiresiae</span> <span class='ocrx_word' id='word_1_333' title='bbox 314 4896 437 4972; x_wconf 81' lang='lat' dir='ltr'>negotio</span> <span class='ocrx_word' id='word_1_334' title='bbox 460 4896 488 4955; x_wconf 92' lang='lat' dir='ltr'>io</span> <span class='ocrx_word' id='word_1_335' title='bbox 511 4902 609 4975; x_wconf 84' lang='lat' dir='ltr'>partes</span> <span class='ocrx_word' id='word_1_336' title='bbox 633 4900 662 4959; x_wconf 84' lang='lat'>6.</span> <span class='ocrx_word' id='word_1_337' title='bbox 699 4894 812 4955; x_wconf 81' lang='lat' dir='ltr'>Harum</span> <span class='ocrx_word' id='word_1_338' title='bbox 835 4896 961 4971; x_wconf 86' lang='lat' dir='ltr'>partium</span> <span class='ocrx_word' id='word_1_339' title='bbox 984 4892 1213 4955; x_wconf 75' lang='lat' dir='ltr'>extremitatibus</span> <span class='ocrx_word' id='word_1_340' title='bbox 1236 4894 1331 4971; x_wconf 89' lang='lat' dir='ltr'>incipe</span> <span class='ocrx_word' id='word_1_341' title='bbox 1354 4909 1372 4952; x_wconf 84' lang='lat' dir='ltr'>e</span> <span class='ocrx_word' id='word_1_342' title='bbox 1395 4890 1496 4953; x_wconf 82' lang='lat' dir='ltr'>dextre</span> 
     </span>
    </p>
   </div>
   <div class='ocr_carea' id='block_1_4' title="bbox 0 0 1666 5534">
    <p class='ocr_par' dir='ltr' id='par_1_7' title="bbox 0 0 1666 5534">
     <span class='ocr_line' id='line_1_33' title="bbox 0 0 1666 5534; baseline 0 0"><span class='ocrx_word' id='word_1_343' title='bbox 0 0 1666 5534; x_wconf 95' lang='lat' dir='ltr'> </span> 
     </span>
    </p>
   </div>
  </div>
 </body>
</html>
