3308 5534
147 390 214 484 ¹900
660 390 994 478 viutommuepten.

150 587 281 659 quissima
299 600 342 642 me
367 585 446 653 sequi
468 583 603 652 m'alleque
621 597 682 640 cum
699 580 1005 653 primitivae'eocleaiac
1023 577 1181 634 doctoribus
1199 593 1312 649 errare,
1332 594 1415 648 quan
1431 595 1501 634 nore

149 681 241 733 torum
259 673 404 729 obscuram
424 671 591 740 diligentiam
609 670 717 728 imitari.
754 671 807 726 Sed
825 677 894 740 puto
913 674 941 722 et
959 666 1073 721 firmiter
1090 678 1259 736 persuasum
1276 665 1347 720 mihi
1365 673 1424 731 eet,
1440 681 1502 720 erro

146 777 201 830 rea,
221 776 335 830 quorum
353 774 416 814 reos
435 765 520 827 agunt
535 758 829 814 catholico-Romanos
847 761 994 825 nostrates,
1012 770 1098 811 novos
1116 769 1178 809 esea
1197 769 1253 808 nec
1271 769 1309 808 ex
1328 753 1444 810 ecclesis
1459 753 1502 822 pri

148 847 251 905 ntum.
287 845 423 914 Theologi
440 846 528 900 nostri
545 853 658 901 strenue
674 845 808 900 hactenus
826 859 911 900 ueros
930 857 1018 913 aeque
1036 857 1069 898 ac
1087 849 1194 898 veteres
1214 848 1384 912 oppugnant
1400 850 1429 896 et
1443 841 1503 895 iuter

147 936 217 992 allos
235 934 368 990 Arndinm
386 935 476 1002 (quem
494 948 558 988 orco
577 933 678 1002 scripto
691 931 800 1001 publico
812 929 918 987 addixit
929 932 964 987 Ι).
977 929 1161 986 cancellarius
1174 930 1335 998 Odanda),
1353 930 1503 995 blesam

147 1022 326 1081 Photinianos
328 1060 447 1079 ......
482 1020 579 1074 Frater
601 1034 679 1074 meus
700 1020 824 1087 ignarum
848 1035 878 1074 se
902 1018 984 1089 plane
1000 1019 1040 1073 ait
1056 1016 1170 1086 negotii,
1195 1015 1367 1071 diuisionem
1385 1014 1502 1069 bonum

146 1114 257 1164 tuorum
274 1113 455 1163 matamorum
475 1107 675 1174 concernentis3
695 1105 746 1162 sibi
764 1106 802 1161 nil
821 1106 1037 1162 commendatum
1055 1103 1151 1174 inquit,
1171 1101 1221 1157 sed
1242 1102 1308 1157 dedi
1321 1101 1503 1158 Bidembechio

127 1188 251 1266 ”nostro
270 1196 316 1265 qui
335 1202 365 1249 ut
384 1202 451 1263 puto
469 1194 504 1248 ad
523 1200 720 1249 assessoratum
738 1193 843 1262 Spiram
862 1200 974 1249 vocatus
994 1199 1046 1249 est.
1059 1222 1092 1233 -
1105 1191 1280 1246 Monetariee
1299 1191 1343 1244 rei
1360 1189 1503 1259 depravatio

148 1300 238 1340 mores
256 1289 285 1339 et
304 1298 409 1338 omnem
428 1281 540 1352 politiae
557 1289 584 1336 et
603 1281 777 1336 oeconomiae
788 1274 920 1335 rationem
932 1279 1070 1349 pervertit.
1098 1279 1154 1334 Rea
1166 1277 1281 1348 quidem
1293 1277 1325 1332 in
1337 1292 1402 1333 enm
1419 1286 1502 1332 etam

147 1371 275 1429 restituta
293 1376 343 1439 est,
361 1377 393 1425 ut
410 1370 532 1425 thalerus
550 1384 601 1439 pro
619 1370 633 1423 1
648 1366 726 1426 tito
738 1368 780 1426 lrr.
798 1365 980 1439 expendatur3
999 1367 1048 1422 sed
1065 1363 1180 1421 necdum
1201 1363 1385 1433 corruptelae
1402 1370 1504 1420 camel.

151 1475 220 1529 quas
239 1459 377 1529 corruptio
395 1458 442 1512 illa
460 1458 620 1512 introduxit.
655 1456 732 1512 Vale.

256 1546 331 1614 Quae
343 1544 480 1601 Besoldus
498 1543 532 1598 de
546 1559 654 1599 rumore
673 1543 738 1600 dicit
750 1549 870 1600 mutatae
888 1544 961 1613 fidei,
980 1550 1045 1599 tunc
1063 1542 1195 1612 temporis
1215 1539 1345 1596 nondum
1357 1550 1505 1598 veram

152 1632 205 1689 sad
222 1634 318 1705 paucis
337 1633 415 1688 aunis
432 1639 497 1702 post
508 1643 649 1706 ,rumorem
668 1631 743 1687 illum
762 1631 852 1686 exitus
870 1629 996 1700 probavit
1015 1631 1070 1698 (etr.
1083 1631 1133 1684 vul.
1146 1633 1166 1683 l.
1184 1646 1214 1696 p.
1229 1631 1301 1697 188).
1335 1629 1379 1683 De
1396 1644 1427 1685 re
1442 1644 1505 1683 uu·

153 1721 240 1777 maria
258 1726 287 1775 et
304 1719 438 1780 similibus
456 1720 524 1773 hoec
541 1719 676 1774 Beseldus
700 1719 838 1788 prioribus
860 1718 947 1773 literis
969 1718 1089 1787 lieplero
1111 1717 1310 1771 nunciaverat:
1336 1716 1505 1787 ,bepm

153 1809 320 1864 monetariae
346 1808 384 1861 rei
403 1807 494 1861 omnia
511 1805 590 1863 nobis
613 1807 774 1861 commercia
792 1806 930 1877 deprimit,
953 1822 1004 1862 nec
1022 1804 1102 1861 vendi
1125 1820 1176 1860 nec
1196 1805 1251 1858 emi
1270 1805 1446 1871 necessaria,
1465 1800 1506 1857 aad

98 1944 100 1949 .
156 1901 255 1950 cuncta
271 1894 421 1965 permutari
439 1894 529 1950 solent
532 1933 622 1950 .....
660 1893 718 1949 Nos
735 1893 780 1949 hic
798 1895 827 1949 in
844 1908 949 1949 summa
967 1895 1045 1963 copia
1062 1908 1189 1948 annonae
1210 1891 1354 1948 esurimus
1373 1898 1403 1947 et
1416 1890 1505 1960 jn‘n

154 1998 188 2038 eo
207 1990 259 2051 eat,
277 1990 309 2039 ut
327 1984 475 2053 dissipetur
499 1981 637 2038 academia
662 1988 769 2047 nostra,
793 1980 860 2037 satis
884 1980 953 2036 alias
975 1981 1113 2050 frequens.
1149 1980 1284 2035 Monetae
1307 1987 1340 2035 et
1357 1979 1458 2034 nunni
1471 1974 1505 2031 vel

153 2070 274 2142 pravitas
299 2069 342 2125 vel
368 2071 521 2125 aestimatio
544 2069 648 2124 incerta
667 2083 698 2123 eo
717 2083 773 2123 rem
791 2068 911 2137 redegit,
934 2074 967 2123 ut
983 2066 1021 2122 nil
1039 2066 1187 2135 vendatur,
1213 2066 1254 2120 nil
1274 2067 1331 2120 emi
1349 2065 1451 2137 posuit,
1465 2061 1506 2118 sd

154 2163 254 2213 cuncta
271 2164 473 2227 permutentur:
493 2156 601 2211 nonnisi
619 2155 756 2212 frumento
776 2155 945 2224 comparabis
963 2155 1061 2218 vinum,
1080 2152 1190 2207 nonnisi
1202 2153 1269 2208 rino
1280 2162 1388 2222 vam,
1404 2151 1505 2207 culm

154 2243 219 2301 Vini
236 2246 299 2300 uovi
317 2260 487 2311 mensuram,
507 2244 553 2312 qni
571 2243 695 2311 hospites
715 2243 853 2299 studiosos
872 2242 964 2308 alunt,
982 2241 1086 2299 floreno
1105 2243 1147 2299 vel
1165 2244 1252 2299 etiam
1275 2245 1310 2301 ¹8
1328 2243 1406 2299 buis
1422 2241 1504 2297 Μ

154 2330 234 2386 hunt.
263 2331 326 2386 Jam
346 2332 416 2386 euim
435 2331 570 2400 incipiunt
587 2330 689 2384 sentire
707 2344 802 2383 omnes
813 2329 915 2384 nummi
927 2329 1075 2385 bonitatem
1089 2331 1269 2388 intrinsecam
1282 2328 1503 2401 justumqneei·

154 2417 272 2488 pretium
297 2433 352 2473 nou
374 2418 526 2486 putativum
550 2432 599 2471 scu
622 2416 811 2485 imposititium
834 2415 1029 2487 inspiciendum
1053 2424 1081 2472 et
1104 2435 1139 2473 ex
1159 2435 1191 2475 eo
1218 2420 1346 2474 omnium
1368 2428 1502 2488 caputet

155 2518 245 2575 aequa
262 2506 440 2574 proportione
463 2503 689 2559 aestimationem.
708 2534 741 2542 —
761 2504 792 2559 ln
810 2504 855 2560 bis
879 2503 975 2560 iisdem
996 2504 1095 2575 literis,
1121 2504 1194 2561 datia
1218 2522 1293 2561 auno
1314 2523 1338 2562 c.
1361 2506 1437 2571 tute,
1451 2501 1502 2570 Ιιά

155 2607 231 2648 mus:
250 2590 337 2646 Silent
354 2592 543 2662 inquisitiones
561 2606 634 2644 nunc
651 2589 725 2660 apud
743 2606 808 2658 nos,
828 2606 899 2661 quae
916 2591 983 2647 mire
1000 2606 1043 2646 me
1060 2591 1217 2660 turbarunt,
1239 2592 1317 2661 quod
1337 2592 1501 2648 riderintm

155 2677 217 2734 bari
234 2679 304 2749 pios,
322 2681 437 2749 probos,
456 2679 584 2747 quodque
603 2679 790 2748 cognoverim,
813 2695 847 2734 ex
866 2680 952 2736 ultera
975 2687 1052 2749 purte
1070 2678 1206 2733 fanaticos
1231 2677 1340 2733 multos
1358 2678 1411 2733 aab
1427 2674 1501 2746 spati!

157 2766 269 2838 pietatis
286 2766 430 2837 profanum
450 2768 619 2837 propositum
638 2766 739 2822 babere
757 2768 846 2824 linem.
875 2769 936 2837 Ego
955 2768 1009 2823 fide
1027 2765 1177 2836 amplector
1193 2765 1298 2833 omnia,
1312 2780 1394 2836 ,quae
1407 2776 1502 2819 eom

157 2868 204 2908 sue
223 2853 330 2922 piorum
349 2853 462 2908 Petrum
481 2854 659 2924 adprobabit,
688 2853 825 2923 planeque
848 2855 874 2909 in
894 2870 927 2909 eo
946 2870 1004 2909 eum
1028 2859 1103 2907 totus
1127 2860 1156 2906 et
1173 2868 1259 2921 porro
1278 2851 1308 2906 in
1329 2866 1363 2906 eo
1380 2848 1501 2911 lebmbtt

155 2946 188 2996 ut
205 2941 296 3007 sciam,
315 2941 381 3011 quid
401 2942 435 2996 de
454 2943 555 2998 nostris
574 2940 664 3010 etiam,
683 2942 711 2996 h.
724 2957 748 2999 e.
766 2941 931 2998 Lutheranis
949 2939 1116 2998 novitatibus
1136 2940 1187 3008 (itu
1201 2938 1347 2996 Catholici
1359 2940 1500 3010 loquum

156 3029 276 3087 sentiant
293 3028 333 3082 illi
350 3030 389 3097 pii
406 3037 508 3098 patres.
528 3063 560 3069 -

260 3115 304 3169 Ex
325 3114 575 3181 „observationibus
594 3119 679 3173 aerim‘
699 3118 726 3172 in
744 3116 927 3187 premeride
944 3115 1027 3184 hunus
1052 3113 1116 3169 anui
1141 3112 1395 3182 deprehendimus,
1419 3110 1498 3182 lieple

158 3218 219 3259 rum
236 3202 333 3258 Lincio
352 3202 453 3258 abiisse
473 3204 516 3258 dia
534 3205 578 3261 20.
598 3204 774 3270 Novembris,
799 3211 990 3259 commoratum
1009 3201 1131 3256 Passavli
1150 3218 1167 3256 a
1186 3202 1232 3256 dic
1252 3203 1297 3257 21.
1317 3204 1347 3257 in
1367 3205 1410 3271 ¹26,
1429 3200 1500 3258 aad

159 3291 248 3344 bonae
267 3290 400 3359 usquein
420 3291 443 3344 8.
464 3292 622 3347 Decembris
642 3299 670 3346 et
687 3291 749 3346 inde
763 3290 869 3347 Ulmum
887 3292 1042 3360 pervenisse
1061 3306 1085 3346 c.
1104 3289 1175 3343 diem
1195 3291 1213 3344 tl
1237 3290 1411 3346 Decembris.
1436 3292 1501 3345 late

155 3394 238 3447 quam
262 3378 398 3447 Keplerus
420 3378 516 3435 Lincio
541 3380 641 3450 abiret,
673 3381 757 3435 filium
783 3380 966 3446 Ludovicum,
994 3385 1050 3433 tum
1062 3381 1071 3398 ·
1085 3375 1274 3431 novemdecim
1307 3394 1398 3433 annos
1418 3386 1501 3437 nm

156 3464 184 3518 in
203 3466 373 3535 gymnasium
393 3465 623 3523 Sulzbachianum
641 3469 721 3524 misit.
759 3468 825 3524 lude
843 3467 993 3536 Tubiugam
1017 3466 1091 3521 venit
1113 3465 1188 3521 lilius
1212 3483 1237 3522 c.
1256 3485 1383 3525 mensem
1401 3470 1500 3539 Sept&

155 3548 221 3619 bris,
240 3551 314 3622 quod
333 3567 367 3606 ex
386 3553 430 3607 his
449 3561 560 3609 senatus
579 3555 761 3624 Tubingensis
779 3555 865 3610 literis
883 3553 1081 3629 intercessoriis
1101 3552 1135 3607 ed
1148 3554 1257 3610 Ducem
1270 3552 1500 3625 wunoentep'u

156 3637 228 3695 datis
245 3646 368 3711 apparet,
388 3641 487 3709 quibus
506 3643 587 3696 etiarn
605 3657 705 3696 causae
724 3641 876 3697 amissionis
895 3640 944 3695 tilii
962 3639 1152 3697 sulzbachium
1171 3641 1315 3698 dicuntur.

314 3728 567 3798 Durcbleuchtiger,
586 3728 801 3800 llochgeborner
816 3728 908 3786 Fdrst.

261 3814 296 3871 E.
314 3814 347 3869 F.
367 3814 399 3871 G.
418 3815 526 3870 werden
545 3815 607 3870 Sich
626 3814 760 3870 Zweiffels
784 3815 843 3888 frey
862 3816 962 3887 guedig
985 3817 1111 3872 erinnem
1134 3823 1249 3886 mdgen,
1275 3819 1399 3877 welcher
1413 3828 1499 3874 m

154 3897 250 3968 jtlugst
267 3901 438 3956 vervichnen
456 3901 586 3971 Frtleling
603 3903 631 3956 in
650 3901 723 3958 Ober
740 3902 912 3959 Oesterreich
929 3902 972 3958 ein
991 3903 1135 3970 allgemein
1155 3905 1314 3976 schurplies
1327 3908 1411 3963 Edict
1425 3917 1499 3973 σμ-

158 4000 209 4056 gen
228 3986 283 4041 und
302 3986 448 4055 publiciert
467 3989 584 4058 worden,
603 3989 666 4044 dass
686 3989 739 4043 alle
759 3991 806 4046 dar
818 3990 913 4047 Ortten
931 3989 1127 4047 hansshhblich
1146 4007 1299 4060 gese-asena
1313 3988 1498 4065 Evangelia&

156 4071 209 4144 bey
225 4073 370 4141 lciblichen
384 4076 480 4148 Ayden
497 4077 655 4133 verbunden
674 4077 733 4132 sein
752 4079 848 4149 sollen,
867 4079 929 4134 lhre
943 4078 1063 4134 Kindern
1082 4093 1134 4131 von
1155 4079 1208 4132 den
1225 4080 1442 4149 Erungebscbeu
1450 4072 1498 4133 te

157 4161 316 4232 versitoten,
341 4164 408 4219 oder
430 4165 530 4220 audere
554 4163 724 4232 dergleicben
743 4164 853 4237 Ortten',
880 4167 951 4221 nach
970 4167 1053 4221 hausa
1072 4165 1254 4223 zueriordern
1273 4169 1330 4224 rud
1348 4184 1400 4224 rue
1417 4160 1498 4222 aaut

158 4245 238 4300 acher
256 4248 383 4317 Religion
401 4236 575 4306 in'iormiereu
592 4251 748 4308 zuelassen:
777 4254 862 4309 daher
878 4254 1001 4323 gevolgt,
1020 4255 1084 4309 dass
1103 4252 1219 4308 ettliche
1237 4255 1416 4326 gutbertziga
1432 4247 1499 4308 ln*

157 4329 256 4385 herren
274 4332 301 4386 iu
314 4334 386 4389 Ober
398 4335 578 4404 Oesterreich,
598 4355 649 4394 zue
666 4341 850 4398 rhtlmblicher
862 4344 1028 4412 Bezeugung
1046 4342 1105 4395 lrer
1123 4354 1211 4407 gegen
1231 4341 1364 4397 Jotmne
1376 4337 1499 4411 ltepptrrn

158 4417 367 4474 vortrefflichem
385 4422 439 4477 vnd
458 4424 710 4483 weittbertlembten
728 4427 927 4499 Kayserlichen
940 4429 1142 4498 Mathematico,
1160 4431 1314 4500 aagender
1332 4430 1499 4503 evulgem

159 4500 293 4573 affection,
313 4505 410 4561 dassen
431 4508 514 4580 Sohu,
532 4512 640 4582 zeigem
664 4514 720 4570 diss
739 4514 907 4571 Ludovicum
926 4515 1092 4586 liepplerum
1113 4518 1213 4583 (inscio
1234 4518 1336 4588 Patre,
1361 4519 1441 4573 drmit
1454 4514 1498 4569 dex

159 4587 233 4645 selbe
251 4591 300 4645 mit
319 4601 409 4660 gutcm
428 4597 559 4663 gewissen
579 4601 717 4656 schweren
736 4604 856 4673 thionne,
876 4604 939 4659 dass
957 4605 996 4658 Er
1014 4604 1090 4661 nicht
1108 4605 1196 4673 nisse,
1217 4623 1254 4660 an
1274 4623 1349 4663 vasa
1362 4608 1450 4662 Orttet
1465 4614 1497 4671 rt·

158 4673 252 4730 melter
266 4675 335 4732 'sein
354 4679 427 4736 Sohn
451 4683 514 4739 Sich
540 4684 676 4754 vlihullte,
701 4692 754 4747 vnd
780 4692 865 4747 daher
891 4692 1039 4747 denselban
1066 4693 1144 4749 nicht
1167 4693 1240 4748 nach
1261 4695 1358 4750 liauss
1381 4693 1497 4749 curratur

159 4757 270 4817 lthbnen
290 4764 326 4832 [v.
338 4783 358 4820 s.
373 4785 399 4836 p.
414 4771 491 4838 89η)
511 4772 599 4827 Herm
612 4774 736 4847 Augusti,
755 4776 961 4849 Ptaltzgrarcns
980 4794 1031 4834 auc
1044 4780 1193 4837 Sultzbacb
1208 4783 1388 4840 Fdretlichcn
1404 4779 1497 4853 guida

159 4845 339 4921 undertheuig
357 4857 561 4926 commendiert‚
580 4861 629 4918 der
646 4864 736 4921 eudon
754 4864 818 4923 stet
836 4863 960 4924 derselbo
984 4864 1037 4937 bap
1053 4864 1115 4923 dem
1134 4866 1289 4940 (denuntio
1310 4886 1366 4928 zue
1381 4870 1496 4939 borel!
