3308 5534
446 398 626 459 dammarlum
643 397 781 458 1111111110
798 397 988 460 Astronomlae
1005 397 1100 459 seculo
1116 395 1192 458 m
1430 397 1494 473 665

242 578 371 649 emique
387 578 460 634 inter
477 578 563 634 libros
581 579 629 634 illa
645 582 737 634 aetate
755 578 844 634 editos
861 577 967 634 nullum
986 576 1212 648 deprehenderis,
1236 594 1291 651 quo
1309 583 1449 635 auctorem
1466 578 1496 637 ld

132 672 283 739 spectasse
306 673 453 738 appareat,
478 673 509 722 ut
525 667 640 738 physica
663 672 712 721 aut
728 680 812 721 unam
828 664 977 722 alteramve
994 680 1087 722 eorum
1110 671 1216 737 partem
1237 666 1267 722 iu
1284 668 1351 724 artis
1369 674 1397 724 et
1415 666 1495 725 disci-

131 755 231 827 pltme
248 754 365 812 formam
382 754 527 825 redigeret.
560 755 638 811 Trita
654 754 699 810 via
715 753 820 823 primns
837 752 971 810 decedere
988 769 1073 810 ausus
1091 759 1133 810 est
1150 760 1179 810 et
1190 761 1286 811 auctor
1304 762 1378 812 certe
1391 755 1496 813 exstitit

133 848 256 900 naturae
267 843 382 898 rationis
394 844 478 899 rebus
496 858 548 898 usu
562 842 678 912 coguitis
689 841 839 898 firmandae
855 840 1037 911 philosophus
1049 841 1263 898 Franciscus
1281 842 1373 898 liaeo
1392 845 1494 900 Veru-

132 930 258 997 lamns,
277 930 325 1001 qui
342 931 465 1000 quamvis
483 929 571 986 minus
589 929 710 985 imbutus
728 928 927 984 mathematicis
945 928 1067 985 scientiis
1085 928 1242 998 (Oopemici
1260 946 1330 1000 opus
1348 931 1495 986 revolutio·

132 1034 203 1075 anm
220 1024 314 1074 mente
331 1030 386 1073 non
404 1016 623 1087 comprehendit,
650 1031 735 1087 quare
752 1014 902 1072 Ptolemaei
923 1015 1024 1070 rationi
1047 1015 1229 1086 adhaerebat)
1251 1033 1308 1072 rem
1332 1034 1383 1074 acu
1400 1019 1492 1087 tetigit

134 1105 243 1175 dimna,
260 1111 431 1161 asbonomos
450 1105 505 1161 buc
522 1120 611 1174 usque
628 1103 750 1159 motibus
765 1109 870 1159 tantum
888 1118 1031 1174 corporum
1045 1104 1206 1163 coelestium
1223 1105 1387 1175 invigilasse,
1405 1107 1493 1178 philo·

136 1194 244 1264 aepbos
262 1208 328 1249 vero
345 1200 468 1250 motuum
487 1194 583 1248 borum
600 1207 698 1247 causas
715 1191 904 1262 inquisivisse,
929 1200 1073 1263 utrumque
1091 1194 1247 1263 neglexisse
1264 1195 1377 1251 alterius
1396 1195 1495 1255 studia.

135 1283 219 1339 Hanc
237 1282 334 1338 falsam
351 1281 485 1338 rationem
505 1281 683 1337 deserendam
701 1279 808 1350 suadet,
828 1280 909 1337 unius
927 1288 956 1337 et
968 1280 1090 1359 eJusdem
1109 1296 1171 1337 esse
1184 1281 1389 1339 observationes
1408 1291 1436 1338 et
1453 1284 1496 1341 in-

134 1367 302 1440 quisitiones
327 1383 469 1425 causarum
493 1375 624 1424 motuum.
662 1369 766 1424 Eadem
783 1367 890 1424 ratione
915 1367 1060 1424 tractanda
1077 1382 1139 1424 esse
1156 1375 1251 1424 censet
1275 1368 1331 1424 alia
1355 1370 1497 1428 doctrinae

136 1469 258 1526 genera,
276 1454 418 1510 historiam
436 1457 601 1520 naturalem,
624 1457 766 1526 physicam
785 1463 836 1511 etc.
854 1485 888 1497 —
905 1454 1030 1511 blandem
1047 1455 1118 1511 viem
1136 1455 1275 1526 ingressus
1294 1461 1337 1511 est
1353 1457 1495 1529 popularia

137 1542 269 1608 11ιο0111,
288 1542 501 1599 Guilielmus
521 1542 709 1598 Gifbertus
728 1544 782 1609 (etr.
800 1547 851 1599 rol.
869 1549 890 1597 1.
908 1562 935 1612 p.
955 1545 1030 1614 ota),
1057 1545 1105 1612 qui
1129 1544 1158 1599 in
1177 1559 1260 1614 opere
1279 1561 1329 1601 sno
1349 1545 1400 1611 ,de
1417 1545 1495 1616 Mag·

136 1635 219 1689 nete·
239 1636 364 1687 naturam
376 1633 510 1702 magnetis
522 1647 577 1701 qua
588 1632 679 1700 potuit
696 1630 844 1702 diligentie,
862 1646 994 1688 revocans
1018 1618 1127 1703 semper
1144 1630 1180 1686 ad
1198 1633 1391 1702 experimenta,
1410 1633 1497 1705 expli·

135 1735 202 1776 aare
219 1719 324 1776 studet.
353 1719 466 1775 Nullum
485 1717 625 1774 contendit
643 1734 742 1789 corpus
761 1720 830 1775 adeo
842 1717 930 1774 simile
946 1732 1008 1773 esse
1021 1720 1123 1774 Terrae
1139 1735 1221 1789 quam
1238 1728 1401 1790 magnetem,
1420 1721 1496 1777 illam

135 1807 219 1878 qnasi
235 1823 364 1876 magnum
383 1813 537 1876 magnetem
561 1806 665 1864 dicens.
701 1806 770 1863 Axis
787 1805 906 1862 Telluris
925 1807 1093 1878 magnetibus
1112 1806 1295 1877 eprimordiis
1313 1808 1408 1864 muudi
1426 1824 1496 1864 sem·

138 1910 192 1968 per
207 1894 376 1951 invariabilis
394 1900 544 1964 permanet,
565 1909 636 1960 ,non
654 1894 726 1948 enim
744 1894 804 1949 eine
815 1892 970 1949 actussima
982 1902 1107 1950 11111111
1118 1894 1198 1950 molis
1212 1894 1384 1951 demolitione
1402 1895 1497 1950 immu-

135 1982 193 2041 tari
211 1982 352 2039 naturales
371 1983 479 2038 termini
497 1980 576 2051 (poli,
595 1981 743 2050 aequatur)
767 1985 911 2050 posennt“.
948 1981 1037 2038 Globo
1060 1997 1125 2038 vero
1151 1983 1274 2038 terrestri
1300 1982 1367 2038 dicit
1386 1983 1498 2039 insitum

136 2084 201 2127 ease
218 2078 248 2126 et
259 2069 410 2126 naturalem
423 2077 527 2124 motum
540 2069 612 2124 circa
628 2070 702 2124 hunc
714 2069 787 2135 axin,
807 2068 882 2134 ,eine
899 2068 972 2123 malo
990 2068 1082 2140 aliquo
1100 2073 1149 2126 aut
1160 2069 1283 2139 periculo
1297 2068 1420 2139 volvitur,
1439 2069 1498 2125 siue

136 2165 222 2230 raptu
240 2158 423 2229 progreditur,
443 2157 510 2217 nibil
528 2163 571 2212 est
589 2157 662 2225 quod
680 2156 816 2225 renititur,
835 2155 903 2211 nihil
921 2156 996 2226 quod
1009 2157 1131 2214 cedendo
1146 2158 1216 2212 viam
1229 2157 1285 2214 dat.
1311 2158 1417 2213 Natura
1428 2174 1498 2214 sem·

135 2263 187 2319 per
204 2248 265 2318 agit
281 2262 331 2317 per
348 2247 480 2316 pauciora
497 2246 582 2314 magis
601 2243 797 2314 quamplura,
822 2251 906 2313 atque
930 2246 1015 2315 magu
1039 2245 1138 2301 rationi
1164 2250 1389 2313 consentaneum,
1414 2261 1497 2301 unum

136 2335 271 2407 exignum
289 2352 389 2405 corpus
407 2334 526 2389 Telluris
550 2332 675 2388 diurnam
701 2332 899 2388 revolutionem
916 2333 1008 2389 facere
1026 2333 1132 2401 potius,
1159 2347 1240 2401 quam
1262 2331 1391 2387 muudum
1409 2339 1498 2388 totum

136 2422 314 2480 circumferri.
350 2421 526 2491 Reliquorum
544 2422 645 2476 Terrae
664 2426 785 2477 motuum
804 2420 923 2476 rationes
941 2426 1096 2492 praetereo,
1113 2421 1170 2488 jam
1189 2420 1259 2476 enim
1278 2421 1369 2490 agitur
1390 2428 1497 2477 tantum

137 2509 174 2567 de
192 2509 306 2578 diurno,
332 2526 385 2579 quo
408 2509 443 2564 ad
463 2509 554 2564 Solem
577 2507 727 2563 revolvitur
749 2513 778 2561 et
796 2508 949 2564 naturalem
968 2507 1039 2562 diem
1058 2507 1169 2563 efficit.“
1206 2508 1405 2564 Demonstrans
1423 2508 1498 2565 bunc

136 2604 241 2653 motam
261 2597 400 2652 Gilbertus
418 2597 502 2652 verbo
521 2596 630 2664 attingit
656 2594 729 2663 quod
754 2594 849 2664 objicit
870 2595 1008 2651 Brabeus:
1034 2594 1153 2664 lapidem
1172 2610 1189 2648 a
1206 2594 1278 2651 turri
1304 2594 1450 2650 demissum
1470 2602 1498 2651 et

136 2684 249 2755 globum
267 2684 471 2741 bombardicum
488 2699 584 2738 versus
602 2683 706 2737 Eurum
724 2682 768 2736 vel
786 2682 920 2739 Oceanum
938 2683 1075 2740 emissum.
1111 2682 1208 2753 Decipi
1227 2682 1313 2746 dicit,
1339 2683 1385 2751 qui
1403 2682 1498 2752 hujus-

135 2771 210 2828 nodi
227 2779 391 2840 argumenta
407 2771 558 2841 proferant,
577 2786 634 2825 non
651 2768 908 2840 animadvertentes,
930 2770 1059 2838 ,Terram
1076 2771 1175 2826 diurna
1186 2770 1357 2826 revolutione
1375 2786 1429 2824 non
1442 2786 1498 2825 mo·

136 2858 193 2917 rari
209 2860 386 2928 separatione
405 2859 541 2915 solidioris
564 2857 800 2914 circumferentiae
823 2857 883 2927 ejus
900 2873 917 2913 a
935 2857 1107 2913 circumfusis
1125 2856 1299 2928 corporibus,
1319 2860 1368 2916 sed
1386 2858 1499 2914 eircum-

136 2946 330 3004 1111111111
348 2948 438 3003 omnia
455 2953 484 3003 et
501 2948 529 3001 in
547 2947 601 3002 illis
620 2945 722 3015 gravia,
743 2938 938 3014 quovismodo
956 2944 982 2998 vi
1001 2945 1091 3015 pulsa,
1110 2946 1190 3000 simul
1209 2962 1271 3001 cnm
1288 2945 1399 3002 Tellure
1417 2962 1499 3018 gene·
1540 3002 1546 3007 .

138 3034 189 3091 rali
205 3035 384 3115 cohaerentia
409 3034 581 3091 uniformiter
602 3034 778 3105 procederet.
794 3040 796 3045 ’
814 3031 945 3088 Pisuetae
969 3032 1041 3087 circa
1060 3031 1150 3087 Solem
1174 3033 1277 3089 moseri
1301 3033 1419 3089 adstruit
1447 3048 1498 3101 ,ex

140 3122 282 3194 (lopemiei
302 3122 527 3192 hypothesibuse,
546 3122 658 3177 Terram
676 3121 747 3191 865}
767 3118 991 3175 conversionibus
1015 3136 1137 3175 annuum
1162 3137 1272 3178 emaum
1296 3120 1437 3177 absolvere
1455 3122 1499 3178 iti-

140 3208 199 3265 dem
216 3208 254 3265 ad
272 3219 390 3264 mentem
404 3210 548 3279 Copernici
565 3210 691 3278 affirmat,
710 3222 800 3278 neque
818 3221 884 3262 vero
901 3207 1016 3276 propius
1032 3223 1090 3262 rem
1103 3207 1168 3266 edit.
1187 3224 1271 3279 quare
1284 3208 1422 3278 Keplerus
1434 3226 1499 3266 vere

141 3294 202 3353 dicit
220 3299 280 3361 (vol
300 3301 345 3352 111.
364 3315 391 3366 p.
409 3299 481 3363 447),
502 3297 655 3352 (lilbertum
674 3296 709 3352 de
727 3310 818 3352 annuo
837 3293 939 3348 Terrae
957 3301 1033 3349 motu
1051 3293 1220 3364 suspendere
1237 3296 1407 3365 senentiam,
1426 3294 1498 3352 forte

142 3384 200 3453 quta
216 3390 391 3439 astronomus
409 3401 464 3439 non
482 3384 574 3442 fuerit.
606 3385 669 3454 lpse
689 3383 828 3439 Gilbertus
846 3381 873 3435 in
893 3380 962 3435 libro
975 3381 1145 3451 (posthumo)
1167 3383 1224 3448 ,De
1236 3382 1338 3438 mundo
1355 3383 1498 3439 sublunari

142 3470 312 3542 perruptis
335 3476 421 3528 uova“
448 3476 501 3535 (cfr.
520 3473 570 3530 vol.
588 3477 620 3526 11.
640 3492 666 3540 p.
687 3478 729 3533 tt)
754 3472 826 3525 inter
851 3470 1091 3533 ,matbematicos“
1115 3485 1145 3525 ee
1170 3487 1224 3526 uon
1249 3470 1352 3528 referre
1378 3471 1495 3542 ridetur,

144 3560 245 3618 dicens:
270 3561 388 3616 marimo
412 3562 515 3616 bonore
540 3560 614 3630 digni
632 3558 782 3615 doctissimi
800 3556 841 3612 illi
858 3564 886 3613 et
909 3554 1053 3626 laboriosi,
1079 3558 1126 3628 qui
1144 3559 1318 3628 apparentiae
1342 3559 1496 3630 observare,

144 3656 227 3705 notus
247 3664 406 3705 mensurare
431 3655 572 3717 satagunt,
597 3664 693 3703 cursus
712 3647 848 3714 indicare,
875 3646 1001 3716 syzygias
1024 3645 1183 3712 ostendere,
1210 3646 1380 3714 geometricis
1398 3645 1450 3703 alia
1468 3648 1497 3704 in

146 3735 246 3791 coelum
265 3734 413 3791 ascendere
426 3737 604 3807 contendunt,
623 3738 728 3791 etiamsi
740 3734 821 3788 variis
833 3732 873 3788 illi
886 3740 1001 3788 utuntur
1013 3734 1152 3803 principiis
1166 3742 1194 3790 et
1207 3734 1391 3790 fundamentis
1404 3737 1497 3792 variis·

145 3837 191 3889 gae
216 3820 424 3892 hypothesibus.
460 3823 519 3877 Nos
537 3839 600 3879 vero
618 3824 652 3879 de
671 3832 769 3881 natura
787 3826 857 3882 coeli
875 3834 902 3881 et
920 3826 1091 3895 superiorum
1116 3843 1259 3897 corporum
1279 3827 1377 3882 dicturi
1395 3842 1497 3894 sumus,

144 3922 191 3965 roa
206 3910 247 3965 fta
264 3917 355 3966 11111011
373 3911 439 3980 quin
457 3911 545 3965 bonos
560 3913 653 3980 J'ustus
671 3920 781 3969 maneat
805 3914 1021 3969 mathematicos.
1053 3913 1169 3982 Propius
1188 3913 1294 3968 accedit
1313 3912 1450 3968 Gilbertus
1468 3913 1495 3966 in

143 3996 190 4053 boe
212 3997 284 4052 libro
304 3996 519 4053 adsentantium
540 3998 944 4071 Cupernici,motnmquoque
970 4017 1089 4056 annuum
1112 4000 1213 4055 Terrae
1236 4000 1326 4069 palem
1351 3999 1497 4068 accipiens.

142 4083 253 4154 saepius
270 4084 369 4140 ibidem
391 4085 476 4140 refert
492 4085 594 4156 placita
611 4086 630 4141 J
637 4086 757 4141 ordani
775 4088 893 4156 Brnnf,
917 4086 1032 4142 infelicis
1049 4085 1122 4142 illius
1149 4086 1306 4156 philosophi
1324 4085 1496 4155 Nolanensis,

142 4171 184 4241 qut
199 4186 274 4227 anno
294 4173 371 4229 1600.
390 4173 493 4228 Romae
516 4173 674 4228 combustus
693 4182 745 4229 est.

240 4257 392 4315 liberioris
408 4258 504 4328 judicii
523 4260 609 4314 virum
628 4278 709 4330 quam
729 4278 823 4318 omnes
841 4278 910 4331 quos
928 4263 956 4317 in
974 4263 1131 4334 praemissis
1157 4261 1275 4316 diximus
1299 4261 1448 4317 astronomi
1466 4277 1497 4318 se

140 4345 265 4415 praebuit
282 4344 465 4415 philosophus
483 4346 527 4401 hic
546 4346 747 4408 celeberrimus,
768 4351 845 4418 cnjus
864 4350 898 4404 de
913 4352 1070 4414 ,universo“
1092 4350 1253 4405 sententiam
1266 4350 1361 4418 paucis
1373 4349 1497 4406 exhibui·

139 4433 270 4491 11111101.
288 4433 328 4488 11.
345 4450 374 4504 p.
393 4433 453 4489 568.
490 4435 535 4489 Ex
552 4441 678 4504 poemate
701 4435 749 4491 illo
773 4436 963 4507 philosophico
984 4440 1046 4503 ,De
1064 4437 1227 4494 Monade¹‘
1247 4445 1299 4494 ete.
1323 4439 1375 4494 hoe
1399 4453 1496 4495 versus

140 4520 239 4579 addere
257 4521 358 4592 placet,
377 4522 477 4589 quibus
496 4522 677 4592 Cupernicum
695 4523 836 4592 praedicat
854 4524 977 4580 Brunus:

383 4611 455 4666 Heio
474 4627 522 4680 epo
540 4617 567 4666 te
584 4613 693 4682 appello
711 4612 868 4667 0111111111
880 4613 1009 4683 praedite
1026 4619 1114 4669 111111

381 4698 530 4769 Ingenium
547 4699 627 4769 cajeta
645 4700 755 4755 obscuri
771 4700 892 4767 infamia
909 4702 974 4756 eecli

384 4787 452 4842 Non
469 4787 559 4858 tetipit
577 4794 603 4843 ct
620 4804 675 4843 voc
692 4803 750 4842 101
766 4794 807 4843 eat
823 4803 972 4859 suppresso
989 4791 1121 4861 strepenti
1144 4839 1147 4845 .

384 4874 530 4933 Murmure
546 4877 703 4945 1111111111,
720 4890 885 4948 procrees
904 4874 1099 4948 Oopcrrticc,
1117 4877 1199 4953 11111
