3308 5534
149 349 214 420 696
661 339 1000 412 viaroanmnopler.

149 525 228 594 eujus
252 529 343 578 tamen
368 520 484 590 eulpam·
500 531 578 573 meae
600 517 783 587 negligentiae
805 516 945 586 imputavi.
988 516 1089 573 Verum
1116 517 1188 574 dabo
1215 520 1335 591 posthae
1363 521 1493 581 bdelium

150 627 270 684 operam.
305 609 403 665 Mense
421 605 577 676 Septembri
601 605 765 661 observandi
787 606 897 660 occasio
921 621 984 659 cum
1006 605 1118 675 luisset,
1144 607 1250 664 coelum
1276 608 1346 665 adeo
1370 608 1493 667 ravenn

152 699 232 757 nobis
250 711 360 766 semper
376 694 439 759 init,
456 702 488 749 ut
505 694 566 763 ejus
585 693 759 748 inclementia
775 691 936 754 vindemiae.
955 707 1026 760 quse
1044 694 1233 764 copiosissime
1245 696 1354 763 luisset,
1370 697 1495 768 plmbu

152 785 285 845 nocuerit.
322 783 399 840 Uvae
417 781 489 839 enim
507 797 562 837 non
581 780 624 836 vel
642 780 689 835 uix
705 776 907 845 maturuerunt,
924 780 1017 834 sinum
1036 782 1104 837 satis
1122 789 1263 840 austerum
1283 792 1335 840 est.
1348 816 1382 825 -

255 873 370 928 Praeter
388 870 439 924 has
456 868 604 923 Maostlino
628 867 707 923 dates
732 866 768 921 ab
786 882 875 936 eoque
892 872 1020 936 acceptas
1044 870 1176 937 epistulas
1199 871 1305 928 multae
1322 872 1360 929 ad
1377 872 1442 929 aliua
1455 874 1495 931 btt

152 978 224 1019 mnu
241 960 324 1016 datae
342 965 371 1012 et
388 965 519 1025 acceptae
537 961 698 1024 supersunt,
725 969 796 1022 quae
815 970 849 1009 ex
867 961 946 1023 parte
965 954 999 1009 ad
1018 956 1197 1013 Prodromum
1216 968 1360 1029 spectant,
1382 962 1494 1033 qunti

152 1049 275 1106 homines
292 1046 322 1102 in
338 1045 425 1100 literis
444 1042 566 1100 celebres
585 1043 658 1097 misit
675 1042 824 1112 Keplerus,
849 1057 943 1097 eoram
958 1043 1092 1113 judicium
1115 1044 1150 1100 de
1166 1044 1237 1101 libro
1256 1057 1393 1118 expetens
1409 1058 1436 1106 et
1448 1068 1494 1107 en

151 1137 185 1193 iia
203 1135 238 1192 de
255 1131 455 1200 astronomicis,
472 1129 613 1185 historicis
631 1128 747 1197 aliisque
765 1129 848 1185 rebus
866 1129 901 1184 ad
920 1129 1013 1186 studia
1029 1131 1128 1187 altiora
1145 1134 1349 1202 pertinentibus
1366 1154 1453 1209 agana

256 1219 437 1276 Galilaeae
460 1231 554 1273 mense
572 1216 699 1285 Augusto
723 1232 773 1284 pro
797 1215 897 1271 donata
924 1216 974 1272 sibi
997 1216 1148 1275 Prudromo
1172 1221 1278 1291 gratias
1302 1223 1369 1291 agit
1404 1225 1494 1295 leoghe

152 1328 183 1369 ss
200 1310 241 1368 ait
257 1308 325 1365 nibil
343 1314 453 1376 praeter
471 1304 678 1374 praefationem,
697 1319 731 1358 ex
748 1319 804 1373 qua
823 1310 914 1359 tamen
935 1306 1101 1376 perceperit,
1121 1323 1152 1363 se
1168 1308 1212 1373 ,iu
1230 1308 1390 1380 indaganda
1407 1316 1495 1369 sutas

152 1397 256 1457 sudum
278 1395 381 1451 habere
404 1400 433 1448 et
450 1391 537 1461 ipsius
562 1391 685 1445 veritatis
709 1391 850 1447 amioum.l
887 1393 1036 1447 Lecturam
1059 1409 1090 1447 se
1112 1409 1174 1451 esse
1196 1395 1296 1451 librum
1321 1414 1357 1455 eu
1379 1398 1493 1467 hbaslhs,

152 1485 227 1558 quod
243 1485 304 1555 ipae
321 1483 349 1537 in
368 1480 509 1551 copemiei
528 1479 692 1535 sententiam
710 1477 803 1534 multis
822 1478 922 1534 abhinc
945 1481 1023 1535 aunis
1041 1482 1154 1551 venerit,
1173 1490 1202 1538 et
1220 1485 1260 1539 sic
1277 1486 1384 1556 pergit:
1407 1488 1446 1545 Ea
1458 1488 1494 1545 tali

151 1571 288 1645 positione
306 1568 455 1625 multorum
476 1567 558 1621 etiam
583 1565 749 1621 naturalium
773 1566 919 1623 ellectuum
944 1583 1045 1623 causae
1069 1575 1134 1624 suut
1151 1585 1169 1625 a
1186 1587 1230 1626 me
1247 1572 1426 1637 amoveam.
1441 1591 1494 1647 gut

152 1659 236 1718 dubio
256 1655 353 1728 procul
377 1671 428 1725 per
458 1669 626 1709 communem
654 1654 819 1723 hypothesin
843 1653 1048 1723 inexplicabiles
1073 1663 1146 1714 suut.
1186 1659 1291 1716 Multas
1315 1662 1493 1735 conscripsitt
1534 1720 1536 1733 ,

152 1745 274 1803 rationes
292 1749 321 1799 et
337 1747 561 1812 argumentorum
574 1741 602 1795 in
615 1741 782 1796 contrarium
794 1741 958 1811 eversiones,
978 1758 1064 1812 quas
1082 1750 1196 1800 tamen
1214 1745 1248 1801 in
1266 1746 1380 1803 lucem
1397 1748 1493 1807 bacas

153 1848 219 1904 que
235 1830 403 1902 prolerre
425 1846 490 1884 non
515 1846 583 1884 sum
609 1844 729 1894 ausus,
747 1828 858 1885 tortum
874 1828 961 1899 ipsius
979 1830 1121 1899 Guperuici
1139 1834 1328 1902 praeceptoris
1346 1836 1430 1891 nostrl
1444 1852 1492 1907 pe-

152 1919 272 1985 erutus,
290 1917 338 1988 qui
354 1917 420 1974 licet
437 1917 490 1972 sibi
507 1916 582 1986 apud
600 1915 706 1986 aliquos
724 1916 902 1972 immortalem
915 1917 1014 1972 lamam
1027 1919 1171 1988 paraverit,
1190 1919 1264 1990 apud
1283 1921 1405 1978 infinitos
1421 1932 1492 1978 tanea

152 2008 259 2078 (tantm
271 2006 344 2062 enim
362 2003 571 2060 est·stultorum
583 2007 725 2072 uumerus)
744 2003 874 2075 ridendus
893 2011 921 2060 et
938 2004 1127 2076 explodendos
1150 2007 1261 2077 prodiit.
1297 2008 1430 2065 Auderem
1445 2026 1494 2081 pre

152 2093 225 2150 lauto
243 2106 318 2147 meas
342 2090 520 2160 cogitationes
538 2106 672 2160 promere,
690 2091 714 2145 si
732 2090 826 2160 plnres
844 2091 934 2162 qualis
956 2100 987 2149 tu
1005 2108 1035 2147 es
1060 2099 1214 2165 exstarent,
1239 2102 1270 2150 at
1291 2112 1355 2151 curn
1373 2112 1426 2153 noa
1444 2096 1493 2165 aiat

152 2179 309 2252 huiusmodi
327 2179 438 2249 negotio
456 2178 651 2248 supersedebo.

259 2266 400 2337 Kepleri
417 2265 562 2335 responsio
581 2266 650 2321 haec
668 2273 721 2322 est:

258 2361 374 2422 [alteras
396 2367 478 2432 tuas,
502 2361 548 2419 vir
570 2358 795 2432 humanissime,
827 2367 856 2420 4.
880 2360 958 2437 Aug.
983 2363 1107 2438 scriptas
1133 2368 1160 2421 1.
1183 2362 1266 2440 Sept.
1290 2366 1409 2443 accepi3
1434 2380 1495 2442 qast

152 2448 273 2529 quidem
302 2449 421 2526 gemino
443 2463 489 2506 ms
520 2447 643 2506 affecere
673 2445 797 2522 gaudio,
829 2448 954 2525 primum
984 2457 1102 2525 propter
1125 2452 1286 2512 amicitiam
1316 2461 1413 2514 tecum
1434 2450 1494 2513 ltalt

152 2540 266 2611 initam,
290 2545 359 2613 post
380 2544 499 2612 propter
522 2550 697 2594 consensum
721 2543 853 2594 nostrum
877 2538 905 2593 in
929 2536 1163 2614 cosmographia
1186 2537 1398 2615 Copemicaua.
1436 2540 1496 2601 Ca·

153 2628 242 2705 igitur
265 2626 294 2683 iu
318 2622 399 2683 calce
423 2622 565 2699 epistolae
588 2621 754 2681 humaniter
777 2640 824 2683 nte
848 2622 886 2682 ad
909 2624 1025 2683 crebras
1048 2624 1189 2700 epistolas
1213 2627 1388 2703 invitasses,
1418 2644 1496 2707 nequ

151 2713 224 2775 mihi
246 2720 352 2789 sponte
374 2728 441 2771 mea
462 2709 572 2769 stimuli
596 2706 634 2768 ad
657 2709 715 2769 hoe
736 2707 881 2784 deessent,
904 2711 1001 2771 lacere
1016 2718 1146 2772 attamen
1169 2729 1228 2772 non
1250 2718 1346 2792 potul,
1368 2719 1437 2794 quia
1455 2730 1497 2795 pet

150 2802 230 2863 huna
252 2806 437 2878 praesentem
460 2797 590 2857 nobilem
609 2797 751 2873 juvenem
780 2797 818 2857 ad
841 2806 871 2858 te
892 2799 1059 2859 scriberem.
1105 2799 1248 2861 Existimo
1271 2819 1400 2881 namque
1421 2815 1448 2865 te
1465 2800 1497 2865 ab

152 2908 188 2950 eo
213 2898 353 2963 tempore,
377 2889 403 2944 si
426 2888 518 2944 otium
535 2886 588 2944 tibi
603 2885 667 2957 luit,
685 2884 818 2944 libellum
834 2903 931 2944 meum
947 2889 1074 2963 penitius
1090 2891 1277 2964 cognovisse.
1315 2890 1390 2951 Inde
1405 2890 1497 2969 cupide

151 2995 200 3039 me
223 2975 382 3036 vehemens
403 2974 524 3032 incessit
546 2989 686 3031 censurae
709 2981 777 3032 tuae
792 2973 1011 3050 percipiendaot
1035 2975 1077 3033 sic
1100 2978 1176 3034 enim
1191 2976 1286 3052 soleo,
1301 2978 1342 3039 ad
1364 2996 1499 3055 queam·

151 3082 210 3143 que
233 3064 340 3135 scribo,
359 3060 474 3137 iudicia
497 3059 533 3119 de
556 3062 628 3118 meis
653 3062 821 3137 incorrupta
835 3061 1005 3138 efflagitare.
1038 3062 1074 3120 Bt
1089 3063 1160 3121 mihi
1184 3063 1287 3124 eredas
1312 3067 1411 3137 selina,
1433 3066 1499 3127 malt

152 3154 239 3212 unius
261 3149 373 3211 cordati
397 3164 558 3220 consuram,
583 3149 719 3223 quamvis
741 3165 847 3222 acrem,
870 3165 959 3225 quam
983 3152 1074 3209 totius
1097 3151 1178 3228 vulgi
1201 3153 1434 3215 inconsideratos
1453 3172 1501 3233 ap-

151 3240 284 3319 plausus.
330 3234 450 3299 Utinam
474 3252 544 3295 vero
568 3235 631 3307 tibi,
656 3234 708 3292 tali
731 3235 927 3312 intelligentia
948 3236 1092 3313 praedito,
1116 3237 1198 3296 alind
1213 3245 1400 3316 propositum
1418 3242 1500 3303 acet!

151 3328 226 3387 Nam
250 3325 305 3385 etsi
335 3325 484 3401 sapienter
513 3330 598 3382 tuat
625 3323 739 3382 occulte
772 3326 925 3400 proposito
955 3324 1114 3401 exemplari
1137 3334 1206 3387 tuac
1228 3345 1379 3404 personae
1401 3346 1501 3401 manu.

152 3412 315 3476 cadendum
338 3411 499 3473 raniversali
522 3412 715 3487 ignorantiae,
739 3427 794 3470 nee
815 3428 880 3471 sese
903 3419 1011 3471 temere
1034 3413 1222 3489 ingerendum
1238 3415 1287 3475 vel
1303 3416 1502 3496 opponend-

151 3501 234 3579 vulgi
258 3499 409 3560 doctorum
433 3498 579 3559 lusoribus
602 3500 677 3574 (qua
700 3501 728 3555 in
752 3515 783 3559 rs
806 3497 961 3559 Platonem
985 3508 1014 3559 et
1029 3499 1238 3578 Pythagoram,
1263 3514 1382 3565 nosnos
1402 3506 1500 3583 geul-

150 3607 207 3649 uus
228 3590 393 3664 magistros,
417 3587 572 3663 sequeris),
598 3595 696 3645 umen
720 3603 786 3645 cum
810 3586 866 3647 hoc
888 3587 988 3646 seculo
1010 3590 1135 3663 primum
1158 3607 1176 3646 a
1199 3589 1384 3667 copemicu,
1406 3590 1503 3655 dein&

150 3674 391 3752 aeomplnribus
414 3682 443 3734 et
466 3673 643 3734 doctissimis
667 3690 785 3751 quoque
808 3673 1080 3733 mathematicorum
1104 3677 1238 3735 immanis
1268 3683 1368 3755 operia
1396 3682 1502 3739 mitian

150 3765 190 3824 sit
211 3764 330 3836 laetum,
354 3779 449 3839 neque
472 3763 529 3821 boc
548 3761 611 3837 jam
634 3777 721 3837 porro
743 3778 853 3820 notum
876 3764 923 3835 sit,
947 3761 1068 3822 Terram
1090 3766 1218 3824 moverit
1247 3770 1430 3843 praestiterit
1449 3770 1502 3827 lct-

148 3859 244 3924 taass,
268 3852 472 3910 communibus
487 3850 634 3926 suffragiis
649 3848 739 3908 semel
755 3848 911 3925 impulsum
928 3849 1005 3908 bunc
1019 3867 1133 3909 cunum
1149 3854 1335 3915 continenter
1349 3856 1389 3916 ad
1403 3866 1502 3917 metu

148 3956 264 4016 rapere,
295 3946 341 4009 ut,
370 3939 441 4014 qula
468 3940 614 3997 rationum
645 3935 775 4012 pondera
798 3937 905 4014 vulgus
928 3940 1027 3996 minus
1050 3937 1153 4011 librat,
1185 3943 1416 4004 auctoritatibus
1436 3940 1501 4003 stlat

149 4028 244 4103 magia
264 4026 419 4100 magisque
443 4026 566 4084 obruere
590 4026 779 4100 incipiamus,
810 4026 834 4082 si
857 4025 930 4084 lorte
953 4042 1005 4102 per
1027 4025 1159 4086 iraudem
1182 4028 1279 4104 ipsum
1308 4031 1340 4089 lu
1364 4034 1501 4109 mguitie·

148 4129 216 4173 uam
240 4114 373 4172 veritatis
403 4111 563 4188 perducere
592 4128 745 4188 queamus.
791 4110 857 4171 Tua
887 4115 1000 4173 ratione
1030 4114 1116 4172 simul
1141 4114 1311 4176 laborantes
1335 4126 1382 4179 tot
1402 4120 1500 4197 iniqui

146 4199 268 4275 judiciis
290 4202 388 4259 socios
410 4200 575 4274 adjuturas,
603 4199 671 4258 dum
695 4198 736 4256 illi
762 4199 808 4257 vel
832 4201 972 4259 solatium
995 4208 1133 4277 caperent
1155 4219 1191 4262 ex
1214 4210 1267 4262 tun
1290 4220 1436 4267 musenaa
1457 4204 1499 4267 vd

147 4286 327 4364 praesidium
351 4304 388 4346 ex
410 4290 595 4347 auctoritate.
632 4287 698 4347 Non
715 4288 792 4347 enim
815 4291 858 4346 tui
881 4289 979 4349 solum
1001 4288 1069 4348 Itali
1092 4297 1169 4363 sunt,
1192 4292 1243 4368 qui
1266 4308 1300 4352 ae
1322 4296 1435 4356 moseri
1449 4294 1498 4355 ast

147 4377 276 4434 sentiant
298 4374 415 4435 credere
444 4391 503 4433 uon
531 4384 670 4452 possunt,
697 4374 750 4434 sed
778 4377 866 4435 etiam
895 4392 949 4436 nos
972 4376 1020 4436 hic
1043 4379 1071 4434 in
1096 4375 1255 4438 Germania
1283 4396 1344 4441 nou
1368 4384 1499 4461 optim

148 4459 286 4536 dogmate
318 4465 376 4521 istc
404 4464 529 4539 gratiam
557 4464 674 4522 inimus.
720 4462 830 4522 Verum
853 4472 921 4523 sunt
944 4466 1088 4538 rationes,
1120 4466 1228 4541 quibus
1249 4484 1306 4529 nea
1328 4482 1431 4531 cenna
1451 4470 1499 4531 h

147 4546 334 4609 difficultates
357 4553 532 4609 muniamus.

251 4635 390 4710 Primum,
414 4638 453 4696 ab
476 4636 528 4697 illa
551 4639 660 4714 iugeutl
684 4637 835 4699 hominnm
858 4637 1044 4701 multitudine
1068 4649 1224 4716 separatus
1252 4660 1336 4717 sum,
1364 4660 1419 4705 net
1445 4658 1499 4701 na

146 4727 214 4778 actu
236 4729 281 4781 tot
302 4723 462 4784 clamorum
484 4728 638 4803 strepitum
662 4726 776 4788 banaio.
822 4726 948 4802 Deinde,
972 4730 1022 4803 qul
1046 4728 1117 4787 mibi
1141 4736 1210 4788 snut
1230 4732 1378 4807 prorlml,
1400 4728 1499 4809 vulg·

145 4805 296 4875 btuuro
319 4819 374 4889 est,
394 4814 446 4893 qul
468 4829 534 4875 cum
557 4813 632 4875 baec
653 4815 799 4891 ambesa,
821 4821 857 4876 ut
879 4818 975 4903 alunt,
999 4832 1059 4876 non
1082 4819 1211 4897 capiant,
1232 4821 1379 4883 tabunt
1398 4828 1498 4897 tm,
