3308 5534
148 431 213 500 644
451 423 633 487 summarium
650 422 789 484 Historiae
806 423 998 504 mnenomiae
1015 420 1109 484 smnio
1127 422 1203 489 xii.
1302 400 1309 413 ⁰

147 605 274 665 tinuerit.
310 606 404 676 Tycho
422 605 519 661 refert:
546 603 670 675 ,literas
688 607 721 668 (d.
740 620 807 656 anuo
828 606 905 664 toto)
928 600 1044 672 ipsemet
1065 602 1260 659 Rothmanuua
1282 616 1377 661 accan
1401 603 1487 673 auli,

148 696 259 765 quaudo
276 711 320 751 me
338 697 466 765 Augusto
484 707 578 748 mense
595 690 758 760 Urauiburgi
783 691 888 761 inrisit,
912 697 944 746 ut
961 690 1141 747 insnnneuta
1158 707 1221 747 mea
1238 691 1409 762 perspiceret
1424 700 1449 749 at
1462 692 1490 747 le

146 781 288 838 nonnullis
309 781 344 837 ad
362 781 435 837 hano
453 781 594 837 scientiam
617 779 725 849 plenius
744 778 923 834 excolendam
946 776 1109 834 facientibus
1132 794 1240 834 mecum
1259 777 1404 835 conferret
1435 780 1490 835 Coa

145 883 196 938 par
212 869 320 938 aliquot
337 869 505 937 septimanas
517 881 622 923 mecum
634 867 680 922 ille
692 866 737 921 hie
749 873 908 936 moraretur,
927 865 1044 922 subinde
1062 865 1114 922 hae
1132 865 1166 921 de
1179 881 1210 922 re
1222 882 1288 923 cnm
1301 881 1336 923 eo
1349 868 1393 939 egl
1408 866 1488 938 ipsius

147 971 201 1025 que
217 962 380 1025 argumenta
398 953 496 1022 infregi
515 953 721 1023 hominemque,
746 955 814 1010 alias
831 955 859 1011 in
877 970 928 1011 sno
946 955 1088 1026 proposito
1111 953 1259 1010 admodum
1279 962 1489 1027 perseverantem

146 1044 256 1100 tandem
274 1058 307 1098 eo
324 1041 417 1112 adegi,
442 1048 474 1096 ut
490 1041 640 1097 haesitaret
656 1042 773 1110 primum
791 1041 929 1112 nonnihil,
952 1049 1050 1112 postea
1067 1045 1189 1102 timidius
1207 1054 1237 1102 et
1255 1047 1348 1104 miuus
1365 1053 1434 1103 certo
1448 1045 1488 1100 ista

146 1138 295 1199 assereret,
316 1132 423 1186 demum
442 1146 472 1185 se
490 1129 558 1185 nihil
576 1131 629 1184 hae
646 1130 681 1184 de
697 1145 728 1184 re
744 1131 880 1187 hacteuus
898 1130 927 1185 in
945 1129 1084 1201 publicum
1104 1132 1223 1189 edidisse
1249 1150 1300 1190 nee
1325 1133 1354 1189 in
1372 1141 1487 1203 postam

143 1220 174 1275 id
192 1221 341 1284 facturum,
364 1217 412 1273 sed
439 1217 536 1273 saltem
559 1218 718 1288 disputandi
740 1217 827 1287 gratia
852 1219 919 1273 hacc
941 1217 1008 1273 mihi
1026 1221 1203 1289 proposuisse
1228 1228 1421 1279 asaeseraret'.
1450 1218 1486 1274 llis

150 1307 292 1376 subjungit
316 1306 411 1376 Tyoho
434 1314 595 1375 argumenta
618 1305 765 1376 quaedam,
791 1306 890 1377 quibus
912 1308 1045 1363 rationem
1064 1307 1207 1378 Ceperuici
1231 1308 1350 1365 refutmi
1369 1308 1485 1378 opinetur:

146 1402 336 1464 argumentum
355 1394 390 1450 de
408 1408 474 1450 casu
492 1394 595 1464 plumbi
614 1410 649 1449 cx
667 1393 801 1449 altissima
818 1396 900 1464 turri,
919 1394 987 1450 illud
1000 1395 1034 1450 de
1049 1400 1200 1461 ,tormento
1214 1395 1416 1465 bombardico⁸,
1430 1392 1484 1465 quoi

146 1483 282 1554 Keplerus
301 1488 379 1538 taret
394 1483 447 1538 rol.
467 1484 517 1536 lli.
535 1501 562 1552 p.
576 1483 636 1544 152.
654 1482 707 1538 458
718 1497 757 1537 ss.
786 1482 911 1552 Denique
928 1482 981 1538 hoo
999 1481 1079 1538 affert
1097 1484 1364 1553 ,experimentum‘2
1384 1481 1483 1553 ‚quasa

146 1571 312 1637 existiment,
332 1570 415 1625 telum
434 1586 449 1626 e
467 1571 529 1626 nasi
548 1586 655 1625 sursum
674 1570 792 1638 eJeotum
810 1584 934 1625 casurum
953 1570 981 1625 iu
1000 1571 1115 1626 cundem
1133 1571 1224 1627 locum
1243 1579 1321 1627 mota
1338 1571 1408 1638 nari,
1424 1584 1482 1639 qma

146 1658 313 1727 pertingeret
330 1657 383 1712 hac
402 1658 572 1726 quiescente3
600 1656 800 1713 inconsiderate
818 1657 871 1712 hoe
887 1656 1042 1726 proferunt,
1068 1674 1130 1714 cnm
1148 1675 1192 1714 res
1214 1659 1298 1728 louge
1317 1658 1397 1714 aliter
1411 1673 1437 1713 se
1450 1656 1481 1711 la·

146 1745 220 1801 beat.
256 1745 341 1799 Immo
361 1760 415 1813 quo
436 1744 557 1799 velocior
574 1745 626 1800 erit
643 1745 719 1800 naris
738 1745 885 1815 promotio,
910 1759 943 1799 eo
962 1744 1023 1814 plus
1041 1746 1193 1802 invenietur
1211 1745 1401 1802 discriminis·

252 1833 422 1900 Quemquam
443 1831 488 1886 hic
506 1832 632 1887 audimus
651 1832 807 1902 Tychonem
827 1832 1001 1902 gloriantem,
1026 1832 1230 1888 Rothmanuum
1256 1832 1358 1890 victum
1376 1832 1415 1888 his
1430 1831 1480 1887 alsa·

146 1937 199 1989 que
211 1921 334 1988 ejusdem
346 1916 475 1976 momenti
488 1920 648 1988 rationibus,
661 1921 801 1976 victoriam
812 1921 866 1991 ipsi
878 1920 1046 1990 concesisse,
1065 1919 1150 1975 nihilo
1164 1919 1255 1974 minus
1267 1918 1424 1987 dubitamus
1434 1934 1480 1974 nra

148 2009 338 2062 Rothmaunus
359 2014 416 2062 tum
436 2005 519 2077 plane
541 2008 706 2076 acquieverit
726 2009 875 2064 rationibus
887 2006 1034 2077 Tychonis,
1055 2023 1116 2063 cum
1133 2009 1162 2063 in
1180 2007 1300 2078 epistola
1316 2025 1341 2064 a.
1358 2009 1424 2071 ibib,
1438 2014 1482 2078 past

148 2096 268 2163 quinque
292 2109 423 2148 annorum
449 2092 587 2148 silentium
612 2094 646 2148 ad
669 2095 872 2149 Rothmaunum
894 2093 978 2149 missa
1000 2093 1094 2163 'lycho
1119 2094 1214 2149 eadem
1239 2094 1313 2162 fere,
1337 2110 1404 2166 qnae
1424 2104 1482 2148 anta

147 2187 243 2236 contra
262 2181 440 2250 Cuperuicnm
465 2180 637 2251 prodiderat,
662 2188 781 2250 repetat,
805 2182 858 2236 hoc
881 2188 987 2236 tautum
1010 2182 1208 2253 pronuncians,
1235 2199 1348 2254 sperare
1369 2196 1409 2245 ae,
1430 2194 1480 2236 ιιιι

136 2260 255 2325 ‘demum
273 2267 428 2322 Rothmauo
448 2283 477 2323 se
495 2268 699 2324 satisfacturum
724 2267 809 2338 fore..
825 2269 857 2330 ln
876 2267 970 2325 eadem
984 2269 1101 2338 epistola
1118 2270 1189 2328 haec
1206 2271 1300 2327 addit:
1322 2270 1480 2338 ,Estiusuptt

147 2371 276 2427 magnum
308 2363 497 2424 argumentum
528 2353 692 2410 infirmitatis
723 2355 903 2411 assertionum
927 2357 1189 2431 copernicauarum,
1218 2360 1293 2429 quod
1324 2356 1478 2416 eremesa

147 2444 245 2499 Martis
269 2459 442 2512 nequaquam
465 2445 504 2499 ita
528 2459 559 2498 ee
583 2444 696 2513 habeat,
720 2449 802 2514 prout
823 2443 886 2498 illae
910 2443 1060 2513 postulant.
1102 2444 1191 2513 Quum
1215 2445 1288 2500 enim
1306 2445 1331 2501 ia
1349 2443 1436 2501 Musa
1452 2454 1479 2497 ιι

143 2530 345 2585 'ccutmoitatem
368 2529 509 2599 aliquanto
527 2531 658 2585 minorem
684 2547 765 2600 quam
789 2530 844 2586 fert
863 2528 1010 2586 Ptolemaei
1037 2531 1177 2588 denotatio
1195 2547 1227 2587 se
1244 2531 1411 2588 adinvenias
1429 2526 1479 2587 ιβ*

148 2617 237 2683 merit,
261 2623 368 2670 tautum
392 2616 471 2672 abest
494 2616 568 2686 quod
585 2632 631 2672 res
649 2619 688 2672 ite
709 2632 740 2672 se
757 2617 867 2687 haheat,
891 2625 922 2673 nt
940 2617 1037 2673 Martis
1061 2618 1251 2675 eccantricitas
1273 2635 1292 2674 a
1316 2619 1392 2675 nobis
1411 2617 1479 2687 dep

65 2750 69 2759 .
147 2704 235 2759 hensa
258 2705 294 2759 eit
315 2719 365 2772 per
388 2704 497 2761 minime
522 2706 618 2761 dubiae
644 2705 919 2776 experimentatioues
946 2707 1040 2762 eadem
1068 2720 1152 2777 peue,
1178 2721 1262 2776 quam
1280 2696 1480 2762 Ptolemaeus!

148 2791 274 2846 attribuit
297 2791 340 2846 vel
363 2793 455 2861 potius
479 2794 619 2848 nonnihilo
643 2792 738 2862 major.
779 2794 817 2849 Ut
840 2801 870 2850 et
892 2793 927 2850 de
951 2795 1066 2851 Veneris
1089 2792 1296 2850 ementrieisaae
1321 2792 1388 2850 uiuit
1410 2790 1480 2853 Μ

149 2893 220 2946 qnae
238 2878 343 2947 pariter
361 2878 446 2934 multo
465 2879 546 2935 aliter
563 2895 593 2936 se
612 2879 704 2950 hahet,
723 2896 803 2950 quam
816 2882 982 2936 asseveravit
994 2880 1188 2952 Copernicus.⁸
1225 2879 1333 2935 Iterum
1350 2878 1424 2935 tinam
1437 2872 1482 2932 fl

149 2966 238 3021 rerhia
257 2968 417 3036 saepissime
434 2969 651 3025 recurrentibus:
673 2970 730 3033 ,De
748 2969 848 3037 quibus
867 2969 936 3025 alias
953 2956 1012 3024 Deo
1031 2968 1140 3023 volente
1159 2968 1267 3024 latius·

256 3054 382 3124 Reliqua,
412 3071 484 3124 qnae
513 3057 606 3111 insunt
635 3055 698 3110 huic
726 3052 902 3124 epistolarum
927 3055 1097 3122 collectioni,
1123 3057 1218 3126 paucis
1243 3056 1389 3128 complecti
1409 3053 1487 3126 pist&

151 3139 356 3196 Wilhelmus
378 3141 568 3213 Landgrarius
591 3141 675 3198 refert
697 3143 902 3198 observationes
927 3158 992 3197 ase
1010 3142 1071 3212 ipso
1095 3150 1124 3198 et
1147 3141 1324 3211 adjutoribus
1349 3144 1415 3211 suis,
1435 3142 1485 3197 Ἰ

153 3242 224 3296 quos
248 3234 308 3284 erat
333 3228 441 3297 celeber
462 3228 509 3284 ille
534 3230 632 3285 artifex
655 3231 672 3285 J
679 3237 776 3285 ustus
800 3229 965 3299 Byrgius,
991 3230 1085 3285 factae.
1123 3232 1165 3286 De
1191 3230 1295 3301 Byrgio
1318 3232 1373 3297 (etr.
1392 3234 1422 3286 ll.
1442 3226 1484 3291 iiii

150 3315 203 3370 hoe
229 3316 283 3370 fert
301 3315 454 3373 indicium:
482 3318 587 3382 ,Vuser
605 3317 773 3372 Vhrmacher
791 3314 856 3371 Just
873 3315 978 3384 Burrji,
1004 3317 1050 3386 qni
1074 3319 1154 3386 qnasi
1178 3318 1311 3387 indagine
1329 3315 1399 3374 alter
1413 3312 1485 3372 dr&

152 3403 244 3457 medes
263 3404 323 3458 ist.“
357 3403 451 3472 Tycho
469 3403 669 3472 Landgrarium
690 3410 783 3458 monet
802 3401 837 3457 de
854 3404 1042 3458 instrumentis
1061 3414 1189 3460 accurate
1208 3404 1402 3462 construendis
1416 3412 1442 3459 et
1454 3398 1500 3457 ὑ·

153 3492 356 3547 servatiouibus
374 3492 426 3547 rito
444 3491 628 3557 instituendis,
647 3491 770 3561 disputat
788 3490 822 3545 de
842 3489 923 3545 stella
942 3493 1005 3547 anni
1021 3493 1086 3548 ¹572
1106 3500 1134 3547 et
1152 3500 1261 3549 romeu
1279 3494 1346 3549 anui
1360 3494 1432 3550 iiii.
1451 3484 1487 3545 fl

153 3585 330 3633 aoamserunt
347 3578 551 3648 disquisitiones
570 3578 813 3633 astronomicornm
833 3578 1002 3645 quorundam
1021 3578 1232 3648 problematum,
1249 3589 1487 3636 muscarum

152 3681 213 3720 rum
234 3665 302 3721 1590
320 3666 422 3734 (nodus
440 3665 499 3734 ejus
517 3681 534 3719 a
551 3665 681 3734 Tychone
699 3664 810 3735 ponitur
827 3663 856 3718 iu
873 3665 940 3721 339⁰
956 3666 1009 3731 lb',
1027 3665 1167 3722 inclinatio
1185 3666 1258 3736 42⁰),
1275 3674 1306 3722 et
1326 3667 1392 3724 1585
1408 3658 1487 3737 (ιωι
1511 3624 1517 3699 i

155 3750 231 3807 laain
249 3753 275 3807 ei
293 3752 389 3808 tribuit
406 3753 501 3823 Tyoho
522 3755 569 3822 lb,
594 3753 628 3807 de
645 3752 816 3823 planetarum
842 3759 941 3807 natura
959 3767 1043 3821 agens
1061 3753 1156 3823 Tycho
1173 3752 1256 3822 dicit,
1278 3754 1372 3809 inesse
1387 3750 1436 3809 itta
1448 3746 1488 3805 d
1512 3714 1517 3797 i

155 3855 241 3909 mam,
267 3857 321 3909 qua
345 3840 454 3910 impulsi
479 3838 683 3910 regularitatem
708 3839 854 3894 observent
872 3847 1001 3893 motuum.
1039 3839 1165 3910 Denique
1182 3841 1257 3896 iusst
1279 3840 1352 3897 libro
1368 3834 1488 3909 ti&
1513 3834 1517 3897 ι

154 3926 406 3991 instrumentorum,
426 3927 526 3996 quihus
545 3941 613 3981 usus
631 3933 676 3982 est
693 3926 797 3997 Tycho,
816 3934 844 3979 et
865 3926 950 3989 ,arcis
969 3925 1198 3994 Urauiburgicae⁸
1219 3927 1378 3985 delineatio
1395 3954 1425 3969 ··
1438 3924 1488 3981 c·

154 4014 202 4069 lio
212 4014 303 4068 thma
312 4031 373 4070 nno
392 4014 450 4084 agit
463 4014 556 4082 Tycho
574 4020 684 4082 praeter
698 4028 737 4082 ea,
757 4026 827 4081 quae
840 4012 1037 4082 praemisimus,
1058 4013 1092 4068 de
1104 4013 1269 4069 refmctione
1281 4018 1338 4078 (eir.
1351 4018 1384 4070 il
1396 4016 1487 4069 itui

159 4107 275 4167 ,aerem
294 4100 360 4155 dicit
378 4102 579 4166 llothmaunus,
606 4108 704 4156 natura
727 4099 788 4169 ipsa
811 4099 913 4154 mesic
937 4098 1064 4168 docente,
1089 4099 1229 4171 distinguo
1255 4101 1284 4157 ln
1309 4098 1488 4159 mnu-s

156 4188 377 4244 exhalationibus
395 4189 511 4243 terrenis
530 4189 686 4257 obnoxium,
706 4194 733 4241 et
750 4187 906 4256 inpurum,
931 4186 977 4254 qni
1000 4187 1060 4242 istis
1083 4186 1305 4246 exhalationibus
1328 4186 1435 4246 aad
1448 4194 1487 4241 1
1513 4172 1517 4229 Ῑ

157 4275 285 4345 inficitur,
305 4291 355 4330 uec
373 4276 481 4330 diversa
499 4275 618 4330 aetheris
638 4283 666 4329 et
683 4273 753 4330 atria
772 4272 910 4342 diaphaus
928 4280 1006 4341 suut,
1027 4290 1078 4330 neo
1096 4272 1276 4331 reframiones
1295 4275 1415 4345 alienia,
1427 4280 1487 4343 a·
1512 4272 1517 4333 l

161 4380 178 4418 a
196 4379 289 4418 crasso
308 4371 337 4417 ct
353 4379 487 4431 saporose
506 4369 568 4418 aere
587 4361 693 4418 oausam
711 4366 855 4431 possunt¹¹
888 4361 960 4415 lium
978 4359 1170 4417 Rothmaunus
1188 4366 1280 4417 aerem
1299 4378 1388 4434 usqua
1400 4360 1432 4417 al
1443 4356 1485 4429 ῥ

160 4457 238 4505 netas
257 4461 400 4505 extensum
419 4451 510 4519 ponit,
537 4450 675 4505 aetherem
693 4448 787 4519 Tycha
806 4447 841 4504 ab
859 4454 937 4516 aere,
964 4450 1011 4517 qui
1037 4450 1110 4505 ciros
1127 4448 1224 4506 Lunae
1250 4449 1344 4507 locuta
1359 4448 1483 4507 arud·

160 4536 312 4606 distinguit.
344 4538 462 4605 Certum,
481 4537 569 4605 iuquit
587 4537 784 4608 liothmnuuus,
804 4537 922 4607 spatium
942 4537 1013 4592 aeris
1032 4539 1063 4607 (a
1080 4537 1197 4593 terrenis
1216 4540 1365 4609 raporibt!
1380 4530 1483 4593 fflss

159 4622 309 4691 massionis,
327 4622 471 4677 altitudine
490 4624 681 4678 semidiametri
699 4625 811 4693 Terrae)
830 4640 847 4679 a
865 4625 938 4681 Solia
956 4625 1041 4682 radiis
1059 4626 1088 4682 in
1105 4626 1277 4697 crepitaculis
1301 4620 1480 4685 situum

160 4710 290 4777 albescit,
310 4710 381 4764 ultra
399 4710 465 4765 illud
479 4711 595 4780 spatium
609 4718 654 4766 adr
673 4712 707 4766 ab
727 4713 780 4767 iilis
797 4711 881 4768 radiis
899 4729 953 4768 uon
972 4712 1120 4768 illuminari
1138 4718 1241 4784 petest
1258 4712 1328 4771 alias
1345 4718 1427 4771 en!
1437 4716 1479 4777 Ρ
1506 4702 1517 4769 i

162 4804 245 4865 petua
263 4796 434 4865 crepuscula.
471 4798 586 4852 herilis
605 4814 714 4855 crassus
733 4816 782 4870 per
800 4816 829 4855 se
849 4799 1041 4858 refractionem
1061 4817 1116 4856 nou
1134 4816 1252 4858 ιιιιιιι
1267 4808 1372 4874 potest,
1386 4788 1477 4865 ,ΙΝ
1506 4788 1517 4873 ΙΙ

162 4882 440 4953 montuosam·
479 4883 598 4951 ‚mue
616 4892 708 4944 aaa
726 4888 799 4946 ιιι
814 4894 864 4946 aaa
881 4887 1023 4947 norem
1041 4891 1152 4948 enen
1168 4888 1323 4949 maas-
1333 4872 1475 4947 ωδ
