3308 5534
151 429 217 501 612
457 428 638 489 summarium
654 426 792 489 Historiae
808 427 1002 489 Aauonomiae
1018 428 1112 490 serub
1128 426 1206 489 m
1319 382 1326 393 ο

151 605 243 663 addus
263 609 306 661 est
322 604 483 675 inscriptus:
501 605 547 661 De
563 622 638 663 noso
655 607 737 663 stede
753 623 831 665 cano
842 611 914 667 itit.
933 608 958 665 d
977 615 1012 664 ll.
1023 608 1096 666 Noe.
1113 611 1223 683 vespm
1236 612 1269 667 ts
1285 612 1428 670 mar-0
1438 608 1489 669 0*

142 694 275 764 'weiss
292 694 367 750 arca
384 695 510 750 aarum
522 696 655 751 ιωίιιιιιιι
667 711 796 766 ausoque
807 696 963 766 insequenti
972 698 1130 767 conmissa,
1148 697 1197 754 aed
1207 713 1300 754 nesae
1311 697 1491 769 Heio-agai

149 782 247 838 tudine
270 788 297 838 st
317 781 460 852 splendore
477 780 542 850 jam
558 783 706 839 diminuto.
740 782 869 852 Henioc
886 788 956 838 itit.
994 784 1057 853 Ipse
1075 784 1168 855 Tyoho
1191 785 1223 840 iu
1243 798 1328 855 opus
1349 784 1490 855 niorelt

150 868 232 925 atella
249 870 314 925 anui
332 869 402 926 1572
421 870 631 936 (doroberniae
655 872 831 926 instauratae
847 869 1111 941 Propensior-ura.
1146 871 1248 927 Prisca
1264 887 1351 943 para,
1374 872 1408 928 da
1427 872 1490 929 reai

130 950 256 1015 'testim
272 963 396 1014 motuum
413 957 489 1014 Solis
506 964 533 1014 et
551 957 652 1014 Lusus
668 958 861 1028 maenaque
876 959 1062 1014 inerrantium
1078 966 1105 1016 st
1117 965 1267 1030 praeterea
1288 959 1326 1016 da
1342 956 1489 1015 M

148 1045 230 1102 stelio
247 1062 324 1102 anso
345 1050 403 1099 tow
421 1052 527 1102 exorta
566 1045 651 1117 Typis
668 1047 803 1105 Monta
824 1048 1278 1120 burburenensem
1294 1046 1487 1119 Promisti

149 1150 283 1190 summam
300 1150 402 1202 eorum,
421 1150 493 1204 quae
509 1134 586 1204 prius
605 1134 708 1190 editum
727 1136 887 1206 opusculum
901 1139 1030 1206 continet,
1050 1136 1144 1191 refert.
1173 1133 1345 1199 „Eanum
1361 1142 1391 1190 et
1410 1134 1487 1203 eguit

149 1222 203 1278 hac
220 1223 282 1293 ipsa
299 1223 382 1277 stelle
400 1222 533 1291 quasdam
552 1222 676 1291 pagellas
694 1224 786 1278 statim
808 1225 930 1292 aprimo
953 1224 1013 1294 ejus
1036 1222 1148 1279 exordio
1170 1222 1255 1292 idque
1277 1238 1335 1277 uon
1357 1236 1393 1279 aa
1408 1222 1487 1287 uhu.

149 1316 181 1364 ut
198 1311 226 1365 in
243 1309 384 1379 publicum
403 1325 521 1378 unquam
545 1309 709 1363 emittendas
733 1308 871 1366 docorem.
907 1309 962 1366 Sed
980 1327 1040 1365 cum
1066 1311 1139 1381 apud
1158 1310 1308 1367 Steuonem
1325 1310 1397 1366 Billa
1422 1325 1485 1365 am

151 1396 242 1452 culum
260 1413 350 1452 meum
368 1406 435 1451 tuuc
453 1399 583 1465 temporis
598 1405 780 1452 commoratus
793 1411 897 1465 essem,
917 1397 1121 1461 conscribebam
1139 1397 1204 1451 mihi
1223 1397 1276 1466 ipsi
1295 1398 1413 1453 siderum
1429 1398 1484 1468 poti

148 1491 193 1539 tus
212 1499 267 1539 una
285 1499 347 1540 cum
366 1484 509 1538 exortibus
528 1491 610 1554 utque
629 1484 890 1553 configurationibus
909 1486 991 1540 variis
1009 1485 1044 1539 ed
1063 1485 1186 1553 singulos
1204 1485 1273 1553 dies,
1292 1492 1321 1539 et
1339 1485 1484 1557 ortygiam

151 1570 325 1627 luminarium
343 1572 554 1641 praecipuorum
573 1573 783 1628 constitutiones
801 1588 861 1628 cum
881 1573 938 1627 suis
958 1572 1154 1628 directionibus
1173 1572 1361 1642 designabnm,
1378 1573 1483 1645 idqueeo

147 1661 312 1727 praesertim
330 1659 447 1724 nomine,
468 1665 499 1713 ut
516 1659 690 1728 inquirerem,
709 1660 805 1729 quales
824 1659 1052 1727 meteorologioae
1069 1660 1264 1730 impressiones
1282 1662 1312 1716 iu
1323 1668 1416 1718 notho
1431 1660 1484 1717 hori

147 1753 228 1801 sonte
251 1747 286 1802 ab
305 1746 361 1802 alia
378 1755 462 1815 atque
485 1747 539 1802 alie
563 1747 682 1802 eidemin
706 1746 887 1817 dispositione
904 1745 1046 1816 prodirent
1069 1754 1154 1817 atqua
1179 1749 1218 1802 ita
1240 1748 1484 1819 puerperiorum

147 1833 252 1902 aliquid
270 1838 338 1891 certi
357 1838 430 1892 circa
448 1837 519 1890 hanc
543 1849 641 1905 perse
660 1832 770 1888 dubiam
793 1835 975 1890 mutationum
998 1835 1132 1889 aeriarum
1158 1835 1343 1905 cognitionem
1360 1833 1485 1907 persa*

147 1934 247 1979 cerem.
276 1922 383 1978 Accidit
395 1924 498 1993 itaque,
516 1931 548 1978 ut
566 1921 697 1976 nonnulla
710 1936 744 1975 ex
757 1921 992 1977 observationibus
1010 1922 1038 1976 in
1056 1920 1138 1977 stelle
1155 1921 1208 1976 hae
1220 1922 1333 1978 insolita
1344 1937 1361 1977 a
1371 1920 1484 1977 metati

150 2011 316 2077 geometrice
334 2026 456 2081 expensa
474 2012 502 2065 iu
521 2025 648 2065 numeros
667 2009 803 2063 resolvere
821 2015 849 2064 et
867 2009 955 2064 eidem
974 2007 1060 2063 diario
1072 2008 1225 2078 praefigere
1237 2024 1294 2063 non
1313 2008 1485 2065 ἰιιοοιιιιιὶα

148 2096 283 2165 dunarim.
315 2099 438 2167 Cumque
450 2105 548 2167 postea
561 2099 654 2167 (1513.
668 2099 744 2164 vere)
763 2096 893 2151 Heluium
907 2096 1097 2165 exeumlssem,
1116 2096 1188 2150 iuter
1199 2096 1270 2151 alios
1283 2096 1350 2153 clar.
1363 2104 1391 2154 st
1401 2100 1484 2167 pm
1536 2102 1539 2125 ³

147 2184 205 2240 riro
223 2187 259 2241 D.
277 2185 296 2241 J
301 2187 409 2241 oanni
427 2184 595 2241 Pratensi
615 2186 729 2240 diarium
748 2184 816 2240 illud
834 2200 890 2240 una
907 2199 969 2239 curu
988 2183 1031 2254 iis,
1050 2198 1122 2252 quse
1139 2183 1174 2240 de
1191 2200 1263 2241 nora
1275 2184 1360 2241 atella
1375 2183 1486 2255 ιιΙΙιιιι·

147 2286 215 2341 ram,
233 2271 433 2342 inspiciendum
452 2271 525 2327 dedi.
563 2273 591 2327 Is
609 2272 782 2341 perlustrans
800 2269 959 2340 diligentius
977 2285 1022 2339 ea,
1049 2285 1120 2339 quae
1143 2270 1178 2326 de
1195 2271 1250 2328 hac
1267 2272 1350 2327 stells
1365 2272 1485 2341 semigar

114 2416 119 2423 ,
147 2374 220 2426 ram,
244 2361 337 2416 stetim
355 2360 481 2415 hortator
498 2358 563 2423 luit,
589 2366 620 2415 ut
638 2360 741 2428 publici
755 2360 828 2429 juris
844 2359 906 2414 lieri
924 2359 1112 2416 eouoederem.
1147 2362 1186 2416 At
1203 2375 1269 2431 ego,
1294 2362 1343 2431 qul
1360 2362 1425 2417 autb
1438 2372 1487 2415 ott·

148 2447 222 2503 scius
240 2461 328 2516 eram,
354 2463 437 2517 quam
456 2446 622 2504 festinanter
644 2446 691 2503 illa
710 2452 846 2517 concepta
863 2453 958 2503 essent
976 2461 1113 2516 quamque
1131 2448 1225 2503 munis
1248 2464 1299 2518 pro
1316 2448 1358 2503 rei
1373 2446 1486 2516 nageb

147 2532 212 2589 diue
230 2542 315 2603 atque
333 2535 425 2590 adhuc
443 2536 523 2605 quasi
541 2534 698 2602 immatura,
722 2536 811 2606 ipsius
830 2535 955 2605 petitioni
972 2536 1134 2604 renuebam,
1160 2535 1279 2605 addens,
1305 2550 1361 2592 uon
1378 2533 1436 2591 aliis
1449 2530 1487 2589 sd
1537 2596 1539 2601 ,

147 2621 214 2675 mihi
231 2621 402 2692 ipsiuelmm
422 2623 491 2678 haec
509 2638 571 2678 esse
590 2622 739 2694 descripta,
758 2639 848 2693 neque
866 2623 935 2678 adeo
953 2632 1080 2678 emuncta
1098 2622 1248 2693 elaborata,
1266 2630 1299 2679 ut
1316 2622 1398 2693 digna
1413 2624 1488 2677 etad

147 2709 364 2765 ineruditorum
387 2728 483 2767 manus
509 2711 611 2767 venire.
647 2709 699 2765 llle
716 2717 808 2766 tamen
830 2710 954 2780 pluribus
978 2710 1112 2775 instabat,
1137 2724 1232 2765 rerum
1256 2710 1349 2766 adhuc
1372 2709 1400 2765 id
1415 2708 1488 2781 ip·

147 2796 221 2865 apud
247 2812 290 2851 me
315 2798 439 2853 obtinere
461 2815 516 2854 nou
543 2798 644 2869 potuit.
682 2800 765 2854 liram
792 2799 863 2853 euim
887 2803 953 2852 tuuc
976 2797 1158 2852 communiter
1182 2808 1298 2868 recepto
1316 2796 1489 2869 pleraq-qa

147 2884 285 2940 Nobilium
303 2885 430 2940 Virorum
448 2885 617 2956 praejudicio
634 2886 756 2943 imbutus
779 2893 864 2954 atque
887 2885 1050 2954 fascinatus,
1075 2884 1150 2955 quod
1168 2885 1297 2940 videlieet
1321 2900 1375 2941 uon
1397 2883 1489 2939 dem

147 2971 231 3027 nobili
249 2989 350 3042 genere
369 2981 471 3043 uatum,
490 2973 631 3042 quippiam
655 2973 682 3027 in
702 2974 807 3029 artibus
826 2972 996 3027 scholasticis
1020 2971 1109 3027 moliri
1132 2980 1180 3027 aut
1206 2973 1233 3026 iu
1252 2972 1391 3041 publicum
1415 2971 1490 3027 ein

147 3059 225 3115 Adeo
245 3061 379 3128 siquidem
398 3062 552 3117 invaluerat
575 3078 681 3118 morum
701 3068 729 3117 et
745 3061 913 3130 judiciorum
937 3060 1089 3129 vulgarium
1109 3059 1278 3129 corruptela,
1304 3066 1336 3115 ut
1352 3058 1491 3115 iuducet·

147 3147 274 3215 putarim,
293 3148 395 3216 uliquid
409 3156 518 3218 praeter
537 3149 652 3205 aliorum
670 3149 898 3206 cousuetudinem
916 3148 1052 3205 iactitare.
1089 3148 1121 3202 ln
1140 3147 1267 3203 Scauiam
1286 3163 1330 3203 me
1347 3146 1446 3217 recepi,
1460 3142 1490 3199 Ν

147 3239 205 3288 tum
224 3235 347 3305 demum,
372 3245 518 3307 postquam
537 3255 552 3293 e
571 3240 716 3295 Germania
735 3239 835 3295 allatae
861 3246 954 3294 essent
971 3236 1106 3291 rariorum
1125 3234 1160 3289 de
1177 3233 1230 3290 bac
1248 3233 1331 3290 stella
1348 3232 1491 3295 teum.

148 3322 247 3391 quibus
265 3325 372 3380 relectis
391 3327 520 3395 (quorum
538 3327 661 3397 plerique
680 3344 715 3382 ex
733 3343 766 3383 ea
784 3325 930 3396 genuinum
949 3324 1084 3394 quendam
1103 3328 1239 3378 cometam
1257 3321 1389 3392 fecerant,
1406 3318 1492 3385 Μ

147 3411 196 3465 ι111
216 3415 257 3482 15,
277 3413 323 3467 ι111
342 3415 441 3470 saltem
462 3417 493 3473 12
512 3431 529 3469 a
548 3416 640 3469 Terris
659 3422 794 3469 remotum
812 3411 1028 3480 semidiametris,
1047 3411 1116 3466 adeo
1134 3419 1165 3465 ut
1184 3410 1212 3465 iu
1230 3410 1321 3467 ricino
1340 3416 1402 3466 atre
1417 3404 1492 3465 Μ’·

147 3504 261 3570 steret),
285 3502 353 3556 satis
371 3503 437 3556 mihi
456 3503 581 3557 conscius
599 3516 656 3554 rem
674 3501 755 3570 longe
774 3498 903 3556 aliterue
921 3499 1022 3554 babere
1040 3509 1069 3554 et
1085 3499 1114 3553 iu
1132 3498 1266 3553 altissimo
1291 3498 1404 3553 aethera
1419 3494 1492 3551 affl

148 3585 323 3656 parallaxeos
343 3597 484 3658 expertem
503 3588 640 3643 effulsisse
659 3589 730 3643 bunc
748 3587 871 3643 stellam:
897 3587 965 3643 istas
983 3588 1100 3657 ineptias
1123 3584 1272 3641 arembar
1295 3590 1380 3653 atque
1400 3580 1491 3653 njltb

151 3672 212 3728 bam
232 3675 365 3747 coepique
384 3691 445 3730 mea
463 3675 622 3743 recolligere
641 3684 669 3730 et
688 3674 776 3743 pluris
794 3690 877 3743 quarn
895 3681 977 3730 autea
994 3676 1149 3730 aestimare.
1185 3674 1309 3742 Cumque
1325 3671 1417 3727 denuo
1433 3664 1489 3725 lid·

150 3763 223 3819 ulam
241 3764 432 3833 cucurrissem,
452 3765 570 3832 optimus
589 3763 635 3819 ille
653 3764 794 3820 Pratensis
814 3779 847 3819 ne
866 3770 932 3817 tuuc
951 3763 1075 3832 quidem,
1101 3770 1132 3816 ut
1150 3761 1315 3831 scriptulum
1332 3760 1401 3817 illud
1417 3752 1490 3829 pafl-

148 3851 205 3905 cari
222 3851 422 3922 permitterem,
447 3850 586 3905 adhortari
605 3852 771 3906 destitit...
790 3859 818 3906 et
836 3865 946 3906 reverso
965 3850 1030 3903 mibi
1048 3849 1264 3919 linudstorpium
1289 3865 1341 3920 per
1358 3848 1447 3904 literas
1460 3840 1491 3900 ti»

146 3934 281 4006 flagitarc,
301 3937 373 4006 quod
394 3945 476 3991 antea
494 3937 584 3992 verbis
603 3953 693 3993 coram
712 3937 836 3992 obtinere
847 3936 1016 4005 nequiverat¹
1037 3938 1239 4007 persererarit;
1258 3936 1360 4005 quibus
1377 3930 1490 4007 perlati!

148 4023 314 4093 tandemque
332 4026 360 4079 in
380 4041 457 4080 suam
476 4026 639 4081 senteutiam
657 4025 822 4095 perductus,
846 4024 873 4080 id
891 4025 1024 4094 quidquid
1044 4034 1104 4080 erat
1128 4025 1163 4080 de
1180 4024 1232 4080 hac
1250 4024 1333 4079 stella
1351 4040 1369 4080 a
1385 4038 1427 4079 aa
1440 4032 1491 4075 en·

148 4113 221 4183 cepti
245 4114 515 4170 commentatiunculi
542 4130 598 4170 una
625 4129 688 4169 cum
711 4122 770 4169 toto
794 4113 880 4168 diario
904 4112 944 4166 illi
967 4113 1106 4168 transmisi
1134 4114 1280 4180 omniaque
1308 4112 1369 4181 ejus
1395 4102 1491 4165 Μ

148 4200 274 4256 iacienda
292 4205 429 4270 concessi,
457 4204 504 4271 qui
529 4221 593 4258 mox
617 4204 741 4259 libellum
767 4201 939 4272 typographo
959 4201 1072 4257 tradidit
1090 4210 1118 4256 et
1135 4199 1252 4270 imprimi
1276 4199 1395 4267 eumvit3
1419 4202 1491 4263 tlt!

148 4295 298 4357 constaret,
317 4307 371 4359 qua
389 4291 534 4346 occasione
551 4290 661 4345 libellus
679 4290 727 4344 ills
745 4290 876 4359 prodiret,
895 4288 1040 4358 epistolam
1059 4304 1147 4355 suam,
1166 4303 1221 4358 qus
1232 4287 1382 4343 editione!
1398 4282 1491 4341 eut·

148 4390 227 4431 amo
246 4378 454 4446 impetraverat,
480 4394 536 4432 unu
562 4393 621 4431 cum
648 4393 708 4431 mea
732 4378 910 4447 responsione
933 4377 1036 4445 scripto
1060 4375 1109 4429 illo
1127 4377 1317 4447 praeposuit·.
1351 4374 1408 4431 sut
1423 4372 1489 4429 bn

150 4463 229 4519 addit
246 4464 355 4535 Tycbo,
375 4465 506 4533 scriptum
525 4480 556 4519 ae
574 4482 624 4534 pro
643 4466 740 4535 majori
759 4473 836 4535 parte
854 4464 1020 4519 verbotenus
1039 4463 1221 4532 subjungere,
1240 4464 1307 4530 quia
1326 4474 1427 4535 ,μιαί
1439 4456 1489 4527 ᾧ

148 4551 223 4606 edita
240 4560 306 4606 suut
324 4552 491 4621 exemplaria
516 4557 544 4605 et
560 4553 645 4607 multo
671 4553 801 4621 pauciora
819 4552 853 4607 ad
877 4560 988 4607 exteros
1008 4550 1136 4621 (quadam
1161 4553 1330 4623 typographi
1351 4544 1489 4611 usin*

149 4644 358 4708 perreneruut“.

254 4728 358 4782 Locum
382 4727 478 4782 stellae
502 4742 588 4783 norae
612 4729 640 4783 in
659 4729 712 4784 boc
737 4728 831 4801 libello
850 4746 884 4785 ex
912 4729 1047 4786 distantiis
1073 4727 1108 4784 ab
1131 4728 1330 4800 insignioribus
1345 4722 1489 4793 Cadm-

149 4814 236 4870 atellis
256 4822 397 4885 computet
414 4815 509 4884 Tycbo
522 4818 553 4871 '1⁰
566 4821 595 4875 it
618 4833 680 4873 cum
698 4816 841 4874 latitudine
860 4820 909 4876 bs⁰
925 4822 968 4875 59¹
988 4816 1102 4882 boreali,
1120 4816 1148 4871 in
1166 4816 1316 4887 posteriori
1333 4826 1412 4885 epm
1424 4808 1485 4877 iffi*

151 4902 251 4973 aas.)
273 4902 371 4959 neem
392 4901 522 4959 murra
544 4901 634 4959 amu·
656 4903 748 4961 raum
770 4912 913 4978 sompnus
930 4907 963 4964 u
980 4906 1023 4961 os·
1041 4906 1156 4978 eres,
1181 4904 1248 4973 ‚err
1269 4920 1334 4963 aa·
1353 4901 1397 4959 ru
1415 4888 1482 4957 rit
