3308 5534
151 354 216 422 176
504 354 677 412 collectanea
694 370 729 409 ex
748 354 888 413 codicibus
905 353 1142 415 Pullrorisnsibus·

151 534 315 605 terminari,
339 533 407 592 bine
429 531 555 593 nobilior
576 534 703 612 sphaera
725 535 838 594 infinita
860 532 1046 611 quantitate).
1090 531 1169 593 Hinc
1190 550 1250 593 uua
1271 540 1317 594 cst
1337 532 1434 611 figura
1456 550 1509 595 ca·

152 639 230 679 unm.
277 620 399 679 Creatur
422 622 510 695 igitur
532 638 564 681 ee
587 624 652 699 ipsa
675 622 723 682 vel
746 624 876 699 ingenita
899 640 935 683 cx
958 639 1000 683 se.

257 706 399 767 Punctum
423 710 522 783 origo,
553 710 721 787 superficies
748 712 847 786 genita
869 712 969 784 quasi,
1001 709 1168 769 charactere
1197 710 1298 785 puncti
1322 707 1438 767 infinito
1462 708 1511 769 rel

152 812 305 872 progressu
322 794 384 866 tali,
407 798 449 853 sic
465 807 572 868 tamen,
590 805 622 855 ut
638 799 795 875 vestigium
812 814 869 854 non
885 801 1011 873 supersit
1025 797 1173 867 transitus,
1195 793 1246 854 scd
1262 802 1378 855 tantum
1393 804 1509 869 mctac;

151 882 315 957 aequalitas
338 881 509 955 distantiae,
533 900 568 941 cs
592 892 716 961 utroque
739 883 901 962 procedens
916 894 944 944 et
958 884 1111 943 resultans.
1142 882 1213 941 Tria
1228 900 1317 941 unum
1332 892 1417 955 sunt,
1441 900 1511 943 nam

150 986 326 1045 quocunque
348 981 475 1045 negato,
506 982 599 1029 toturn
623 980 754 1049 negatur,
779 981 808 1031 et
830 975 929 1030 omnia
951 974 1006 1031 tria
1030 968 1215 1049 perreliqua
1237 970 1296 1029 duo
1320 969 1509 1033 definiuntur.

150 1056 224 1117 item
249 1057 364 1116 dnobus
387 1060 519 1133 negatis,
552 1060 669 1117 tertium
692 1059 797 1118 nullibi
826 1060 972 1131 subsistit,
1003 1058 1051 1119 vel
1074 1076 1134 1117 nno
1157 1066 1281 1133 negato,
1310 1058 1427 1136 reliqua
1449 1059 1509 1119 diro

151 1154 283 1221 pereunt.
329 1144 362 1205 st
385 1154 542 1221 prunetum,
566 1163 623 1205 non
646 1149 701 1205 erit
723 1150 913 1207 circumstans
936 1163 989 1205 nee
1011 1145 1176 1222 aequalitas
1199 1144 1375 1219 distantiae;
1404 1148 1433 1205 si
1455 1164 1510 1207 ae-

149 1232 245 1308 qualis
268 1231 416 1302 distantia,
440 1233 565 1309 sphaera
587 1251 645 1291 non
662 1236 716 1293 erit
731 1233 878 1309 aequalis;
901 1236 924 1292 si
942 1236 1060 1293 omnino
1076 1233 1224 1305 distantia,
1240 1232 1313 1291 nibil
1328 1236 1398 1309 erit,
1422 1232 1510 1295 deni·

149 1336 207 1395 qus
229 1322 254 1379 si
278 1322 479 1391 circumstans,
503 1320 641 1379 distantia
664 1324 739 1400 perit
762 1334 791 1380 et
813 1332 951 1398 punctum
979 1320 1074 1399 perdit
1095 1323 1194 1380 situm.

252 1406 404 1467 Hactenus
432 1407 504 1465 nilril
535 1406 657 1481 dictum,
690 1408 770 1485 quod
797 1426 855 1467 non
879 1426 911 1467 se
942 1411 1006 1487 ipso
1029 1406 1077 1469 uel
1100 1423 1135 1468 cr
1160 1408 1253 1485 primo
1282 1408 1359 1467 libro
1382 1408 1509 1485 cogitari

149 1496 242 1571 possit
265 1505 294 1556 ct
317 1495 366 1555 vel
390 1506 470 1554 cntra
492 1494 641 1554 mundum.

648 1638 698 1694 De
722 1640 802 1694 ortu
823 1640 1004 1695 metarum.

253 1754 314 1813 Nec
338 1763 481 1827 creantur,
505 1772 558 1815 nee
582 1757 772 1814 terminantur
794 1772 826 1814 se
849 1758 930 1832 ipsis.
970 1755 1119 1814 Distantia
1141 1758 1236 1814 omnis
1259 1773 1310 1834 per
1332 1756 1429 1815 lineas
1451 1766 1506 1818 cst.

149 1840 306 1901 Rectarum
330 1844 384 1901 tria
407 1860 528 1917 genera:
553 1843 681 1919 longum,
706 1844 806 1915 latum,
830 1842 1013 1920 protundum.

253 1928 296 1987 lix
328 1940 436 2007 puncto
464 1932 606 2007 sphaerae
636 1933 664 1988 in
689 1940 828 2007 punctum
858 1947 947 1988 urium
975 1928 1138 2007 superficiei
1169 1930 1307 2007 traJectus
1338 1932 1507 2008 vestigatus

148 2016 347 2091 brevissimus,
372 2018 449 2077 linea
468 2028 547 2077 recta
563 2018 604 2077 dt.
634 2018 746 2076 Carum
763 2016 905 2095 sphaerae
921 2034 1049 2090 assumo,
1074 2023 1105 2076 ut
1120 2016 1280 2078 babeamus
1303 2022 1393 2077 situm
1410 2036 1505 2097 punc-

146 2112 250 2176 torum,
274 2122 378 2164 cavum
396 2122 466 2163 vero
481 2122 518 2165 ne
535 2104 678 2177 rideatur,
702 2105 740 2163 ad
756 2104 862 2164 lineam
878 2104 1065 2181 cogitandam
1081 2107 1236 2179 requiritur
1251 2108 1381 2181 cogitata
1397 2124 1503 2185 super·

151 2190 231 2250 dcies
254 2204 306 2251 aut
329 2210 442 2268 corpus,
468 2208 543 2267 quae
567 2192 673 2251 lineam
696 2194 853 2270 excipiant.
892 2192 1061 2268 Respondet
1085 2193 1173 2267 igitur
1195 2196 1303 2253 crestio
1327 2194 1427 2253 lineae
1449 2210 1503 2269 go·

148 2282 292 2337 nerationi
315 2282 431 2355 puncti,
461 2292 493 2338 ut
516 2280 629 2338 linitum
652 2280 774 2338 infinito.
820 2280 1000 2339 Concurrunt
1031 2280 1119 2356 igitur
1141 2279 1179 2339 ad
1203 2290 1297 2339 ortum
1319 2281 1420 2341 lineae
1442 2284 1503 2341 sin·

146 2366 218 2441 gula
240 2368 269 2424 in
299 2366 438 2443 alebaece:
470 2378 628 2443 punctum,
659 2370 747 2425 centri
770 2369 959 2443 principium,
991 2376 1129 2443 punctum
1159 2370 1240 2426 curri
1263 2371 1425 2447 terminus,
1456 2368 1502 2428 dl·

148 2456 266 2525 stantia,
290 2472 343 2531 pao
366 2454 555 2531 producenda
578 2464 607 2514 et
629 2454 817 2514 essentiandu
846 2454 933 2515 linea.
980 2455 1073 2531 igitur
1095 2471 1153 2514 non
1176 2472 1209 2514 se
1236 2456 1317 2533 ipsas
1346 2460 1502 2517 terminant

146 2552 253 2614 rectae,
277 2560 330 2601 nec
353 2544 451 2601 statim
476 2544 570 2601 omnis
593 2550 673 2601 recta
695 2542 788 2617 tigtna
812 2552 865 2603 est.

255 2628 473 2703 liubitabinrns,
497 2648 533 2688 an
559 2630 635 2689 linea
651 2632 679 2686 in
695 2629 857 2705 superficie,
881 2629 1048 2706 superficies
1065 2630 1093 2687 in
1110 2646 1229 2706 corpore
1243 2631 1282 2689 sit
1298 2630 1500 2709 intelligenda,

146 2733 184 2776 an
207 2716 294 2789 linea,
316 2716 494 2792 superficies,
518 2733 622 2793 corpus
646 2718 762 2793 singnla
784 2734 836 2792 per
857 2716 913 2775 se‘i
949 2714 1014 2775 Hoc
1037 2718 1131 2792 magis
1153 2716 1260 2793 placet.

253 2804 305 2863 Dc
330 2806 565 2880 compositis.
597 2804 768 2880 Composita
791 2802 991 2881 intelligimus,
1015 2820 1137 2879 quorum
1161 2805 1260 2879 anguli
1277 2822 1379 2865 omnes
1403 2804 1502 2865 distri·

147 2892 210 2951 buti
233 2902 302 2949 sunt
326 2894 400 2950 inter
423 2890 547 2967 angulos
570 2891 780 2967 triangulorum
803 2893 1038 2969 componentium
1062 2901 1091 2951 et
1113 2894 1252 2950 vicissim.
1286 2892 1502 2969 Quadrangula

148 2980 247 3037 omnia
271 2981 407 3055 quamtis
431 2980 585 3039 rideantur
608 2978 665 3037 bue
680 2980 779 3039 reierri
793 2995 891 3054 posse,
915 2988 1011 3037 tamen
1027 2978 1180 3055 triangulis
1195 2980 1292 3055 priora
1309 2989 1387 3053 sunt,
1412 2998 1503 3057 quare

147 3068 252 3138 missia,
276 3086 352 3143 quae
374 3068 507 3143 generari
531 3075 654 3142 possunt
676 3084 710 3125 ex
733 3066 878 3125 similibus
894 3068 1057 3143 composita
1079 3066 1242 3141 triangulis,
1264 3070 1390 3143 primurn
1414 3067 1502 3127 nobis

147 3156 340 3231 compositum
369 3154 559 3231 suppeditant
591 3155 660 3212 bina
690 3154 838 3231 triangula
860 3153 1028 3227 dissimilia,
1062 3170 1119 3213 uno
1149 3152 1240 3213 latere
1263 3172 1369 3230 sequa.
1417 3152 1503 3216 l'nda

149 3242 236 3301 nobis
259 3244 429 3319 trapezium,
453 3241 532 3317 qnod
556 3240 673 3316 quidem
695 3258 753 3301 non
778 3239 894 3299 ridetur
915 3242 952 3299 ad
968 3244 1157 3318 geometriam
1180 3244 1223 3300 sic
1245 3242 1419 3318 simpliciter
1433 3259 1504 3319 per·

150 3332 252 3401 tinere,
276 3332 331 3387 nisi
356 3330 441 3400 illud,
471 3328 550 3405 qnod
573 3328 682 3388 circulo
704 3338 800 3405 potest
824 3330 950 3387 inscribi.
996 3328 1068 3387 l'ost
1090 3328 1360 3405 quinquangulum,
1391 3348 1502 3391 sexun-

147 3416 249 3493 gulum
272 3426 301 3475 et
325 3434 418 3492 risque
441 3419 470 3474 in
493 3416 646 3474 inlinitum.

250 3502 365 3575 Regula
380 3504 538 3579 gesseralis:
562 3506 725 3579 composita
739 3504 838 3561 omnia
854 3511 895 3561 tot
910 3501 1020 3563 babent
1036 3504 1191 3580 triangula,
1215 3512 1287 3581 quot
1302 3503 1374 3580 (duo
1391 3506 1500 3583 minus)

148 3590 248 3649 latera.
287 3586 368 3651 Inest
391 3591 463 3650 haee
486 3590 658 3663 differentia,
682 3589 761 3666 qnod
784 3594 813 3649 in
836 3590 959 3665 singulis
982 3593 1136 3667 speciebus
1152 3609 1241 3650 unum
1265 3594 1341 3649 inest
1363 3592 1503 3669 aequila-

147 3690 239 3738 terum
263 3688 292 3737 et
313 3679 551 3755 aequiangulum,
575 3696 651 3755 qnae
674 3682 762 3737 etiam
787 3695 854 3737 rere
877 3680 1055 3753 geometrica
1076 3690 1161 3751 sunt,
1185 3678 1331 3755 quaedam
1355 3696 1426 3739 vero
1449 3690 1503 3740 ant

146 3783 204 3825 non
228 3765 410 3843 aequilatera
439 3777 490 3824 rint
512 3784 570 3826 non
590 3764 803 3842 aequiangula,
835 3777 888 3824 aut
908 3776 1059 3837 neutrum,
1088 3768 1117 3823 in
1140 3768 1247 3842 quibus
1270 3766 1400 3825 infinitas
1422 3768 1500 3827 inest

146 3854 293 3914 intinities.
341 3854 424 3914 llaec
446 3871 504 3912 non
527 3865 594 3913 snrrt
618 3870 685 3913 rere
708 3856 894 3929 geometrica,
918 3870 994 3929 quac
1018 3864 1062 3913 est
1085 3853 1121 3913 de
1144 3853 1334 3929 aequalibus,
1357 3854 1405 3913 bis
1428 3872 1500 3915 vero

148 3942 343 4018 irraaequalitas
368 3946 451 4001 inest.

251 4028 404 4103 Trianguli
427 4030 519 4088 tribus
543 4028 627 4087 lineis
651 4028 735 4102 datis,
761 4030 846 4087 unica
862 4036 974 4085 tanturn
992 4026 1085 4101 figura
1101 4037 1129 4087 et
1145 4045 1203 4087 una
1217 4026 1391 4105 angulorum
1407 4030 1502 4091 torma

147 4114 239 4175 datur.
288 4118 325 4175 sit
350 4122 378 4174 in
402 4117 522 4193 reliquis
545 4120 671 4175 minime.
719 4116 812 4175 l’lana
834 4115 942 4173 liabent
966 4115 1087 4173 totidem
1111 4116 1235 4189 angulos
1259 4127 1331 4191 quot
1354 4114 1459 4177 latera.

251 4202 440 4277 lingularinrn
462 4205 580 4279 singuli.
628 4203 761 4279 singulus
786 4203 922 4278 trianguli
947 4214 990 4261 est
1009 4202 1023 4285 ξ
1042 4204 1121 4275 recti,
1145 4202 1338 4279 quadranguli
1359 4212 1369 4263 i
1392 4215 1501 4278 rectus,

146 4290 271 4365 arignlns
294 4292 506 4367 quinquangnli
535 4316 568 4339 =
592 4290 630 4373 ¹}
646 4308 682 4362 r.,
706 4291 860 4361 sexanguli
886 4289 921 4369 ll
948 4308 990 4367 r.,
1013 4290 1162 4365 octangnli
1188 4290 1243 4373 ii,
1267 4289 1423 4369 decanguli
1450 4292 1502 4377 ιζ,

147 4378 360 4449 dnodeeangnli
385 4380 432 4461 ιζ,
456 4378 642 4455 sedecangnli
670 4378 718 4461 12,
743 4378 938 4455 uigintanguli
965 4376 1013 4459 12,
1038 4384 1078 4437 et
1102 4376 1203 4455 anguli
1229 4378 1269 4463 ip}
1284 4422 1316 4436 ..
1340 4380 1383 4439 sic
1406 4397 1501 4459 usqne

147 4470 176 4525 in
200 4467 352 4525 infinitum.

251 4554 452 4629 Comparatio:
478 4552 570 4613 Recta
592 4551 689 4611 adbne
704 4554 745 4612 ita
760 4553 884 4623 inerunt,
909 4560 940 4611 nt
956 4571 990 4612 ex
1007 4561 1116 4629 puncto
1139 4550 1226 4623 lines,
1250 4572 1286 4613 ex
1301 4552 1379 4614 lines
1393 4570 1500 4633 anpu-

148 4641 228 4701 ficies
250 4642 371 4699 seorsim
394 4651 458 4699 orta
481 4644 526 4699 sit.
577 4640 605 4715 t)
628 4638 722 4699 ‚llirta
744 4640 853 4701 babent
875 4640 969 4714 aliter,
993 4642 1063 4717 quia
1085 4640 1171 4697 simul
1195 4642 1324 4699 esistunt
1345 4640 1425 4702 linea
1440 4646 1501 4703 cir·

148 4728 253 4787 calmis
276 4739 305 4787 et
328 4728 392 4804 ejus
414 4728 544 4805 planum.
591 4726 623 4793 ul
645 4726 738 4787 liecta
760 4728 852 4787 multa
874 4738 951 4800 sunt,
975 4746 1096 4789 curruum
1120 4745 1219 4788 unum.
1265 4732 1295 4787 3i
1315 4728 1408 4789 Recta
1429 4730 1499 4791 aliis

147 4816 339 4895 regularioru,
366 4832 487 4877 curvum
517 4814 774 4893 regariurieslrnum.
819 4816 913 4877 Recta
939 4814 1049 4877 babeat
1075 4814 1169 4875 multa
1194 4814 1287 4879 latera
1308 4825 1339 4877 ct
1360 4816 1500 4897 angulos,
