3308 5534
147 372 213 445 182
512 370 687 429 Collectanea
705 384 739 427 ex
758 368 897 426 66616666
914 366 1151 427 Puiirorionribm.

146 573 229 627 rum,
251 554 295 613 sic
318 552 553 630 circumscriptus
581 550 710 613 661666
733 557 902 627 tangentem
925 559 1025 611 centra
1046 549 1268 627 triangulomm.
1296 548 1510 617 1166606666

147 643 186 703 66
211 646 361 701 rotoilo
378 644 421 699 sic
441 646 611 700 10000000
635 639 673 699 ad
697 646 863 712 6311163,
895 647 1022 715 6666666
1044 648 1089 697 666
1112 647 1236 715 tangens
1264 640 1294 697 in
1324 638 1513 701 6666666666

145 728 246 790 media
267 736 377 805 puncta
398 728 533 789 laterum.
579 727 628 787 Sic
651 726 809 806 respondet
830 726 982 786 rhomhico
1005 725 1095 802 hujus
1117 727 1242 801 generis.
1288 725 1327 785 Et
1348 728 1379 785 16
1400 744 1512 805 genera

148 818 185 877 de
207 816 254 875 bis
277 815 393 874 duobus
417 832 518 875 verum
541 823 599 874 est:
623 824 654 874 ut
670 817 905 891 circumscriptus
921 813 1037 891 angulis
1058 813 1097 872 66
1113 816 1283 890 inscriptum
1296 813 1395 890 616616
1409 814 1514 875 rhom-

146 906 230 977 bicis,
253 904 296 961 sic
320 904 555 980 circumscriptus
578 902 695 980 anguiis
717 905 795 961 misti
819 901 858 961 ad
881 904 1051 977 inscriptum
1073 900 1162 977 61666
1184 904 1324 965 maximo.
1364 900 1425 961 Sed
1447 904 1513 981 jam

148 994 213 1051 vico
236 1007 337 1063 66666,
366 999 399 1047 66
430 994 587 1067 1666616166
615 989 713 1067 616616
739 991 874 1049 maximis
903 989 942 1049 66
965 990 1135 1064 inscriptum
1165 988 1262 1065 616616
1291 990 1436 1063 minimis,
1466 994 1513 1051 616

148 1079 382 1154 616666666616666
405 1078 522 1155 angulis
545 1078 688 1138 rhomhici
712 1078 897 1137 brevioribus
919 1076 958 1135 ad
982 1077 1229 1152 circumscriptum
1252 1076 1368 1153 anguiis
1390 1076 1513 1155 longio-

147 1168 246 1238 ribus,
269 1172 299 1225 et
321 1171 440 1238 contra,
462 1176 496 1223 ut
519 1168 674 1242 inscriptus
696 1164 785 1243 piano
808 1164 960 1224 rhombico
982 1162 1021 1223 ad
1043 1164 1293 1240 circumscriptum
1317 1166 1512 1241 breuioribus,

147 1258 192 1314 sic
215 1254 371 1329 inscriptus
394 1254 522 1312 minimis
545 1253 642 1329 planis
665 1252 703 1312 ad
726 1254 977 1328 circumscriptum
999 1250 1125 1327 angulis.

254 1338 353 1416 Quare
369 1351 401 1398 ut
416 1340 509 1399 cubus
525 1340 672 1413 66661666,
696 1338 900 1399 66666666666
916 1338 1069 1399 1666611666
1085 1356 1179 1414 66666
1194 1337 1282 1412 61666,
1304 1339 1401 1399 eidem
1421 1342 1513 1399 etiarn

149 1426 350 1504 inscriptibilis
380 1438 423 1487 666
447 1436 477 1487 66
499 1428 794 1503 circumscriptibilis,
826 1430 867 1486 ita
895 1426 1053 1487 verisimile
1082 1435 1112 1485 et
1134 1426 1182 1485 bic
1209 1434 1269 1497 est,
1300 1426 1513 1503 aequalitatem

149 1524 346 1594 permutatam
369 1517 483 1573 orbium
507 1515 621 1575 trahere
644 1518 732 1575 etium
754 1516 898 1574 rationem
922 1516 1130 1591 inscriptionis.
1167 1510 1208 1573 Ut
1222 1515 1251 1572 in
1266 1512 1391 1574 rhombo
1405 1516 1513 1575 cubico

150 1602 252 1680 anguli
275 1604 421 1661 acutiores
437 1610 455 1661 6
471 1604 550 1678 11666
565 1611 594 1662 et
610 1603 745 1674 altiores,
770 1602 871 1679 auguli
895 1602 1094 1661 66666166666
1111 1608 1141 1661 66
1163 1600 1304 1677 66666661,
1326 1602 1418 1678 61666
1441 1618 1512 1663 6666

153 1698 205 1764 12,
229 1690 323 1748 latera
346 1694 397 1760 2t,
421 1691 462 1748 sic
486 1692 514 1747 in
537 1693 625 1749 misto
648 1690 752 1749 cubico
775 1690 865 1765 61666
886 1688 1031 1765 66666666
1047 1697 1065 1748 d
1082 1697 1111 1748 et
1133 1690 1271 1765 propiora
1285 1699 1395 1764 centro,
1418 1691 1513 1765 trigo·

150 1780 219 1837 nica
243 1782 262 1837 8
286 1784 316 1835 ct
338 1779 536 1835 remotiores
558 1787 674 1849 centro,
697 1777 798 1853 anguli
822 1793 892 1837 vero
918 1784 972 1849 12,
995 1775 1088 1835 latera
1112 1782 1162 1837 24.
1207 1774 1286 1835 ilinc
1307 1778 1334 1835 si
1356 1776 1513 1837 rhombum

148 1868 238 1927 misto
261 1862 337 1923 veiis
360 1864 530 1935 inscribere,
554 1872 657 1923 acutos
680 1873 751 1941 6666
773 1866 881 1923 centris
896 1863 1122 1940 quadratomm,
1151 1865 1251 1923 666661
1272 1864 1451 1941 spectabunt
1474 1864 1513 1925 66

151 1960 251 2013 666666
273 1954 462 2027 trigonorum,
485 1950 538 2011 sed
561 1968 619 2011 non
643 1960 773 2027 tangent,
796 1951 952 2029 planorum
975 1968 1044 2012 vero
1066 1951 1254 2011 rhombomm
1268 1959 1369 2013 centra
1391 1960 1513 2029 666666·

151 2041 225 2100 6666
247 2056 280 2097 66
303 2046 504 2114 superstantes
528 2046 557 2099 et
579 2046 712 2115 tegentes
733 2038 867 2113 angulos.
913 2040 945 2097 Si
970 2048 1071 2097 contra
1093 2041 1212 2098 mistum
1234 2038 1357 2097 rhombo
1386 2043 1513 2117 inscrip-

150 2130 235 2205 seris,
261 2132 299 2185 12
323 2128 401 2183 misti
425 2126 551 2201 angulos
574 2136 646 2203 6666
671 2132 709 2185 12
733 2128 839 2186 centris
867 2126 1021 2203 planomm
1050 2126 1219 2203 abeuntque
1248 2128 1381 2203 proxime
1403 2128 1443 2187 66
1465 2130 1513 2187 iu·

150 2218 248 2275 ricem
270 2214 370 2271 obtusi
393 2220 423 2271 et
446 2213 602 2289 triangula,
625 2213 743 2287 longius
766 2216 845 2273 acuti
867 2224 897 2273 66
919 2213 1132 2290 quadrangula.

258 2298 342 2359 Idem
365 2307 430 2358 esto
453 2300 490 2359 de
512 2301 636 2360 rhombo
659 2300 834 2361 dodocae'dri
857 2309 887 2361 et
908 2305 995 2360 misto
1015 2301 1169 2378 judicium.
1206 2299 1240 2358 ln
1263 2299 1388 2360 rhombo
1410 2301 1513 2379 anguli

155 2390 303 2449 acutiores
326 2394 356 2445 ct
384 2387 558 2464 inscriptiies
585 2396 638 2461 12,
670 2386 836 2449 obtusio'res
858 2394 918 2463 20,
947 2387 1036 2465 plana
1060 2396 1118 2462 30,
1148 2387 1242 2447 latera
1264 2394 1316 2447 60.
1361 2388 1397 2451 16
1425 2392 1513 2451 661616

151 2472 373 2554 quinquangula
399 2482 448 2546 12,
472 2476 620 2551 triangula
643 2482 694 2548 20,
717 2476 818 2552 anguli
843 2482 894 2549 36,
918 2475 1011 2535 166666
1034 2482 1086 2537 66.
1131 2473 1288 2552 Inscriptio
1311 2474 1425 2537 666666.

258 2560 386 2621 Rhombi
409 2562 587 2639 respondent
609 2566 764 2640 primariis,
787 2564 858 2639 quia
879 2572 948 2622 sunt
966 2572 1125 2638 augmenta
1138 2564 1340 2638 primariorum
1354 2572 1385 2623 66
1406 2580 1514 2625 secuu-

152 2647 301 2710 dariurum
329 2652 491 2709 mistorum.
543 2650 635 2711 iliista
663 2650 841 2727 respondeat
870 2650 1069 2723 secundariis,
1107 2652 1178 2725 quia
1206 2660 1275 2709 sunt
1302 2650 1512 2713 diminutiones

151 2739 355 2815 primariorum
379 2748 408 2795 ct
423 2736 678 2811 secundariorum,
705 2744 737 2797 66
767 2739 838 2813 6616
866 2738 959 2797 66666
981 2739 1150 2815 primarium
1166 2740 1295 2798 associat
1316 2756 1349 2798 66
1370 2739 1511 2815 rhombis,

154 2824 313 2886 octu'edrou
336 2823 540 2884 secundarium
563 2828 666 2885 mistis.

257 2912 357 2971 Simu
380 2914 511 2972 oriuntur
532 2930 567 2973 er
591 2914 695 2983 mistis,
718 2928 785 2971 cum
807 2918 871 2971 tota
893 2910 1002 2971 cadunt
1022 2911 1117 2971 latera
1138 2920 1169 2971 et
1191 2911 1292 2987 anguli
1313 2914 1366 2985 sic,
1390 2922 1423 2973 ut
1445 2914 1511 2977 luco

152 2998 335 3075 singulorum
358 3000 532 3075 angulomm
561 3000 630 3059 6166
655 3002 776 3059 veniant
798 2999 960 3075 triangula,
991 2998 1128 3075 66666116
1150 3008 1181 3059 66
1203 2999 1311 3059 similia
1334 3000 1453 3063 residuo
1476 3019 1510 3064 66

152 3088 242 3165 priori
265 3087 429 3161 triangulo,
454 3096 483 3146 et
506 3086 535 3145 16
558 3087 676 3162 quidem
699 3086 847 3145 residuum
871 3086 971 3145 itidem
994 3096 1039 3145 est
1053 3084 1195 3163 regulare.
1226 3086 1300 3147 item
1323 3090 1399 3149 situs
1414 3106 1511 3167 angn-

153 3174 247 3234 iorum
271 3174 425 3250 planorum
454 3176 583 3233 variatur
614 3184 643 3233 ct
665 3176 863 3250 intorquetur,
894 3172 947 3233 sed
976 3174 1127 3233 inclinatio
1154 3184 1261 3235 manet.
1305 3174 1366 3236 Sed
1389 3177 1417 3234 16
1443 3194 1511 3239 6666

152 3262 250 3321 mistis
272 3264 362 3319 ctiam
387 3260 533 3338 triangula
556 3268 619 3320 tota
641 3260 746 3320 cadere
768 3277 888 3320 necesse
911 3271 956 3319 est
979 3270 1008 3321 et
1030 3278 1083 3337 pro
1106 3262 1142 3319 iis
1169 3260 1360 3339 proiundiors
1381 3266 1512 3343 66616616

152 3348 296 3426 parallelo
319 3351 457 3407 constitui
481 3366 575 3425 66666
597 3358 628 3408 66
650 3351 715 3424 1666
738 3348 857 3424 oblique
880 3350 984 3409 secari.
1030 3349 1119 3407 Fiunt
1148 3350 1433 3426 quinquelinearium
1456 3370 1512 3413 66·

152 3435 298 3513 gulorum.
346 3438 459 3494 Simum
483 3435 712 3507 terraterraedri,
743 3434 772 3497 h.
796 3454 821 3493 e.
846 3434 991 3507 octaedri,
1022 3448 1067 3495 est
1091 3436 1272 3497 icusaidron.
1317 3438 1405 3513 Quod
1428 3440 1462 3499 66
1483 3442 1511 3499 ia

153 3522 302 3597 66666666,
325 3522 411 3583 166116
435 3523 602 3583 transfertur
626 3526 654 3581 16
678 3522 859 3595 6666666666,
891 3524 1043 3599 designato
1066 3526 1170 3583 minori
1200 3526 1289 3601 61666
1319 3542 1373 3604 666
1401 3532 1511 3589 scetio-

152 3610 349 3672 6666666166.

256 3698 288 3757 Si
312 3696 413 3773 anguli
437 3696 516 3774 plani
541 3696 711 3757 teossetrici
735 3705 934 3773 competerent
957 3700 985 3755 in
1008 3696 1106 3757 media
1128 3698 1230 3769 latera,
1253 3708 1323 3759 tunc
1345 3698 1425 3761 16666
1448 3704 1512 3763 166-

152 3784 317 3845 6666616666
341 3794 420 3845 66666
442 3784 593 3844 dimidium
622 3784 796 3855 octu'edrici,
828 3802 869 3843 sc.
896 3792 1054 3845 1011666.
1099 3785 1151 3843 Sin
1180 3796 1279 3845 autem
1307 3789 1511 3864 1666666666,

156 3872 236 3949 quod
259 3882 340 3932 secut
365 3874 380 3955 6
407 3871 443 3932 66
469 3874 502 3955 3,
533 3882 602 3931 tuuc
624 3881 721 3931 esseut
743 3872 997 3949 perpendicularis
1018 3884 1048 3932 et
1071 3875 1221 3947 quantitas
1245 3880 1407 3937 6161966.
1453 3876 1512 3937 Sed

154 3963 225 4037 quia
247 3978 281 4019 er
305 3964 495 4039 proportione
512 3962 714 4037 inscriptorum
730 3959 808 4018 latus
826 3963 1130 4037 163936666661666,
1154 3978 1224 4035 ergo
1248 3962 1422 4022 intermedio
1446 3964 1512 4025 1666

155 4048 264 4107 666666
286 4050 387 4121 anguli
412 4048 502 4125 61661,
543 4050 617 4107 Cum
640 4057 738 4107 autem
760 4050 910 4123 proportio
933 4051 1054 4107 extremi
1077 4058 1107 4107 et
1129 4048 1216 4107 medii
1240 4052 1278 4109 sit
1301 4052 1376 4111 inter
1400 4050 1417 4135 l
1437 4060 1468 4113 66
1484 4052 1512 4135 ξ,

153 4135 249 4196 66666
271 4136 308 4195 66
331 4136 382 4196 1116
402 4140 532 4213 suspicio
555 4145 610 4195 est.

256 4222 289 4281 Si
313 4236 455 4301 qrraterna
478 4222 634 4283 ocraeririci
658 4220 758 4297 anguli
782 4221 875 4281 lutera
891 4231 1027 4281 secuntur
1047 4224 1311 4299 proportionaliter,
1334 4226 1378 4285 sic
1393 4234 1427 4285 ut
1442 4226 1513 4287 6166

157 4320 187 4369 66
209 4311 279 4370 6166
302 4315 440 4388 66666116
463 4312 592 4371 16666666
616 4309 735 4370 alteruis
758 4308 893 4385 longiora
906 4318 937 4369 et
952 4310 1087 4369 breviora
1109 4310 1201 4371 latera
1224 4312 1360 4371 inunum
1383 4313 1514 4375 solidum

152 4402 363 4471 concurrentia,
387 4410 416 4458 et
439 4409 549 4475 puncta
572 4405 782 4457 connectantur
805 4404 844 4456 61
869 4397 954 4455 116616
977 4398 1005 4454 16
1021 4396 1154 4475 61661616,
1178 4406 1196 4453 6
1213 4397 1297 4459 116616
1312 4401 1369 4460 666
1384 4402 1513 4477 anulis,

153 4494 224 4543 6666
245 4488 274 4541 16
297 4486 435 4546 octaidro
458 4486 635 4561 descriptum
658 4494 703 4545 est
726 4482 907 4543 1666666666.
939 4484 1103 4561 Numquis
1125 4486 1302 4561 triangulum
1325 4488 1515 4567 166666666-

154 4574 212 4630 6166
235 4570 328 4631 166666
352 4582 380 4633 66
403 4571 652 4633 66666661166666
681 4576 884 4647 aequicrurum
907 4580 965 4642 est,
997 4590 1066 4645 ergo
1089 4582 1227 4633 6666666
1254 4576 1342 4633 unius
1365 4574 1405 4635 66
1428 4594 1515 4639 66666

154 4657 285 4731 61666166,
306 4660 349 4717 616
371 4660 673 4737 6661661166666666)
696 4662 782 4719 66166
804 4658 842 4718 66
866 4660 950 4717 basin
973 4658 1092 4719 alterius
1114 4662 1179 4719 aive
1194 4661 1312 4729 lineam,
1336 4680 1414 4738 quae
1429 4676 1515 4727 66666

155 4744 457 4825 schamatograpbiam
489 4746 556 4807 duci
579 4748 703 4823 jubetur
731 4745 769 4805 66
797 4746 1075 4808 demonstrationem
1101 4746 1317 4826 perficiendam.
1364 4752 1405 4810 At
1427 4770 1515 4813 66666

154 4840 225 4893 6666
244 4834 276 4893 16
295 4837 592 4915 666666666666166
612 4836 810 4916 proportione,
832 4850 904 4913 ergo
926 4844 956 4896 66
979 4834 1075 4899 bases.
1105 4838 1204 4913 Quare
1225 4834 1461 4901 6666666666166
1473 4840 1514 4903 66
