3308 5534
524 392 614 451 Notas
631 394 660 449 in
677 392 817 451 Somnium
834 393 1062 451 dorononiam.
1430 398 1473 469 45

104 562 215 635 quoties
233 578 278 623 me
296 575 485 625 couvenerant
502 576 676 640 spectatores
694 573 914 644 spectatricesve,
933 572 1029 629 solitus
1048 585 1100 641 ego
1120 584 1181 627 sum
1198 573 1275 643 prius
1294 574 1400 631 abillis
1418 576 1473 632 col·

104 646 286 715 loquentibus
303 664 351 705 me
369 649 520 705 subducere
536 650 565 705 ln
583 652 713 721 angulum
731 654 828 711 domus
845 655 1013 725 proximum,
1039 653 1074 707 ad
1092 652 1234 722 hocopus
1258 653 1391 725 electum,
1417 656 1472 713 diei

102 724 193 779 luceru
210 724 376 793 excludere,
394 727 563 786 fenestellam
582 740 678 802 aptare
696 734 877 791 minutissimo
896 750 931 790 ex
953 733 1099 801 foramine,
1124 732 1257 802 parietem
1280 733 1344 791 albo
1363 736 1473 807 1111111,

102 806 224 873 peractis
247 807 283 863 iis
307 807 443 864 sdroom
464 819 643 879 spectatores.
677 816 737 870 Hae
755 814 821 868 mhi
839 812 1022 881 ceremoniae,
1045 812 1074 865 hi
1091 813 1180 879 ritas;
1203 812 1287 869 vultis
1310 820 1338 868 et
1360 814 1472 871 charac-

103 886 195 939 teres?
214 884 250 939 In
267 884 372 941 tabella
384 888 474 957 nigra,
493 892 647 958 quaemihi
665 894 829 948 videbantur
847 900 913 965 apta
931 891 1131 963 spectatoribus
1151 898 1226 947 creta
1243 893 1392 963 perscripsi
1409 892 1472 951 lite-

102 965 139 1018 ris
157 964 342 1035 capitalibus,
369 966 509 1023 literarum
526 970 614 1039 ligura
630 977 704 1026 retro
724 984 805 1026 versa
823 972 867 1035 (en
884 968 968 1026 ritum
985 970 1130 1039 magicum)
1147 978 1180 1026 ut
1196 970 1332 1027 Hebraica
1350 973 1472 1027 scribun-

102 1054 160 1111 tnr3
178 1044 255 1100 hanc
272 1046 404 1101 tabellum
422 1047 489 1103 ioris
507 1049 559 1104 sub
577 1049 622 1103 dio
640 1049 695 1105 situ
713 1048 855 1105 literarum
873 1064 970 1105 everso
992 1048 1123 1119 suspendi
1140 1051 1168 1105 in
1188 1048 1265 1121 dole,
1290 1058 1322 1107 at
1342 1052 1382 1107 ita
1401 1068 1472 1122 quse

102 1123 270 1191 scripseram
287 1138 322 1179 ea
337 1126 487 1181 introrsum
505 1127 540 1183 ad
566 1128 658 1183 album
682 1130 817 1199 parietem
841 1129 1020 1199 pingerentur
1043 1131 1097 1185 situ
1121 1137 1230 1201 erecto,
1256 1137 1286 1186 et
1303 1132 1327 1187 si
1342 1132 1472 1188 tabellam

103 1201 232 1257 11111111
251 1204 370 1273 agitaret
386 1205 462 1273 ioris,
480 1207 576 1263 literae
592 1208 668 1263 intus
685 1214 760 1263 motu
776 1224 846 1277 rago
864 1209 997 1277 parietem
1015 1210 1224 1279 reciprocarent.

207 1282 258 1338 15.
276 1282 328 1349 Qui
347 1292 495 1352 supersunt
507 1301 541 1340 ex
560 1287 639 1341 dictis
657 1288 723 1341 meis
742 1286 941 1355 spectatoribus
954 1287 1093 1357 videbunt,
1112 1288 1166 1357 uhi,
1179 1289 1316 1358 quodnam
1328 1287 1356 1343 id
1368 1287 1470 1343 bivium

104 1361 190 1417 luerit
207 1362 238 1417 in
258 1362 431 1419 habitatione
448 1378 515 1433 mea,
533 1363 725 1433 recollegerint
742 1365 849 1420 animis.
885 1365 921 1421 At
938 1366 984 1420 hic
999 1367 1057 1433 jam
1080 1367 1292 1422 astronomicum
1310 1366 1472 1437 intelligitur

102 1442 206 1497 bivium
222 1443 253 1497 in
272 1442 414 1499 schemate
431 1443 541 1500 coelesti
559 1444 702 1512 supposito
721 1444 805 1512 idque
824 1445 968 1514 geminum.
988 1461 1072 1499 unum
1085 1444 1157 1500 Solis
1169 1445 1198 1499 in
1210 1452 1313 1514 puncto
1326 1446 1471 1514 aequinoc-

102 1520 159 1575 tiali
177 1521 338 1590 constituti,
361 1523 391 1577 in
410 1538 464 1591 quo
482 1539 512 1580 se
530 1531 625 1578 mutuo
642 1522 840 1578 transcendunt
857 1534 991 1593 aequatos
1009 1530 1037 1579 et
1055 1523 1181 1592 ecliptica
1200 1524 1271 1578 Solis
1289 1524 1395 1580 semita.
1431 1524 1470 1579 Et

102 1608 194 1655 exstat
216 1600 248 1654 in
272 1601 467 1671 manuscriptis
486 1604 638 1660 Braheanis
662 1616 695 1657 eo
720 1601 764 1655 die
786 1601 882 1657 habita
907 1603 1063 1658 observatio
1089 1602 1240 1658 altitudinis
1263 1603 1336 1659 Solis
1357 1604 1385 1658 in
1407 1604 1469 1674 ipso

100 1686 205 1748 puncto
223 1680 426 1751 aequinoctiali.
463 1683 587 1738 Alterum
606 1680 704 1737 bivium
723 1687 768 1735 est
794 1681 883 1737 nodus
901 1682 998 1736 Lunae
1027 1680 1195 1737 descendeus
1221 1696 1271 1737 reu
1295 1681 1382 1737 cunda
1399 1684 1469 1739 Dru·

101 1760 188 1827 conis,
207 1775 282 1829 quse
300 1766 368 1815 tune
385 1766 447 1815 erat
463 1761 492 1816 in
508 1762 563 1817 ilue
580 1762 702 1829 Aquarii,
720 1762 756 1816 ad
775 1777 856 1830 quam
875 1760 1077 1830 respiciendum
1095 1766 1138 1815 est
1156 1770 1322 1829 astronomo,
1341 1768 1372 1815 nt
1391 1762 1468 1835 sciat,

100 1836 214 1905 quundo
232 1839 316 1894 Luna
332 1840 367 1894 sit
385 1840 414 1893 iu
431 1840 575 1908 limitibus3
601 1841 641 1894 uti
661 1839 770 1909 quidem
789 1848 855 1896 tunc
873 1840 978 1894 eratin
996 1838 1120 1895 austrino
1143 1838 1229 1893 limite
1251 1840 1279 1893 in
1297 1838 1352 1893 fine
1370 1839 1467 1909 Tauri,

100 1916 147 1984 qui
165 1916 239 1971 situs
258 1918 355 1972 Lunae
372 1918 469 1973 invitat
487 1928 657 1975 astronomos
676 1918 711 1972 ad
730 1916 928 1973 obsen'andem
946 1916 1118 1971 latitudinem
1136 1916 1259 1971 limitum.

205 1996 331 2053 151111
350 2012 461 2067 quoque
477 1997 557 2053 ludos
581 1997 734 2067 ipsissimus
756 1996 876 2067 adjicere
895 2012 956 2052 sum
973 1995 1082 2066 solitus,
1105 2002 1184 2052 tanto
1208 1997 1341 2065 gratiores
1360 2002 1467 2067 specta-
1505 2044 1508 2049 .

100 2073 219 2142 toribus,
239 2076 315 2143 quod
333 2076 525 2147 intelligerent,
543 2078 623 2132 ludos
642 2092 711 2132 esse.

206 2152 255 2209 ts.
273 2154 334 2208 Hoc
351 2154 413 2223 ipso
430 2155 485 2210 ritu
504 2156 562 2225 (hui
580 2171 661 2226 quam
678 2157 783 2225 magice
800 2156 916 2226 magico)
935 2155 1175 2211 observaveramus
1193 2154 1278 2224 paulo
1294 2154 1371 2225 prius
1384 2168 1466 2223 quam

98 2232 224 2288 lrbellum
250 2247 302 2301 ego
325 2235 496 2303 conciperem
521 2235 636 2304 eclipsin
656 2236 740 2303 Solis,
763 2251 834 2290 anno
860 2234 1050 2291 111111111605
1071 2235 1113 2305 ,lp
1135 2234 1268 2289 Octobris.
1304 2234 1467 2290 Meministis

98 2312 145 2380 qui
163 2309 342 2381 interfuistis,
361 2311 445 2380 legati
464 2313 581 2369 Palatini
593 2314 765 2383 Neoburgici.
795 2314 827 2368 lu
846 2313 948 2369 solario
967 2313 1038 2368 enim
1057 2313 1153 2368 domus
1172 2313 1327 2370 deliciariue
1339 2314 1367 2369 in
1380 2314 1468 2371 hortis

98 2390 228 2446 (Yaesaris
246 2406 355 2447 carnem
373 2391 589 2448 destituehamor
607 2394 731 2458 obscure,
750 2408 835 2461 quare
852 2392 943 2462 palliis
962 2391 1133 2447 obnubentes
1145 2393 1244 2463 capitu,
1262 2393 1302 2448 ita
1314 2392 1368 2448 diei
1379 2392 1468 2449 lucem

98 2471 249 2524 nouimus.

206 2550 331 2607 551111
352 2550 522 2620 impossihile
546 2550 684 2619 existimo,
707 2548 788 2605 variis
811 2548 1000 2605 instrumentis
1026 2548 1148 2617 singulas
1173 2554 1231 2603 tum
1248 2548 1357 2604 vocales
1386 2564 1468 2619 quarn

96 2636 286 2684 monastiea
304 2630 339 2685 ad
357 2629 535 2684 imitationem
554 2628 678 2699 loquelae
695 2630 832 2685 humanae
844 2634 1062 2697 repraesentare.
1090 2628 1122 2684 ld
1134 2634 1233 2699 tamen,
1247 2628 1375 2698 quicquid
1394 2632 1467 2686 iutu-

95 2724 157 2763 rnm
181 2714 240 2775 est,
267 2707 393 2777 strepitui
417 2714 446 2763 et
468 2710 585 2765 screatui
609 2722 690 2778 quarn
713 2708 790 2761 virae
812 2706 873 2760 roci
898 2704 1012 2763 similius
1035 2708 1096 2765 erit.
1133 2708 1172 2763 Et
1187 2708 1216 2763 in
1234 2709 1287 2764 hac
1308 2708 1469 2766 mechanica

96 2796 164 2858 puto
183 2786 334 2842 nonnullas
351 2802 415 2842 esse
433 2788 580 2844 collocatas
597 2787 712 2843 insidias
730 2784 930 2855 superstitiosis
949 2792 977 2841 et
996 2786 1122 2855 credulis,
1141 2795 1173 2841 ut
1191 2785 1356 2855 quaudoque
1374 2788 1467 2843 existi-

97 2872 189 2936 ment,
215 2866 270 2921 sibi
292 2866 371 2935 loqui
389 2866 548 2937 daemones,
574 2882 635 2921 cum
657 2865 820 2935 praestigias
844 2864 965 2935 magicas
989 2865 1180 2921 assimiletur.
1216 2866 1377 2935 Quanquam
1401 2864 1467 2935 quid

98 2946 183 3014 hujus
202 2943 346 3000 verissime
364 2946 513 3015 contingat.
529 2946 557 3001 id
575 2945 678 3001 rectius
691 2944 751 2998 aliis
764 2942 884 3013 legitime
897 2942 1097 3001 affirmantibus
1110 2944 1200 3015 credo,
1220 2960 1301 3013 quam
1312 2945 1373 3014 ipse
1390 2944 1468 3002 noha

98 3024 211 3095 propria
229 3023 360 3079 suffultus
378 3024 547 3093 experientia
565 3024 726 3093 negaverim.

204 3102 293 3158 Oiiert
312 3118 341 3158 se
359 3110 450 3158 tamen
469 3104 513 3159 hic
530 3105 596 3159 mihi
615 3104 739 3171 ,iucunda
763 3103 892 3159 memoria
910 3102 1044 3159 Matthiae
1062 3104 1180 3161 Seiiiarti
1199 3105 1290 3161 bonae
1308 3104 1465 3175 memoriae,

97 3190 269 3253 symmystae
292 3183 457 3251 a'lychone
480 3184 587 3239 Braheo
614 3183 777 3238 haeredibus
804 3184 861 3238 suis
885 3182 984 3250 relicti,
1009 3186 1056 3251 qui
1080 3192 1136 3243 tres
1160 3200 1268 3241 menses
1289 3184 1416 3240 insomsit
1437 3184 1466 3239 in

98 3261 287 3332 computanda
305 3277 339 3316 ex
358 3264 512 3330 praeceptis
531 3263 692 3333 Tychonicis
711 3263 893 3332 Ephemeride
911 3264 1007 3318 Lunae
1032 3263 1060 3319 in
1081 3281 1181 3319 annum
1204 3281 1301 3319 noum:
1328 3265 1372 3320 eui
1389 3264 1464 3332 equi·

96 3341 155 3396 dem
177 3356 234 3395 ron
254 3347 313 3395 erat
330 3340 421 3397 verbis
440 3342 514 3396 hisce
532 3359 586 3398 non
606 3343 747 3410 absimilis,
765 3342 876 3397 morbus
895 3344 976 3397 etiam
995 3343 1092 3411 obtigit
1108 3342 1322 3399 melancholicus
1340 3351 1367 3398 et
1379 3343 1463 3411 phre-

96 3422 216 3489 neticus,
234 3420 264 3475 in
283 3435 337 3489 quo
356 3436 411 3475 non
431 3427 489 3475 erat
506 3421 583 3476 locus
603 3421 724 3489 ludendi,
745 3423 845 3491 quique
864 3422 974 3477 tandem
992 3421 1020 3474 in
1037 3419 1189 3490 hydropem
1207 3420 1338 3477 lethalem
1357 3422 1432 3477 exiit.

203 3501 249 3555 51.
268 3500 389 3553 Selentia
408 3501 584 3568 apparitionis
604 3502 737 3569 siderum3
757 3519 774 3555 a
793 3508 875 3556 ὑαιειν
894 3502 974 3555 scire.

203 3581 249 3635 52.
268 3579 314 3633 Ex
332 3579 411 3633 Luna
429 3579 569 3648 accersito,
588 3580 616 3633 in
635 3596 716 3649 quam
736 3579 808 3633 oculi
825 3596 876 3649 per
893 3580 1030 3634 fictionem
1050 3584 1129 3632 erent
1146 3577 1280 3632 translati.

203 3662 249 3715 53.
266 3659 321 3714 Uni
339 3658 435 3727 gradiri
454 3659 547 3714 circuli
565 3660 656 3730 magni
674 3659 701 3713 in
721 3660 822 3713 Terrae
841 3658 922 3727 globo
942 3658 1135 3713 adscribuntur
1161 3661 1191 3713 15
1211 3657 1335 3712 milliaria
1358 3670 1461 3727 germa-

94 3742 164 3797 nica
201 3740 242 3795 Ut
266 3740 330 3808 quio
347 3738 453 3793 Romae
471 3744 513 3791 est
530 3737 584 3793 Alt.
603 3738 634 3794 P.
653 3740 702 3794 41⁰
719 3740 777 3807 50',
805 3738 972 3806 Noribergae
991 3737 1102 3792 191111
1125 3736 1177 3791 sub
1196 3736 1291 3791 eodem
1309 3736 1366 3791 iere
1383 3735 1461 3789 meri·

95 3820 189 3885 diano,
210 3816 340 3873 milliaria
361 3816 446 3886 igitur
467 3818 516 3871 114
542 3823 570 3872 11
591 3816 626 3871 ad
645 3816 765 3871 Danubii
788 3816 873 3885 ripam
895 3819 957 3885 iitil,
982 3816 1123 3871 Rostochii
1142 3816 1166 3870 A
1192 3816 1223 3870 P.
1243 3818 1293 3872 54ο
1314 3818 1368 3885 10',
1396 3830 1461 3884 ergo

94 3900 252 3966 h'oriherga
269 3895 449 3951 Rostochiuru
467 3897 510 3950 71.
546 3898 590 3953 Sic
608 3897 704 3951 Lincii.
718 3899 749 3951 A.
762 3896 793 3952 P.
814 3896 864 3950 4s⁰
881 3897 933 3963 tt‘,
952 3894 1057 3962 Pragae
1076 3898 1125 3951 50υ
1144 3898 1178 3964 θ’,
1198 3894 1392 3951 11111111111110
1408 3897 1461 3965 50‘,

96 3986 250 4033 censentur
267 3992 332 4029 sero
350 3976 476 4030 milliaria
494 3976 538 4032 26.
576 3975 606 4029 Si
622 3974 722 4041 greum
742 3990 813 4028 unns
830 3972 914 4029 habet
931 3973 1057 4028 milliario
1076 3975 1117 4042 15,
1137 3982 1217 4028 erunt
1235 3974 1263 4028 in
1281 3973 1340 4043 ejus
1359 3974 1461 4045 circuli,

93 4059 145 4114 hoc
165 4058 259 4112 estin
277 4056 353 4111 orhis
371 4056 473 4111 Terrae
491 4054 689 4111 semidiametro
707 4056 834 4110 milliaria
852 4056 916 4112 860.
948 4056 986 4109 Et
1002 4070 1067 4109 roro
1087 4055 1114 4107 in
1125 4054 1284 4123 Hipparcho
1304 4054 1460 4111 demonstro

92 4146 119 4192 et
138 4138 168 4192 in
189 4136 269 4206 Epit.
289 4136 362 4190 Astr.
387 4136 502 4205 copem.
526 4152 542 4189 a
564 4133 649 4203 priori
674 4133 793 4203 deduco,
819 4134 926 4188 Lunam
950 4148 1091 4204 apogaeon
1111 4134 1145 4188 59
1172 4131 1228 4188 1111
1253 4132 1461 4189 semidiametris

92 4216 197 4271 Terrae
217 4215 326 4270 abesse.
362 4214 460 4269 Ductis
477 4215 511 4269 59
529 4216 637 4281 11860,
656 4214 844 4282 producuntur
862 4210 1100 4269 5111101111111111.

200 4297 246 4352 54.
264 4296 328 4349 Non
346 4295 399 4349 sits
416 4302 466 4363 est,
485 4295 533 4350 sed
552 4302 629 4351 natet
647 4294 746 4363 potios,
766 4294 789 4349 si
807 4294 842 4349 ad
861 4293 965 4348 insulae
984 4290 1187 4348 similitudinem
1207 4292 1375 4363 respicimus.
1404 4292 1459 4349 Sed

92 4378 139 4432 hic
154 4378 216 4446 jum
238 4374 274 4430 ad
293 4374 512 4443 imaginationem
529 4374 604 4428 visus
621 4372 787 4441 loquendum
806 4371 867 4427 tuit.
903 4372 973 4427 Nem
993 4370 1038 4440 qui
1056 4371 1085 4425 in
1102 4371 1181 4426 Luna
1199 4380 1288 4444 esset,
1308 4375 1416 4428 omuino
1434 4374 1458 4429 is

91 4458 200 4514 Lunam
220 4462 298 4509 stare
315 4453 378 4508 loco
397 4452 479 4507 fixum
497 4454 675 4509 existimaret.

199 4540 247 4591 55.
266 4533 369 4589 Subest
394 4532 464 4587 ratio
486 4532 600 4603 physica
615 4532 678 4600 joco
702 4532 801 4597 mixta,
831 4546 880 4585 our
903 4530 1018 4599 eclipses
1038 4531 1110 4587 Solis
1132 4540 1159 4587 et
1176 4532 1272 4587 Lunae
1294 4537 1401 4587 tentum
1418 4532 1458 4587 in·

91 4618 182 4672 ierant
199 4613 345 4669 malorum.
381 4610 512 4666 Nimirum
530 4612 593 4667 mali
613 4610 723 4681 spiritus
746 4608 872 4664 dicontur
894 4618 1044 4681 potestates
1063 4612 1234 4667 tenebrarum
1254 4618 1281 4666 et
1298 4612 1381 4683 utris;
1401 4626 1458 4667 ere·

92 4695 194 4752 dideris
214 4693 303 4763 igitur
320 4690 464 4745 damnatos
482 4698 510 4745 et
527 4691 605 4761 quasi
622 4692 758 4761 relegatos
772 4706 832 4746 esse
844 4690 872 4745 in
885 4692 1009 4759 regiones
1023 4692 1171 4759 umbrosus,
1190 4692 1217 4745 in
1236 4707 1333 4745 conum
1346 4691 1458 4747 umbrae

92 4777 204 4831 Terrae.
244 4769 362 4841 Quando
389 4784 454 4838 ergo
471 4769 515 4824 hic
534 4788 617 4827 eonus
638 4771 749 4827 umbrae
766 4770 872 4825 Lunam
897 4771 1017 4839 attingit,
1043 4777 1108 4825 tunc
1133 4770 1279 4825 daemones
1301 4770 1457 4839 agminatim

94 4854 203 4912 Lunam
222 4850 368 4920 evadunt,
387 4848 499 4907 umbrae
517 4865 585 4907 cono
603 4866 655 4921 pro
674 4848 825 4906 1111111111.
860 4848 986 4907 Vicissim
1004 4849 1113 4918 quando
1131 4864 1216 4906 conus
1233 4847 1345 4905 umbrae
1361 4848 1457 4905 Lunae
