3308 5534
150 398 236 471 1020
660 401 724 460 vita
738 398 855 460 samnis
871 394 993 472 Koplorl.

148 581 382 661 Paralipomenis
403 582 443 642 ad
466 581 657 644 Vitelliorum
679 600 769 660 qnam
792 581 829 645 de
850 581 1049 643 astronomiae
1076 585 1162 660 parte
1186 581 1315 660 optica‘
1342 588 1405 643 erat
1422 582 1488 645 aa

150 672 233 730 citus.
282 669 398 751 „Locus
420 671 556 747 imaginis
571 671 642 731 mihi
657 673 810 750 negotium
829 669 1013 744 facessebat3
1036 671 1104 732 vini.
1136 668 1260 729 Natura
1282 669 1359 731 isos
1379 671 1490 733 rin-b

149 758 223 818 fnit:
246 756 323 817 hanc
343 757 469 818 'tractavi
493 758 687 819 mediocriter.
733 757 845 819 Oculus
867 755 1014 818 secundus
1036 764 1114 831 arat,
1139 755 1326 834 perlustravi
1348 766 1490 821 aaaron

149 843 350 904 Refraotiunes
373 844 556 906 metiendae:
579 846 627 907 hio
648 846 763 909 haereo.
800 845 883 906 Deua
904 845 999 905 bonet
1022 841 1120 920 Quam
1143 844 1268 904 occulta
1291 846 1404 905 ratioi‘
1425 845 1490 907 llsar

149 949 186 992 ex
210 931 335 1009 epistola
357 931 394 991 ad
416 931 600 993 Herwartnm
624 933 694 994 data
716 950 817 994 manse
838 932 921 1009 Majo
946 936 1038 992 loos.
1061 948 1211 990 summam
1236 931 1383 993 exhibent
1402 950 1491 1003 eoru,

150 1036 228 1096 qnae
250 1021 402 1079 continent
423 1023 520 1097 capito
543 1020 667 1082 1.-vl.
691 1019 816 1101 Opticae
838 1018 968 1098 Kepleri,
992 1021 1090 1097 capita
1112 1017 1295 1079 vii-xi.
1318 1024 1491 1082 um

149 1112 287 1175 tractent,
312 1123 388 1182 quae
412 1125 448 1166 ex
471 1115 552 1185 parte
571 1109 636 1185 jam
658 1124 735 1168 auno
761 1112 854 1169 1598.
877 1112 974 1167 mente
996 1114 1180 1183 conceperat.

255 1193 299 1251 Er
322 1210 409 1272 opere
432 1197 496 1272 ipso
512 1194 585 1255 haee
600 1195 781 1274 excerpenda
795 1197 961 1256 censuimus
975 1196 1081 1272 partim
1095 1209 1187 1265 nova,
1213 1195 1326 1271 partim
1349 1196 1492 1272 antiquiss

150 1281 180 1339 in
202 1279 307 1340 melius
330 1298 415 1340 versa
437 1281 485 1362 vel
507 1284 632 1360 primum
647 1285 702 1344 rite
718 1281 926 1344 demonstrata.
958 1279 1152 1340 Definitioues
1171 1279 1262 1353 incia,
1284 1280 1404 1354 coloris,
1417 1285 1490 1361 apsa·

150 1365 292 1448 pellucidi
315 1374 370 1427 eto.
395 1368 572 1428 admodum
596 1370 741 1445 Euclidis,
772 1370 872 1441 Pisani
895 1362 943 1428 vel
968 1367 1139 1427 Vitellionia
1159 1361 1297 1445 (majore
1320 1386 1357 1428 es
1379 1372 1491 1447 parte’s

153 1457 386 1533 propositionum
409 1456 502 1515 forma
524 1474 589 1516 eum
613 1455 924 1533 demonstrationibus)
946 1456 1187 1533 praemittentem
1223 1454 1286 1515 inci
1309 1457 1444 1515 tribuitur
1459 1458 1492 1515 ἰ-

150 1542 232 1601 fluita
247 1541 395 1629 celeritps3
419 1542 549 1603 densitas
564 1545 637 1604 ineis
652 1548 682 1603 in
698 1546 844 1606 contraria
858 1550 904 1604 est
917 1545 1030 1602 ratiorm
1043 1541 1273 1620 sphaericamm
1287 1542 1492 1622 summos-t

150 1629 257 1705 quibus
280 1631 361 1705 origo
384 1629 457 1690 lucis
481 1640 610 1691 centrum
627 1641 680 1694 est.
715 1631 935 1693 Demonstratio
957 1629 1164 1689 theorematisz
1191 1646 1410 1709 „repercussus
1427 1630 1492 1691 fisi

151 1715 291 1793 aequales
314 1717 439 1794 angulos
455 1718 492 1776 ad
509 1719 587 1779 latus
603 1719 746 1781 alternm“
770 1718 934 1780 absolvitur
949 1714 1152 1794 componendo
1168 1726 1291 1777 motum
1314 1720 1345 1776 in
1361 1716 1493 1797 popae

152 1803 280 1864 cniaram
295 1812 325 1862 et
340 1805 521 1883 parallelum,
545 1806 677 1868 adhibito
700 1814 798 1866 motus
820 1805 934 1883 globuli
957 1821 1063 1881 aquam
1080 1802 1204 1880 oblique
1220 1805 1361 1866 feriesna
1374 1804 1494 1885 ese*

150 1891 226 1950 ment
250 1893 337 1950 etism
362 1892 452 1968 libra,
484 1895 534 1954 ubi
558 1895 801 1974 deprehendimus
824 1894 908 1970 quasi
932 1891 1247 1971 parallelogrammum
1273 1894 1399 1967 virium,
1425 1892 1494 1971 μ

149 1977 238 2038 hodia
261 1980 290 2036 in
314 1997 370 2039 osu
394 1988 439 2040 est
460 1981 600 2059 physicis.

255 2066 394 2142 Figuram
425 2067 499 2128 iocis
522 2068 601 2128 Solis
623 2086 677 2148 per
706 2066 827 2145 aliquod
855 2066 985 2127 foramen
1014 2066 1043 2123 in
1072 2064 1173 2126 locum
1206 2066 1404 2127 obscuratus
1422 2068 1496 2127 istra·

153 2154 263 2213 missae
287 2171 455 2230 aggressus,
484 2159 640 2218 anemine
664 2155 735 2215 dicit
756 2154 902 2235 Keplarus
931 2153 1062 2231 legitime
1084 2151 1331 2214 demonstratum
1359 2171 1436 2227 ene,
1458 2170 1496 2215 ru

149 2240 202 2301 illa
226 2240 365 2317 ,radios“
399 2243 532 2302 circulari
561 2243 654 2303 forma
677 2250 825 2320 appareat
870 2241 996 2301 Causam
1026 2239 1116 2316 bojas
1143 2243 1349 2319 apparentiae
1370 2244 1496 2319 isqsbfl

150 2327 208 2387 hoo
230 2329 427 2407 experimento
450 2347 521 2389 naus
543 2338 597 2391 est.
629 2331 672 2389 Es
688 2328 805 2407 angulis
826 2329 894 2390 libri
908 2330 996 2410 („qui
1011 2335 1090 2388 esset
1110 2327 1181 2387 loeo
1204 2328 1341 2389 lucentis
1359 2324 1496 2409 cupam

150 2414 201 2474 illa
222 2433 274 2493 per
295 2417 425 2477 foramen
450 2417 664 2495 multanguium
687 2420 715 2475 in
738 2419 937 2495 pavimentum
954 2418 1030 2477 eirea
1053 2416 1209 2475 foraminis
1235 2419 1497 2477 terminose'rau·

152 2501 250 2580 dorit3
280 2503 397 2580 singula
427 2504 476 2564 iila
504 2523 540 2566 ex
563 2504 679 2582 angulis
709 2504 775 2564 libri
806 2504 895 2565 dueta
920 2504 1110 2564 imitabantur
1138 2505 1169 2560 in
1191 2505 1375 2581 parimento
1396 2504 1495 2581 fga

151 2589 313 2665 foraminis,
337 2594 436 2651 omnia
458 2609 528 2652 vero
551 2593 641 2652 simul
663 2600 760 2652 sumta
781 2590 905 2669 figuram
920 2591 996 2653 libri.
1029 2590 1131 2650 Patnit
1147 2592 1267 2667 itaque,
1292 2589 1494 2653 sommi

152 2676 307 2754 problema
322 2678 466 2740 demonstr
473 2680 583 2739 andum
597 2680 721 2758 figuram
736 2680 862 2739 iuuantis
876 2680 1015 2756 corporis,
1031 2679 1060 2735 in
1075 2675 1149 2737 Sole
1166 2680 1277 2753 itaque
1292 2678 1496 2738 rotunditates:

148 2765 208 2824 tale
224 2765 293 2841 quid
308 2769 419 2842 priores
436 2776 618 2827 astronomos
635 2768 809 2827 observasse
823 2769 852 2825 in
865 2765 941 2826 Solis
958 2764 1128 2837 defectibus,
1138 2766 1244 2841 speeie
1259 2764 1342 2825 Solis
1357 2764 1496 2826 cauus

149 2863 371 2928 perangustum
392 2855 520 2914 foramen
536 2862 661 2933 recepta.
697 2854 935 2927 ,Demonstratio
951 2869 1021 2912 vcro
1036 2851 1125 2927 hujus
1150 2852 1353 2912 theorematis
1365 2870 1430 2913 cnm
1441 2868 1496 2911 ase·

149 2948 228 2999 tores
247 2942 368 3018 fugeret,
391 2942 500 3001 factum
523 2950 583 3015 est,
607 2950 639 3001 ut
661 2940 832 3003 theoremati
855 2943 919 3000 sina
940 2940 1115 2999 limitatione
1139 2937 1302 2999 eredentes
1326 2944 1357 2998 in
1379 2956 1495 3017 magn

149 3044 273 3088 errorem
297 3028 484 3088 inciderent·‘
517 3028 744 3089 Observationes
767 3030 844 3088 enim
865 3027 1016 3107 eclipsinm
1033 3043 1098 3085 cum
1121 3025 1210 3085 coeio
1235 3045 1299 3086 non
1324 3029 1496 3089 coum

150 3113 245 3189 Quam
262 3115 301 3174 ob
330 3133 449 3174 causam
473 3116 618 3194 Keplems
641 3116 917 3176 demonstrationem
944 3114 1103 3190 legitimam
1127 3115 1282 3187 instituit,
1306 3130 1496 3192 progressus

148 3202 263 3261 lucente
279 3211 387 3280 puncto
410 3212 440 3264 et
461 3204 589 3264 fenestra
602 3204 765 3280 majuscula
779 3202 817 3262 ad
832 3203 953 3280 figuram
968 3202 1094 3260 lucentis
1109 3204 1248 3278 eorporis
1264 3212 1496 3279 quamcaaqsset

149 3290 304 3348 fenestram
328 3292 356 3347 in
381 3301 520 3368 punctum
542 3297 718 3368 permutans.
750 3289 866 3365 Quibus
887 3292 942 3349 rite
961 3289 1167 3349 demonstratis
1191 3289 1365 3349 concludit:
1390 3289 1497 3367 ,equ

149 3376 222 3434 radii
239 3379 266 3433 in
289 3378 400 3454 pariete
424 3378 609 3438 confunditur
623 3396 659 3436 ex
682 3377 805 3437 lucentis
828 3379 946 3437 inversa
968 3384 997 3435 et
1011 3377 1158 3436 fenestrae
1173 3373 1295 3436 directa
1316 3377 1437 3453 figura‘
1460 3372 1497 3435 hl

151 3463 274 3539 figuram
298 3467 405 3542 speciei
429 3465 533 3526 solaris
557 3468 585 3523 in
609 3464 767 3543 eclipsibus
791 3467 934 3524 transiens
956 3463 1153 3524 demonstrat:
1186 3479 1329 3537 ,comus
1350 3482 1409 3522 nou
1428 3464 1496 3521 ath

151 3551 234 3610 eoalo
258 3560 354 3621 sonu,
377 3553 429 3612 sed
454 3556 482 3611 in
506 3554 644 3612 obtusum
660 3552 780 3612 reducta
795 3548 956 3629 apparent“
981 3561 1023 3610 et:
1048 3548 1217 3630 „diameter
1233 3549 1344 3611 Lunae
1366 3553 1395 3609 ia
1409 3550 1496 3625 baju-

148 3637 235 3698 modi.
251 3640 334 3700 radio
356 3638 478 3719 (speeie)
501 3643 596 3699 minor
617 3649 749 3717 apparet,
772 3638 857 3715 digiti
880 3639 1005 3717 ecliptiei
1028 3639 1201 3715 pauciores,
1228 3655 1328 3713 qnam
1349 3642 1380 3696 in
1401 3636 1494 3698 coda*

148 3724 204 3784 His
231 3728 377 3786 immiscet
405 3728 550 3806 Keplerus
580 3727 856 3786 demonstrationem
882 3728 1117 3804 apparentiamm
1150 3727 1181 3781 in
1217 3743 1364 3801 „camera
1392 3722 1494 3784 tlsn⁸

149 3812 308 3881 Portae.
334 3832 442 3890 „quam
466 3823 557 3874 artem
580 3817 605 3873 is
627 3816 750 3892 primns,
782 3813 861 3890 quod
884 3815 988 3886 seiam,
1018 3810 1140 3871 tradidit
1163 3810 1355 3890 Magiaequc
1377 3808 1497 3871 natu!

147 3916 205 3958 non
235 3902 385 3961 minimam
409 3913 520 3980 partem
542 3903 619 3962 feeit.
665 3901 724 3962 Sed
752 3901 930 3979 experientia
956 3907 1110 3960 contentus
1139 3896 1429 3961 demonstratione·
1450 3910 1496 3957 sn

148 3986 291 4045 addidit“

252 4075 286 4131 ln
320 4075 536 4149 „fondamentis
563 4075 788 4152 Oatoptricac“,
818 4091 907 4150 quam
938 4075 1034 4152 capite
1061 4071 1116 4134 itt.
1147 4073 1332 4149 aggreditur
1362 4072 1496 4153 Kepln,

148 4163 288 4234 quaritur,
312 4162 391 4236 quod
416 4166 505 4239 optici
528 4181 546 4222 a
568 4179 663 4231 sensu
679 4170 791 4240 petant,
814 4161 895 4236 qnod
917 4170 947 4221 et
967 4164 1063 4238 ipsum
1080 4159 1353 4221 demonstrandum
1368 4164 1415 4231 ait,
1434 4158 1496 4221 d·

147 4248 232 4305 multi
255 4264 364 4308 errores
388 4250 505 4308 trahant
527 4252 680 4326 originem.
721 4248 929 4330 „supplendos
952 4250 1041 4324 igitur
1062 4256 1092 4306 et
1114 4247 1164 4306 hic
1187 4246 1290 4319 loeus,
1314 4246 1495 4327 despui-h

147 4334 288 4405 nebulae,
317 4344 350 4394 ut
373 4336 424 4394 Sol
456 4339 588 4395 veritatis
618 4337 725 4396 clarina
754 4336 932 4396 elucescat‘
979 4334 1064 4410 Quae
1087 4332 1229 4394 Euclides
1262 4354 1395 4414 eumque
1419 4332 1495 4396 ιβ’

150 4420 320 4480 Alhasenna
343 4432 372 4481 et
396 4423 517 4482 Vitellio
539 4424 577 4483 de
598 4423 720 4502 speculo
743 4421 833 4501 plano
856 4423 979 4499 ejusque
1009 4422 1163 4482 effectibus
1187 4423 1363 4499 proferant,
1389 4442 1423 4483 es
1444 4436 1494 4481 ur

147 4510 252 4584 partim
274 4509 362 4586 plane
385 4509 470 4580 falsa,
493 4513 598 4588 partim
621 4513 708 4570 nimis
732 4512 856 4570 obscura
879 4508 1029 4570 contendit
1050 4509 1209 4586 Keplems
1242 4510 1295 4570 Ad
1321 4530 1437 4583 ,reram
1453 4506 1496 4567 b·

146 4594 407 4653 monstrationem“
426 4601 586 4674 praemittit
600 4601 816 4676 propositiones
832 4600 946 4676 (potius
961 4596 1161 4672 definitiones)
1178 4596 1216 4657 dc
1234 4601 1380 4676 imagine.
1403 4599 1495 4657 rin

148 4690 178 4738 et
200 4681 303 4753 aenio,
327 4699 401 4756 quas
424 4686 521 4761 eapite
544 4686 579 4746 V.
602 4690 708 4762 repetit
730 4695 760 4744 et
782 4687 914 4765 pluribus
941 4684 1085 4762 explieat3
1109 4684 1181 4745 binc
1204 4691 1317 4746 transit
1340 4687 1379 4746 ad
1399 4682 1495 4764 epod

147 4766 244 4843 plana,
268 4769 424 4844 sphaerica
445 4788 580 4831 convexa
602 4781 633 4832 at
656 4791 798 4846 concava,
822 4791 900 4850 qnae
922 4774 1013 4834 serbo
1030 4781 1146 4831 tantum
1165 4774 1305 4849 attingit,
1330 4775 1438 4835 dicem:
1457 4770 1494 4837 ,h

146 4857 285 4915 macaris
307 4856 386 4919 idem
408 4861 457 4933 (ut
478 4862 507 4916 in
530 4859 685 4942 convexis)
716 4859 933 4925 demonstratur
957 4863 988 4921 in
1010 4861 1204 4922 conbanem.
1253 4862 1337 4926 Nam
1358 4859 1494 4925 mab
