<?xml version="1.0" encoding="UTF-8"?>
<!DOCTYPE html PUBLIC "-//W3C//DTD XHTML 1.0 Transitional//EN"
    "http://www.w3.org/TR/xhtml1/DTD/xhtml1-transitional.dtd">
<html xmlns="http://www.w3.org/1999/xhtml" xml:lang="en" lang="en">
 <head>
  <title>
</title>
<meta http-equiv="Content-Type" content="text/html;charset=utf-8" />
  <meta name='ocr-system' content='tesseract 3.04.00' />
  <meta name='ocr-capabilities' content='ocr_page ocr_carea ocr_par ocr_line ocrx_word'/>
</head>
<body>
  <div class='ocr_page' id='page_1' title='image "./joanniskepleria00frisgoog/joanniskepleria00frisgoog_1027.png"; bbox 0 0 3308 5534; ppageno 0'>
   <div class='ocr_carea' id='block_1_1' title="bbox 456 394 1427 484">
    <p class='ocr_par' dir='ltr' id='par_1_1' title="bbox 456 394 1427 484">
     <span class='ocr_line' id='line_1_1' title="bbox 456 394 1427 484; baseline 0 -16"><span class='ocrx_word' id='word_1_1' title='bbox 456 410 569 484; x_wconf 82' lang='lat' dir='ltr'><strong>chisri</strong></span> <span class='ocrx_word' id='word_1_2' title='bbox 585 408 727 469; x_wconf 75' lang='lat' dir='ltr'><strong>literam</strong></span> <span class='ocrx_word' id='word_1_3' title='bbox 743 406 836 468; x_wconf 71' lang='lat' dir='ltr'><strong>mdia</strong></span> <span class='ocrx_word' id='word_1_4' title='bbox 851 413 882 467; x_wconf 82' lang='lat' dir='ltr'><strong>st</strong></span> <span class='ocrx_word' id='word_1_5' title='bbox 897 407 1030 468; x_wconf 82' lang='lat' dir='ltr'><strong>doctrina</strong></span> <span class='ocrx_word' id='word_1_6' title='bbox 1331 394 1427 477; x_wconf 66' lang='lat'><strong>¹&#39;1023</strong></span> 
     </span>
    </p>
   </div>
   <div class='ocr_carea' id='block_1_2' title="bbox 39 586 1464 2591">
    <p class='ocr_par' dir='ltr' id='par_1_2' title="bbox 39 586 1464 2591">
     <span class='ocr_line' id='line_1_2' title="bbox 68 586 1428 672; baseline -0.005 -18"><span class='ocrx_word' id='word_1_7' title='bbox 68 597 202 654; x_wconf 85' lang='lat' dir='ltr'><strong>meatum</strong></span> <span class='ocrx_word' id='word_1_8' title='bbox 224 597 270 652; x_wconf 89' lang='lat' dir='ltr'><strong>cst</strong></span> <span class='ocrx_word' id='word_1_9' title='bbox 291 607 389 652; x_wconf 84' lang='lat' dir='ltr'><strong>novas</strong></span> <span class='ocrx_word' id='word_1_10' title='bbox 410 590 572 672; x_wconf 87' lang='lat' dir='ltr'><strong>aKspiaro</strong></span> <span class='ocrx_word' id='word_1_11' title='bbox 594 591 726 671; x_wconf 77' lang='lat' dir='ltr'><strong>physicis</strong></span> <span class='ocrx_word' id='word_1_12' title='bbox 748 588 872 650; x_wconf 83' lang='lat' dir='ltr'><strong>traditae</strong></span> <span class='ocrx_word' id='word_1_13' title='bbox 893 587 1055 663; x_wconf 88' lang='lat' dir='ltr'><strong>doctrinae,</strong></span> <span class='ocrx_word' id='word_1_14' title='bbox 1078 586 1186 648; x_wconf 90' lang='lat' dir='ltr'><strong>nostris</strong></span> <span class='ocrx_word' id='word_1_15' title='bbox 1208 600 1329 666; x_wconf 89' lang='lat' dir='ltr'><strong>queque</strong></span> <span class='ocrx_word' id='word_1_16' title='bbox 1350 593 1428 648; x_wconf 86' lang='lat' dir='ltr'><strong>tem·</strong></span> 
     </span>
     <span class='ocr_line' id='line_1_3' title="bbox 69 674 1427 758; baseline -0.004 -17"><span class='ocrx_word' id='word_1_17' title='bbox 69 681 192 758; x_wconf 87' lang='lat' dir='ltr'><strong>poribus</strong></span> <span class='ocrx_word' id='word_1_18' title='bbox 215 682 321 758; x_wconf 89' lang='lat' dir='ltr'><strong>opticis</strong></span> <span class='ocrx_word' id='word_1_19' title='bbox 345 681 479 754; x_wconf 89' lang='lat' dir='ltr'><strong>usitatus,</strong></span> <span class='ocrx_word' id='word_1_20' title='bbox 503 698 591 757; x_wconf 90' lang='lat' dir='ltr'><strong>quem</strong></span> <span class='ocrx_word' id='word_1_21' title='bbox 614 678 733 739; x_wconf 89' lang='lat' dir='ltr'><strong>modum</strong></span> <span class='ocrx_word' id='word_1_22' title='bbox 757 679 829 737; x_wconf 89' lang='lat' dir='ltr'><strong>tanti</strong></span> <span class='ocrx_word' id='word_1_23' title='bbox 845 694 910 738; x_wconf 86' lang='lat' dir='ltr'><strong>esse</strong></span> <span class='ocrx_word' id='word_1_24' title='bbox 925 678 1063 738; x_wconf 83' lang='lat' dir='ltr'><strong>momenti</strong></span> <span class='ocrx_word' id='word_1_25' title='bbox 1079 677 1195 736; x_wconf 89' lang='lat' dir='ltr'><strong>censuit</strong></span> <span class='ocrx_word' id='word_1_26' title='bbox 1215 683 1309 736; x_wconf 88' lang='lat' dir='ltr'><strong>rector</strong></span> <span class='ocrx_word' id='word_1_27' title='bbox 1323 674 1427 735; x_wconf 80' lang='lat' dir='ltr'><strong>Ratis·</strong></span> 
     </span>
     <span class='ocr_line' id='line_1_4' title="bbox 69 763 1427 843; baseline -0.005 -14"><span class='ocrx_word' id='word_1_28' title='bbox 69 768 212 829; x_wconf 85' lang='lat' dir='ltr'><strong>bonensis</strong></span> <span class='ocrx_word' id='word_1_29' title='bbox 236 766 440 843; x_wconf 89' lang='lat' dir='ltr'><strong>Osteriag,</strong></span> <span class='ocrx_word' id='word_1_30' title='bbox 462 774 497 826; x_wconf 91' lang='lat' dir='ltr'><strong>ut</strong></span> <span class='ocrx_word' id='word_1_31' title='bbox 517 767 635 828; x_wconf 75' lang='lat' dir='ltr'><strong>ecbena</strong></span> <span class='ocrx_word' id='word_1_32' title='bbox 658 764 732 825; x_wconf 91' lang='lat' dir='ltr'><strong>iilud</strong></span> <span class='ocrx_word' id='word_1_33' title='bbox 754 767 801 834; x_wconf 84' lang='grc' dir='ltr'>(ΙΙ.</span> <span class='ocrx_word' id='word_1_34' title='bbox 821 767 886 836; x_wconf 78' lang='lat' dir='ltr'><strong>ote)</strong></span> <span class='ocrx_word' id='word_1_35' title='bbox 912 763 1129 824; x_wconf 85' lang='lat' dir='ltr'><strong>inscribendum</strong></span> <span class='ocrx_word' id='word_1_36' title='bbox 1152 766 1298 824; x_wconf 73' lang='lat' dir='ltr'>censuerit</span> <span class='ocrx_word' id='word_1_37' title='bbox 1321 780 1427 823; x_wconf 92' lang='lat' dir='ltr'><strong>monu-</strong></span> 
     </span>
     <span class='ocr_line' id='line_1_5' title="bbox 69 848 1429 932; baseline -0.004 -16"><span class='ocrx_word' id='word_1_38' title='bbox 69 864 186 928; x_wconf 84' lang='lat' dir='ltr'><strong>mento,</strong></span> <span class='ocrx_word' id='word_1_39' title='bbox 215 854 296 930; x_wconf 93' lang='lat' dir='ltr'><strong>quod</strong></span> <span class='ocrx_word' id='word_1_40' title='bbox 324 857 354 912; x_wconf 91' lang='lat' dir='ltr'><strong>in</strong></span> <span class='ocrx_word' id='word_1_41' title='bbox 383 854 503 932; x_wconf 86' lang='lat' dir='ltr'><strong>Kepieri</strong></span> <span class='ocrx_word' id='word_1_42' title='bbox 534 856 705 916; x_wconf 87' lang='lat' dir='ltr'><strong>memoriam</strong></span> <span class='ocrx_word' id='word_1_43' title='bbox 734 850 916 911; x_wconf 85' lang='lat' dir='ltr'><strong>Ratisbonac</strong></span> <span class='ocrx_word' id='word_1_44' title='bbox 949 851 1119 928; x_wconf 87' lang='lat' dir='ltr'><strong>erigendum</strong></span> <span class='ocrx_word' id='word_1_45' title='bbox 1152 853 1314 931; x_wconf 78' lang='lat' dir='ltr'><strong>proposuit.</strong></span> <span class='ocrx_word' id='word_1_46' title='bbox 1358 848 1429 911; x_wconf 85' lang='lat' dir='ltr'><strong>Hot</strong></span> 
     </span>
     <span class='ocr_line' id='line_1_6' title="bbox 70 928 1427 1026; baseline -0.004 -24"><span class='ocrx_word' id='word_1_47' title='bbox 70 938 266 1026; x_wconf 66' lang='lat' dir='ltr'><strong>,pasiensi</strong></span> <span class='ocrx_word' id='word_1_48' title='bbox 290 949 454 1019; x_wconf 87' lang='lat' dir='ltr'><strong>sequuntur</strong></span> <span class='ocrx_word' id='word_1_49' title='bbox 476 942 658 1002; x_wconf 81' lang='lat' dir='ltr'><strong>theoremata</strong></span> <span class='ocrx_word' id='word_1_50' title='bbox 680 948 711 1001; x_wconf 90' lang='lat' dir='ltr'><strong>et</strong></span> <span class='ocrx_word' id='word_1_51' title='bbox 731 937 924 1017; x_wconf 71' lang='lat' dir='ltr'><strong>problemata,</strong></span> <span class='ocrx_word' id='word_1_52' title='bbox 947 940 1087 1015; x_wconf 80' lang='lat' dir='ltr'>equibus</span> <span class='ocrx_word' id='word_1_53' title='bbox 1102 939 1177 999; x_wconf 88' lang='lat' dir='ltr'><strong>baec</strong></span> <span class='ocrx_word' id='word_1_54' title='bbox 1192 928 1344 1018; x_wconf 80' lang='lat' dir='ltr'><strong>praecipui</strong></span> <span class='ocrx_word' id='word_1_55' title='bbox 1358 944 1427 998; x_wconf 89' lang='lat' dir='ltr'><strong>eunt</strong></span> 
     </span>
     <span class='ocr_line' id='line_1_7' title="bbox 68 1024 1429 1106; baseline -0.006 -13"><span class='ocrx_word' id='word_1_56' title='bbox 68 1032 226 1093; x_wconf 64' lang='lat' dir='ltr'><strong>tumentia</strong></span> <span class='ocrx_word' id='word_1_57' title='bbox 249 1028 436 1089; x_wconf 87' lang='lat' dir='ltr'><strong>Reiraciioue</strong></span> <span class='ocrx_word' id='word_1_58' title='bbox 457 1029 607 1090; x_wconf 85' lang='lat' dir='ltr'><strong>radiorum</strong></span> <span class='ocrx_word' id='word_1_59' title='bbox 629 1027 707 1089; x_wconf 80' lang='lat' dir='ltr'><strong>Solis</strong></span> <span class='ocrx_word' id='word_1_60' title='bbox 729 1042 782 1106; x_wconf 81' lang='lat' dir='ltr'><strong>per</strong></span> <span class='ocrx_word' id='word_1_61' title='bbox 804 1026 910 1085; x_wconf 82' lang='lat' dir='ltr'><strong>altrum</strong></span> <span class='ocrx_word' id='word_1_62' title='bbox 934 1024 1113 1103; x_wconf 89' lang='lat' dir='ltr'><strong>triangulare</strong></span> <span class='ocrx_word' id='word_1_63' title='bbox 1136 1026 1272 1105; x_wconf 91' lang='lat' dir='ltr'><strong>(prisma)</strong></span> <span class='ocrx_word' id='word_1_64' title='bbox 1296 1028 1429 1086; x_wconf 88' lang='lat' dir='ltr'><strong>oriuntur</strong></span> 
     </span>
     <span class='ocr_line' id='line_1_8' title="bbox 71 1112 1429 1193; baseline -0.003 -15"><span class='ocrx_word' id='word_1_65' title='bbox 71 1116 187 1178; x_wconf 85' lang='lat' dir='ltr'><strong>coleres</strong></span> <span class='ocrx_word' id='word_1_66' title='bbox 210 1116 300 1175; x_wconf 85' lang='lat' dir='ltr'><strong>iridis.</strong></span> <span class='ocrx_word' id='word_1_67' title='bbox 346 1115 513 1177; x_wconf 74' lang='lat' dir='ltr'><strong>Concursus</strong></span> <span class='ocrx_word' id='word_1_68' title='bbox 533 1116 682 1187; x_wconf 82' lang='lat' dir='ltr'><strong>radiorum</strong></span> <span class='ocrx_word' id='word_1_69' title='bbox 704 1128 756 1193; x_wconf 88' lang='lat' dir='ltr'><strong>per</strong></span> <span class='ocrx_word' id='word_1_70' title='bbox 778 1113 887 1175; x_wconf 86' lang='lat' dir='ltr'><strong>lentem</strong></span> <span class='ocrx_word' id='word_1_71' title='bbox 903 1129 1064 1174; x_wconf 79' lang='lat' dir='ltr'><strong>convexam</strong></span> <span class='ocrx_word' id='word_1_72' title='bbox 1086 1114 1275 1174; x_wconf 80' lang='lat' dir='ltr'><strong>retractomm</strong></span> <span class='ocrx_word' id='word_1_73' title='bbox 1297 1115 1352 1174; x_wconf 92' lang='lat' dir='ltr'><strong>rite</strong></span> <span class='ocrx_word' id='word_1_74' title='bbox 1375 1112 1429 1174; x_wconf 80' lang='lat' dir='ltr'><strong>dc·</strong></span> 
     </span>
     <span class='ocr_line' id='line_1_9' title="bbox 71 1201 1430 1278; baseline -0.001 -14"><span class='ocrx_word' id='word_1_75' title='bbox 71 1211 253 1265; x_wconf 74' lang='lat' dir='ltr'><strong>monebatur</strong></span> <span class='ocrx_word' id='word_1_76' title='bbox 275 1212 305 1263; x_wconf 91' lang='lat' dir='ltr'><strong>et</strong></span> <span class='ocrx_word' id='word_1_77' title='bbox 329 1203 529 1265; x_wconf 88' lang='lat' dir='ltr'><strong>demonstrata</strong></span> <span class='ocrx_word' id='word_1_78' title='bbox 550 1207 711 1263; x_wconf 89' lang='lat' dir='ltr'><strong>rcicruntur</strong></span> <span class='ocrx_word' id='word_1_79' title='bbox 733 1201 770 1262; x_wconf 85' lang='lat' dir='ltr'><strong>ad</strong></span> <span class='ocrx_word' id='word_1_80' title='bbox 793 1202 910 1261; x_wconf 78' lang='lat' dir='ltr'><strong>oculum</strong></span> <span class='ocrx_word' id='word_1_81' title='bbox 933 1209 962 1261; x_wconf 91' lang='lat' dir='ltr'><strong>et</strong></span> <span class='ocrx_word' id='word_1_82' title='bbox 983 1201 1103 1261; x_wconf 90' lang='lat' dir='ltr'><strong>modum</strong></span> <span class='ocrx_word' id='word_1_83' title='bbox 1120 1203 1250 1261; x_wconf 86' lang='lat' dir='ltr'><strong>visionis.</strong></span> <span class='ocrx_word' id='word_1_84' title='bbox 1288 1202 1332 1260; x_wconf 85' lang='lat' dir='ltr'><strong>Ea</strong></span> <span class='ocrx_word' id='word_1_85' title='bbox 1352 1216 1430 1278; x_wconf 85' lang='lat' dir='ltr'><strong>quac</strong></span> 
     </span>
     <span class='ocr_line' id='line_1_10' title="bbox 71 1288 1430 1369; baseline -0.002 -18"><span class='ocrx_word' id='word_1_86' title='bbox 71 1294 105 1351; x_wconf 81' lang='lat' dir='ltr'><strong>ia</strong></span> <span class='ocrx_word' id='word_1_87' title='bbox 127 1290 236 1369; x_wconf 88' lang='lat' dir='ltr'><strong>Optica</strong></span> <span class='ocrx_word' id='word_1_88' title='bbox 258 1289 294 1350; x_wconf 92' lang='lat' dir='ltr'><strong>de</strong></span> <span class='ocrx_word' id='word_1_89' title='bbox 317 1293 431 1351; x_wconf 84' lang='lat' dir='ltr'><strong>visione</strong></span> <span class='ocrx_word' id='word_1_90' title='bbox 455 1292 562 1351; x_wconf 88' lang='lat' dir='ltr'><strong>tradita</strong></span> <span class='ocrx_word' id='word_1_91' title='bbox 584 1301 665 1365; x_wconf 89' lang='lat' dir='ltr'><strong>sunt,</strong></span> <span class='ocrx_word' id='word_1_92' title='bbox 690 1289 738 1350; x_wconf 92' lang='lat' dir='ltr'><strong>iric</strong></span> <span class='ocrx_word' id='word_1_93' title='bbox 759 1291 924 1349; x_wconf 72' lang='lat' dir='ltr'><strong>accuratius</strong></span> <span class='ocrx_word' id='word_1_94' title='bbox 947 1295 978 1349; x_wconf 93' lang='lat' dir='ltr'><strong>st</strong></span> <span class='ocrx_word' id='word_1_95' title='bbox 1003 1288 1179 1349; x_wconf 86' lang='lat' dir='ltr'><strong>firmioribus</strong></span> <span class='ocrx_word' id='word_1_96' title='bbox 1200 1291 1301 1349; x_wconf 84' lang='lat' dir='ltr'><strong>innixa</strong></span> <span class='ocrx_word' id='word_1_97' title='bbox 1321 1288 1430 1348; x_wconf 76' lang='lat' dir='ltr'><strong>liruda·</strong></span> 
     </span>
     <span class='ocr_line' id='line_1_11' title="bbox 39 1374 1431 1457; baseline -0.004 -17"><span class='ocrx_word' id='word_1_98' title='bbox 39 1408 43 1413; x_wconf 96' lang='lat'>·</span> <span class='ocrx_word' id='word_1_99' title='bbox 68 1381 179 1440; x_wconf 84' lang='lat' dir='ltr'><strong>mentis</strong></span> <span class='ocrx_word' id='word_1_100' title='bbox 195 1386 406 1456; x_wconf 91' lang='lat' dir='ltr'><strong>proponuntur.</strong></span> <span class='ocrx_word' id='word_1_101' title='bbox 439 1378 653 1457; x_wconf 79' lang='lat' dir='ltr'><strong>,Crystaiitaus</strong></span> <span class='ocrx_word' id='word_1_102' title='bbox 675 1378 779 1437; x_wconf 92' lang='lat' dir='ltr'><strong>bumor</strong></span> <span class='ocrx_word' id='word_1_103' title='bbox 801 1376 879 1435; x_wconf 86' lang='lat' dir='ltr'><strong>oculi</strong></span> <span class='ocrx_word' id='word_1_104' title='bbox 902 1383 946 1435; x_wconf 89' lang='lat' dir='ltr'><strong>est</strong></span> <span class='ocrx_word' id='word_1_105' title='bbox 968 1376 1032 1435; x_wconf 91' lang='lat' dir='ltr'><strong>iens</strong></span> <span class='ocrx_word' id='word_1_106' title='bbox 1048 1393 1189 1452; x_wconf 81' lang='lat' dir='ltr'><strong>convexa,</strong></span> <span class='ocrx_word' id='word_1_107' title='bbox 1213 1376 1305 1436; x_wconf 83' lang='lat' dir='ltr'><strong>torma</strong></span> <span class='ocrx_word' id='word_1_108' title='bbox 1321 1374 1431 1455; x_wconf 84' lang='lat' dir='ltr'><strong>hyper-</strong></span> 
     </span>
     <span class='ocr_line' id='line_1_12' title="bbox 73 1463 1429 1544; baseline -0.003 -16"><span class='ocrx_word' id='word_1_109' title='bbox 73 1465 182 1540; x_wconf 86' lang='lat' dir='ltr'><strong>bolae3</strong></span> <span class='ocrx_word' id='word_1_110' title='bbox 209 1466 365 1525; x_wconf 89' lang='lat' dir='ltr'><strong>retiiormis</strong></span> <span class='ocrx_word' id='word_1_111' title='bbox 394 1468 494 1525; x_wconf 88' lang='lat' dir='ltr'><strong>tunica</strong></span> <span class='ocrx_word' id='word_1_112' title='bbox 521 1475 566 1526; x_wconf 87' lang='lat' dir='ltr'><strong>cst</strong></span> <span class='ocrx_word' id='word_1_113' title='bbox 593 1468 697 1544; x_wconf 86' lang='lat' dir='ltr'><strong>papyri</strong></span> <span class='ocrx_word' id='word_1_114' title='bbox 725 1466 790 1524; x_wconf 82' lang='lat' dir='ltr'><strong>vics</strong></span> <span class='ocrx_word' id='word_1_115' title='bbox 814 1472 843 1524; x_wconf 88' lang='lat' dir='ltr'><strong>et</strong></span> <span class='ocrx_word' id='word_1_116' title='bbox 865 1465 1024 1542; x_wconf 87' lang='lat' dir='ltr'><strong>pinguntur</strong></span> <span class='ocrx_word' id='word_1_117' title='bbox 1046 1466 1075 1522; x_wconf 91' lang='lat' dir='ltr'><strong>iu</strong></span> <span class='ocrx_word' id='word_1_118' title='bbox 1103 1480 1139 1524; x_wconf 90' lang='lat' dir='ltr'><strong>ea</strong></span> <span class='ocrx_word' id='word_1_119' title='bbox 1162 1463 1292 1524; x_wconf 87' lang='lat' dir='ltr'><strong>risibilia</strong></span> <span class='ocrx_word' id='word_1_120' title='bbox 1314 1465 1429 1541; x_wconf 87' lang='lat' dir='ltr'><strong>pictura</strong></span> 
     </span>
     <span class='ocr_line' id='line_1_13' title="bbox 68 1548 1431 1629; baseline -0.004 -14"><span class='ocrx_word' id='word_1_121' title='bbox 68 1552 155 1615; x_wconf 82' lang='lat' dir='ltr'><strong>reali.</strong></span> <span class='ocrx_word' id='word_1_122' title='bbox 202 1552 287 1612; x_wconf 85' lang='lat' dir='ltr'><strong>Visio</strong></span> <span class='ocrx_word' id='word_1_123' title='bbox 310 1560 356 1612; x_wconf 90' lang='lat' dir='ltr'><strong>cst</strong></span> <span class='ocrx_word' id='word_1_124' title='bbox 375 1556 474 1612; x_wconf 89' lang='lat' dir='ltr'><strong>sensio</strong></span> <span class='ocrx_word' id='word_1_125' title='bbox 497 1554 621 1613; x_wconf 85' lang='lat' dir='ltr'><strong>allectae</strong></span> <span class='ocrx_word' id='word_1_126' title='bbox 643 1550 798 1612; x_wconf 89' lang='lat' dir='ltr'><strong>retilormis</strong></span> <span class='ocrx_word' id='word_1_127' title='bbox 820 1552 923 1628; x_wconf 89' lang='lat' dir='ltr'><strong>spiritu</strong></span> <span class='ocrx_word' id='word_1_128' title='bbox 949 1552 1044 1611; x_wconf 84' lang='lat' dir='ltr'><strong>visiro</strong></span> <span class='ocrx_word' id='word_1_129' title='bbox 1066 1551 1181 1629; x_wconf 86' lang='lat' dir='ltr'><strong>plenae.</strong></span> <span class='ocrx_word' id='word_1_130' title='bbox 1210 1548 1296 1612; x_wconf 88' lang='lat' dir='ltr'><strong>Haec</strong></span> <span class='ocrx_word' id='word_1_131' title='bbox 1316 1554 1431 1629; x_wconf 79' lang='lat' dir='ltr'><strong>pieturb</strong></span> 
     </span>
     <span class='ocr_line' id='line_1_14' title="bbox 70 1630 1429 1718; baseline -0.002 -17"><span class='ocrx_word' id='word_1_132' title='bbox 70 1657 128 1701; x_wconf 88' lang='lat' dir='ltr'><strong>eeu</strong></span> <span class='ocrx_word' id='word_1_133' title='bbox 149 1639 309 1699; x_wconf 66' lang='lat' dir='ltr'><strong>illustratio</strong></span> <span class='ocrx_word' id='word_1_134' title='bbox 333 1647 377 1699; x_wconf 88' lang='lat' dir='ltr'><strong>est</strong></span> <span class='ocrx_word' id='word_1_135' title='bbox 398 1641 500 1716; x_wconf 85' lang='lat' dir='ltr'><strong>passio</strong></span> <span class='ocrx_word' id='word_1_136' title='bbox 523 1640 633 1718; x_wconf 88' lang='lat' dir='ltr'><strong>aliqua,</strong></span> <span class='ocrx_word' id='word_1_137' title='bbox 656 1655 715 1699; x_wconf 90' lang='lat' dir='ltr'><strong>aon</strong></span> <span class='ocrx_word' id='word_1_138' title='bbox 736 1644 849 1698; x_wconf 90' lang='lat' dir='ltr'><strong>tautum</strong></span> <span class='ocrx_word' id='word_1_139' title='bbox 871 1630 1086 1715; x_wconf 79' lang='lat' dir='ltr'><strong>superficiaria,</strong></span> <span class='ocrx_word' id='word_1_140' title='bbox 1110 1637 1163 1699; x_wconf 93' lang='lat' dir='ltr'><strong>sed</strong></span> <span class='ocrx_word' id='word_1_141' title='bbox 1186 1641 1274 1699; x_wconf 89' lang='lat' dir='ltr'><strong>etlam</strong></span> <span class='ocrx_word' id='word_1_142' title='bbox 1298 1637 1429 1715; x_wconf 75' lang='lat' dir='ltr'><strong>qualita-</strong></span> 
     </span>
     <span class='ocr_line' id='line_1_15' title="bbox 69 1724 1429 1804; baseline -0.003 -16"><span class='ocrx_word' id='word_1_143' title='bbox 69 1731 153 1801; x_wconf 78' lang='lat' dir='ltr'><strong>tiva,</strong></span> <span class='ocrx_word' id='word_1_144' title='bbox 184 1734 342 1804; x_wconf 88' lang='lat' dir='ltr'><strong>penetrans</strong></span> <span class='ocrx_word' id='word_1_145' title='bbox 363 1729 393 1784; x_wconf 89' lang='lat' dir='ltr'><strong>in</strong></span> <span class='ocrx_word' id='word_1_146' title='bbox 414 1729 543 1804; x_wconf 85' lang='lat' dir='ltr'><strong>spiritus.</strong></span> <span class='ocrx_word' id='word_1_147' title='bbox 590 1725 843 1803; x_wconf 74' lang='lat' dir='ltr'><strong>Quemadmodum</strong></span> <span class='ocrx_word' id='word_1_148' title='bbox 873 1727 967 1784; x_wconf 87' lang='lat' dir='ltr'><strong>omnis</strong></span> <span class='ocrx_word' id='word_1_149' title='bbox 996 1742 1100 1785; x_wconf 90' lang='lat' dir='ltr'><strong>sensas</strong></span> <span class='ocrx_word' id='word_1_150' title='bbox 1123 1736 1259 1786; x_wconf 82' lang='lat' dir='ltr'><strong>externus</strong></span> <span class='ocrx_word' id='word_1_151' title='bbox 1282 1724 1429 1803; x_wconf 89' lang='lat' dir='ltr'><strong>perlicitur</strong></span> 
     </span>
     <span class='ocr_line' id='line_1_16' title="bbox 69 1812 1431 1892; baseline -0.003 -15"><span class='ocrx_word' id='word_1_152' title='bbox 69 1817 239 1892; x_wconf 73' lang='lat' dir='ltr'><strong>sumptious</strong></span> <span class='ocrx_word' id='word_1_153' title='bbox 266 1821 296 1873; x_wconf 91' lang='lat' dir='ltr'><strong>et</strong></span> <span class='ocrx_word' id='word_1_154' title='bbox 317 1817 522 1891; x_wconf 83' lang='lat' dir='ltr'><strong>impressione,</strong></span> <span class='ocrx_word' id='word_1_155' title='bbox 551 1817 690 1891; x_wconf 88' lang='lat' dir='ltr'><strong>passione</strong></span> <span class='ocrx_word' id='word_1_156' title='bbox 717 1813 845 1886; x_wconf 91' lang='lat' dir='ltr'><strong>scilicet,</strong></span> <span class='ocrx_word' id='word_1_157' title='bbox 875 1829 940 1872; x_wconf 89' lang='lat' dir='ltr'><strong>cnm</strong></span> <span class='ocrx_word' id='word_1_158' title='bbox 970 1814 1145 1890; x_wconf 85' lang='lat' dir='ltr'><strong>imprimitur</strong></span> <span class='ocrx_word' id='word_1_159' title='bbox 1173 1813 1311 1891; x_wconf 83' lang='lat' dir='ltr'><strong>siquod</strong></span> <span class='ocrx_word' id='word_1_160' title='bbox 1341 1812 1431 1874; x_wconf 87' lang='lat' dir='ltr'><strong>sentit</strong></span> 
     </span>
     <span class='ocr_line' id='line_1_17' title="bbox 68 1900 1430 1981; baseline -0.001 -18"><span class='ocrx_word' id='word_1_161' title='bbox 68 1905 186 1981; x_wconf 85' lang='lat' dir='ltr'><strong>species</strong></span> <span class='ocrx_word' id='word_1_162' title='bbox 207 1903 249 1961; x_wconf 89' lang='lat' dir='ltr'><strong>rei</strong></span> <span class='ocrx_word' id='word_1_163' title='bbox 272 1909 418 1973; x_wconf 85' lang='lat' dir='ltr'><strong>externae,</strong></span> <span class='ocrx_word' id='word_1_164' title='bbox 443 1920 519 1978; x_wconf 88' lang='lat' dir='ltr'><strong>quas</strong></span> <span class='ocrx_word' id='word_1_165' title='bbox 541 1904 641 1979; x_wconf 89' lang='lat' dir='ltr'><strong>passio</strong></span> <span class='ocrx_word' id='word_1_166' title='bbox 663 1902 761 1961; x_wconf 90' lang='lat' dir='ltr'><strong>sensio</strong></span> <span class='ocrx_word' id='word_1_167' title='bbox 785 1900 897 1973; x_wconf 92' lang='lat' dir='ltr'><strong>dicitur,</strong></span> <span class='ocrx_word' id='word_1_168' title='bbox 920 1902 963 1960; x_wconf 89' lang='lat' dir='ltr'><strong>sic</strong></span> <span class='ocrx_word' id='word_1_169' title='bbox 985 1903 1073 1962; x_wconf 92' lang='lat' dir='ltr'><strong>etiam</strong></span> <span class='ocrx_word' id='word_1_170' title='bbox 1096 1901 1173 1959; x_wconf 90' lang='lat' dir='ltr'><strong>intus</strong></span> <span class='ocrx_word' id='word_1_171' title='bbox 1196 1903 1226 1958; x_wconf 87' lang='lat' dir='ltr'><strong>iu</strong></span> <span class='ocrx_word' id='word_1_172' title='bbox 1242 1902 1361 1962; x_wconf 84' lang='lat' dir='ltr'><strong>cerebro</strong></span> <span class='ocrx_word' id='word_1_173' title='bbox 1383 1907 1430 1961; x_wconf 86' lang='lat' dir='ltr'><strong>est</strong></span> 
     </span>
     <span class='ocr_line' id='line_1_18' title="bbox 69 1987 1428 2066; baseline -0.002 -15"><span class='ocrx_word' id='word_1_174' title='bbox 69 1988 195 2066; x_wconf 83' lang='lat' dir='ltr'><strong>aliquid,</strong></span> <span class='ocrx_word' id='word_1_175' title='bbox 217 1988 358 2065; x_wconf 89' lang='lat' dir='ltr'><strong>quicquid</strong></span> <span class='ocrx_word' id='word_1_176' title='bbox 380 1992 428 2062; x_wconf 92' lang='lat' dir='ltr'><strong>sit,</strong></span> <span class='ocrx_word' id='word_1_177' title='bbox 451 1988 531 2065; x_wconf 88' lang='lat' dir='ltr'><strong>quod</strong></span> <span class='ocrx_word' id='word_1_178' title='bbox 554 1992 715 2049; x_wconf 89' lang='lat' dir='ltr'><strong>communis</strong></span> <span class='ocrx_word' id='word_1_179' title='bbox 736 2004 840 2049; x_wconf 88' lang='lat' dir='ltr'><strong>sensae</strong></span> <span class='ocrx_word' id='word_1_180' title='bbox 863 1987 976 2060; x_wconf 88' lang='lat' dir='ltr'><strong>dicitur,</strong></span> <span class='ocrx_word' id='word_1_181' title='bbox 1001 1990 1048 2047; x_wconf 91' lang='lat' dir='ltr'><strong>cui</strong></span> <span class='ocrx_word' id='word_1_182' title='bbox 1063 1990 1236 2066; x_wconf 87' lang='lat' dir='ltr'><strong>imprimitur</strong></span> <span class='ocrx_word' id='word_1_183' title='bbox 1249 1992 1363 2066; x_wconf 89' lang='lat' dir='ltr'><strong>species</strong></span> <span class='ocrx_word' id='word_1_184' title='bbox 1379 1989 1428 2046; x_wconf 90' lang='lat' dir='ltr'><strong>iu-</strong></span> 
     </span>
     <span class='ocr_line' id='line_1_19' title="bbox 69 2074 1428 2155; baseline -0.001 -16"><span class='ocrx_word' id='word_1_185' title='bbox 69 2078 228 2139; x_wconf 79' lang='lat' dir='ltr'><strong>strumenti</strong></span> <span class='ocrx_word' id='word_1_186' title='bbox 251 2078 353 2135; x_wconf 80' lang='lat' dir='ltr'><strong>visorii</strong></span> <span class='ocrx_word' id='word_1_187' title='bbox 375 2077 480 2151; x_wconf 84' lang='lat' dir='ltr'><strong>allecti,</strong></span> <span class='ocrx_word' id='word_1_188' title='bbox 503 2076 561 2137; x_wconf 91' lang='lat' dir='ltr'><strong>boc</strong></span> <span class='ocrx_word' id='word_1_189' title='bbox 583 2086 628 2137; x_wconf 91' lang='lat' dir='ltr'><strong>cst</strong></span> <span class='ocrx_word' id='word_1_190' title='bbox 649 2078 720 2155; x_wconf 91' lang='lat' dir='ltr'><strong>picti</strong></span> <span class='ocrx_word' id='word_1_191' title='bbox 743 2093 761 2135; x_wconf 90' lang='lat' dir='ltr'><strong>a</strong></span> <span class='ocrx_word' id='word_1_192' title='bbox 783 2074 858 2135; x_wconf 88' lang='lat' dir='ltr'><strong>luce·</strong></span> <span class='ocrx_word' id='word_1_193' title='bbox 871 2077 912 2136; x_wconf 90' lang='lat' dir='ltr'><strong>rei</strong></span> <span class='ocrx_word' id='word_1_194' title='bbox 934 2075 1069 2135; x_wconf 86' lang='lat' dir='ltr'><strong>risibilis.</strong></span> <span class='ocrx_word' id='word_1_195' title='bbox 1116 2074 1200 2150; x_wconf 89' lang='lat' dir='ltr'><strong>Quae</strong></span> <span class='ocrx_word' id='word_1_196' title='bbox 1229 2078 1319 2152; x_wconf 87' lang='lat' dir='ltr'><strong>igitur</strong></span> <span class='ocrx_word' id='word_1_197' title='bbox 1347 2076 1428 2137; x_wconf 85' lang='lat' dir='ltr'><strong>acci·</strong></span> 
     </span>
     <span class='ocr_line' id='line_1_20' title="bbox 71 2162 1427 2239; baseline -0.002 -14"><span class='ocrx_word' id='word_1_198' title='bbox 71 2162 151 2225; x_wconf 86' lang='lat' dir='ltr'><strong>dunt</strong></span> <span class='ocrx_word' id='word_1_199' title='bbox 171 2166 374 2222; x_wconf 84' lang='lat' dir='ltr'><strong>instrumento¹</strong></span> <span class='ocrx_word' id='word_1_200' title='bbox 387 2173 469 2224; x_wconf 83' lang='lat' dir='ltr'><strong>extra</strong></span> <span class='ocrx_word' id='word_1_201' title='bbox 490 2164 590 2224; x_wconf 88' lang='lat' dir='ltr'><strong>eedem</strong></span> <span class='ocrx_word' id='word_1_202' title='bbox 613 2180 717 2224; x_wconf 86' lang='lat' dir='ltr'><strong>sensus</strong></span> <span class='ocrx_word' id='word_1_203' title='bbox 739 2165 910 2235; x_wconf 87' lang='lat' dir='ltr'><strong>communis,</strong></span> <span class='ocrx_word' id='word_1_204' title='bbox 934 2179 971 2222; x_wconf 92' lang='lat' dir='ltr'><strong>ea</strong></span> <span class='ocrx_word' id='word_1_205' title='bbox 985 2179 1036 2239; x_wconf 91' lang='lat' dir='ltr'><strong>per</strong></span> <span class='ocrx_word' id='word_1_206' title='bbox 1051 2165 1178 2239; x_wconf 83' lang='lat' dir='ltr'><strong>speciem</strong></span> <span class='ocrx_word' id='word_1_207' title='bbox 1193 2165 1427 2238; x_wconf 85' lang='lat' dir='ltr'><strong>immaterialem,</strong></span> 
     </span>
     <span class='ocr_line' id='line_1_21' title="bbox 70 2248 1464 2328; baseline -0.001 -16"><span class='ocrx_word' id='word_1_208' title='bbox 70 2250 227 2327; x_wconf 73' lang='lat' dir='ltr'><strong>delapsam</strong></span> <span class='ocrx_word' id='word_1_209' title='bbox 250 2251 290 2311; x_wconf 90' lang='lat' dir='ltr'><strong>ab</strong></span> <span class='ocrx_word' id='word_1_210' title='bbox 312 2252 504 2312; x_wconf 88' lang='lat' dir='ltr'><strong>instrumento</strong></span> <span class='ocrx_word' id='word_1_211' title='bbox 526 2252 631 2312; x_wconf 84' lang='lat' dir='ltr'><strong>allecto</strong></span> <span class='ocrx_word' id='word_1_212' title='bbox 652 2267 705 2311; x_wconf 89' lang='lat' dir='ltr'><strong>ssu</strong></span> <span class='ocrx_word' id='word_1_213' title='bbox 727 2253 807 2328; x_wconf 91' lang='lat' dir='ltr'><strong>picto</strong></span> <span class='ocrx_word' id='word_1_214' title='bbox 830 2256 859 2310; x_wconf 88' lang='lat' dir='ltr'><strong>ct</strong></span> <span class='ocrx_word' id='word_1_215' title='bbox 881 2250 1044 2309; x_wconf 87' lang='lat' dir='ltr'><strong>traductam</strong></span> <span class='ocrx_word' id='word_1_216' title='bbox 1061 2250 1099 2309; x_wconf 87' lang='lat' dir='ltr'><strong>ad</strong></span> <span class='ocrx_word' id='word_1_217' title='bbox 1113 2249 1215 2311; x_wconf 92' lang='lat' dir='ltr'><strong>limina</strong></span> <span class='ocrx_word' id='word_1_218' title='bbox 1230 2267 1334 2312; x_wconf 87' lang='lat' dir='ltr'><strong>seusus</strong></span> <span class='ocrx_word' id='word_1_219' title='bbox 1349 2268 1432 2311; x_wconf 82' lang='lat' dir='ltr'><strong>com·</strong></span> <span class='ocrx_word' id='word_1_220' title='bbox 1456 2248 1464 2268; x_wconf 91' lang='grc'><strong>’</strong></span> 
     </span>
     <span class='ocr_line' id='line_1_22' title="bbox 70 2336 1430 2416; baseline -0.002 -15"><span class='ocrx_word' id='word_1_221' title='bbox 70 2341 188 2412; x_wconf 85' lang='lat' dir='ltr'><strong>munis,</strong></span> <span class='ocrx_word' id='word_1_222' title='bbox 218 2337 263 2396; x_wconf 90' lang='lat' dir='ltr'><strong>illi</strong></span> <span class='ocrx_word' id='word_1_223' title='bbox 291 2341 389 2398; x_wconf 82' lang='lat' dir='ltr'><strong>sensui</strong></span> <span class='ocrx_word' id='word_1_224' title='bbox 420 2341 565 2399; x_wconf 91' lang='lat' dir='ltr'><strong>communi</strong></span> <span class='ocrx_word' id='word_1_225' title='bbox 593 2341 805 2416; x_wconf 83' lang='lat' dir='ltr'><strong>imprimuntur,</strong></span> <span class='ocrx_word' id='word_1_226' title='bbox 849 2336 907 2398; x_wconf 79' lang='lat' dir='ltr'><strong>Sed</strong></span> <span class='ocrx_word' id='word_1_227' title='bbox 937 2340 1090 2415; x_wconf 85' lang='lat' dir='ltr'><strong>impressio</strong></span> <span class='ocrx_word' id='word_1_228' title='bbox 1117 2338 1193 2399; x_wconf 88' lang='lat' dir='ltr'><strong>haec</strong></span> <span class='ocrx_word' id='word_1_229' title='bbox 1222 2346 1268 2400; x_wconf 89' lang='lat' dir='ltr'><strong>est</strong></span> <span class='ocrx_word' id='word_1_230' title='bbox 1297 2338 1430 2399; x_wconf 91' lang='lat' dir='ltr'><strong>occultae</strong></span> 
     </span>
     <span class='ocr_line' id='line_1_23' title="bbox 69 2424 1431 2503; baseline -0.001 -17"><span class='ocrx_word' id='word_1_231' title='bbox 69 2428 197 2486; x_wconf 82' lang='lat' dir='ltr'><strong>rationis</strong></span> <span class='ocrx_word' id='word_1_232' title='bbox 224 2442 279 2485; x_wconf 91' lang='lat' dir='ltr'><strong>nsc</strong></span> <span class='ocrx_word' id='word_1_233' title='bbox 302 2434 364 2485; x_wconf 91' lang='lat' dir='ltr'><strong>tuto</strong></span> <span class='ocrx_word' id='word_1_234' title='bbox 387 2426 444 2485; x_wconf 91' lang='lat' dir='ltr'><strong>dici</strong></span> <span class='ocrx_word' id='word_1_235' title='bbox 472 2434 585 2502; x_wconf 86' lang='lat' dir='ltr'><strong>potest,</strong></span> <span class='ocrx_word' id='word_1_236' title='bbox 616 2427 744 2503; x_wconf 86' lang='lat' dir='ltr'><strong>speciem</strong></span> <span class='ocrx_word' id='word_1_237' title='bbox 773 2424 851 2484; x_wconf 90' lang='lat' dir='ltr'><strong>banc</strong></span> <span class='ocrx_word' id='word_1_238' title='bbox 879 2426 1024 2485; x_wconf 78' lang='lat' dir='ltr'><strong>introferri</strong></span> <span class='ocrx_word' id='word_1_239' title='bbox 1048 2442 1105 2502; x_wconf 88' lang='lat' dir='ltr'><strong>per</strong></span> <span class='ocrx_word' id='word_1_240' title='bbox 1133 2434 1247 2486; x_wconf 88' lang='lat' dir='ltr'><strong>meatus</strong></span> <span class='ocrx_word' id='word_1_241' title='bbox 1274 2440 1431 2487; x_wconf 84' lang='lat' dir='ltr'><strong>nervorum</strong></span> 
     </span>
     <span class='ocr_line' id='line_1_24' title="bbox 73 2509 1433 2591; baseline -0.004 -16"><span class='ocrx_word' id='word_1_242' title='bbox 73 2515 241 2591; x_wconf 87' lang='lat' dir='ltr'><strong>opticorum</strong></span> <span class='ocrx_word' id='word_1_243' title='bbox 263 2530 328 2572; x_wconf 88' lang='lat' dir='ltr'><strong>sese</strong></span> <span class='ocrx_word' id='word_1_244' title='bbox 351 2512 577 2576; x_wconf 88' lang='lat' dir='ltr'><strong>decussantium.</strong></span> <span class='ocrx_word' id='word_1_245' title='bbox 624 2514 788 2574; x_wconf 92' lang='lat' dir='ltr'><strong>Obscurum</strong></span> <span class='ocrx_word' id='word_1_246' title='bbox 811 2519 864 2586; x_wconf 87' lang='lat' dir='ltr'><strong>est,</strong></span> <span class='ocrx_word' id='word_1_247' title='bbox 888 2529 926 2570; x_wconf 90' lang='lat' dir='ltr'><strong>au</strong></span> <span class='ocrx_word' id='word_1_248' title='bbox 949 2514 1031 2571; x_wconf 83' lang='lat' dir='ltr'><strong>nervi</strong></span> <span class='ocrx_word' id='word_1_249' title='bbox 1059 2515 1148 2591; x_wconf 90' lang='lat' dir='ltr'><strong>optioi</strong></span> <span class='ocrx_word' id='word_1_250' title='bbox 1172 2515 1303 2574; x_wconf 86' lang='lat' dir='ltr'><strong>serviant</strong></span> <span class='ocrx_word' id='word_1_251' title='bbox 1323 2509 1433 2591; x_wconf 87' lang='lat' dir='ltr'><strong>speciei</strong></span> 
     </span>
    </p>
   </div>
   <div class='ocr_carea' id='block_1_3' title="bbox 70 2600 1433 2779">
    <p class='ocr_par' dir='ltr' id='par_1_3' title="bbox 70 2600 1433 2779">
     <span class='ocr_line' id='line_1_25' title="bbox 71 2600 1433 2677; baseline -0.004 -14"><span class='ocrx_word' id='word_1_252' title='bbox 71 2601 174 2663; x_wconf 80' lang='lat' dir='ltr'><strong>allecti</strong></span> <span class='ocrx_word' id='word_1_253' title='bbox 196 2603 379 2660; x_wconf 87' lang='lat' dir='ltr'><strong>instrumenti</strong></span> <span class='ocrx_word' id='word_1_254' title='bbox 408 2600 605 2662; x_wconf 85' lang='lat' dir='ltr'><strong>traducendae</strong></span> <span class='ocrx_word' id='word_1_255' title='bbox 632 2604 710 2661; x_wconf 91' lang='lat' dir='ltr'><strong>intro</strong></span> <span class='ocrx_word' id='word_1_256' title='bbox 733 2604 763 2658; x_wconf 90' lang='lat' dir='ltr'><strong>iu</strong></span> <span class='ocrx_word' id='word_1_257' title='bbox 784 2600 949 2674; x_wconf 87' lang='lat' dir='ltr'><strong>cerebrum,</strong></span> <span class='ocrx_word' id='word_1_258' title='bbox 980 2615 1017 2659; x_wconf 88' lang='lat' dir='ltr'><strong>en</strong></span> <span class='ocrx_word' id='word_1_259' title='bbox 1044 2602 1144 2677; x_wconf 92' lang='lat' dir='ltr'><strong>potius</strong></span> <span class='ocrx_word' id='word_1_260' title='bbox 1173 2603 1232 2660; x_wconf 90' lang='lat' dir='ltr'><strong>sint</strong></span> <span class='ocrx_word' id='word_1_261' title='bbox 1260 2601 1310 2660; x_wconf 89' lang='lat' dir='ltr'><strong>alli</strong></span> <span class='ocrx_word' id='word_1_262' title='bbox 1340 2600 1433 2677; x_wconf 87' lang='lat' dir='ltr'><strong>aliqui</strong></span> 
     </span>
     <span class='ocr_line' id='line_1_26' title="bbox 70 2687 1432 2779; baseline -0.001 -29"><span class='ocrx_word' id='word_1_263' title='bbox 70 2690 197 2766; x_wconf 78' lang='lat' dir='ltr'><strong>spiritus</strong></span> <span class='ocrx_word' id='word_1_264' title='bbox 219 2687 388 2747; x_wconf 84' lang='lat' dir='ltr'><strong>subtiliores</strong></span> <span class='ocrx_word' id='word_1_265' title='bbox 413 2702 555 2779; x_wconf 84' lang='lat' dir='ltr'><strong>corporeo</strong></span> <span class='ocrx_word' id='word_1_266' title='bbox 581 2691 639 2748; x_wconf 90' lang='lat' dir='ltr'><strong>isto</strong></span> <span class='ocrx_word' id='word_1_267' title='bbox 662 2703 715 2766; x_wconf 87' lang='lat' dir='ltr'><strong>per</strong></span> <span class='ocrx_word' id='word_1_268' title='bbox 734 2687 911 2749; x_wconf 88' lang='lat' dir='ltr'><strong>retilormem</strong></span> <span class='ocrx_word' id='word_1_269' title='bbox 941 2702 1057 2764; x_wconf 88' lang='lat' dir='ltr'><strong>sparso,</strong></span> <span class='ocrx_word' id='word_1_270' title='bbox 1089 2691 1139 2764; x_wconf 91' lang='lat' dir='ltr'><strong>qui</strong></span> <span class='ocrx_word' id='word_1_271' title='bbox 1170 2696 1268 2748; x_wconf 91' lang='lat' dir='ltr'><strong>meatu</strong></span> <span class='ocrx_word' id='word_1_272' title='bbox 1292 2698 1432 2765; x_wconf 86' lang='lat' dir='ltr'><strong>corporeo</strong></span> 
     </span>
    </p>
   </div>
   <div class='ocr_carea' id='block_1_4' title="bbox 71 2773 1443 4867">
    <p class='ocr_par' dir='ltr' id='par_1_4' title="bbox 71 2773 1437 3990">
     <span class='ocr_line' id='line_1_27' title="bbox 71 2773 1433 2853; baseline -0.001 -18"><span class='ocrx_word' id='word_1_273' title='bbox 71 2791 136 2837; x_wconf 79' lang='lat' dir='ltr'><strong>non</strong></span> <span class='ocrx_word' id='word_1_274' title='bbox 159 2773 323 2852; x_wconf 83' lang='lat' dir='ltr'><strong>indigentes</strong></span> <span class='ocrx_word' id='word_1_275' title='bbox 350 2792 403 2851; x_wconf 91' lang='lat' dir='ltr'><strong>per</strong></span> <span class='ocrx_word' id='word_1_276' title='bbox 430 2783 526 2835; x_wconf 89' lang='lat' dir='ltr'><strong>totam</strong></span> <span class='ocrx_word' id='word_1_277' title='bbox 549 2793 653 2853; x_wconf 86' lang='lat' dir='ltr'><strong>corpus</strong></span> <span class='ocrx_word' id='word_1_278' title='bbox 683 2775 774 2836; x_wconf 81' lang='lat' dir='ltr'><strong>libere</strong></span> <span class='ocrx_word' id='word_1_279' title='bbox 795 2777 960 2851; x_wconf 88' lang='lat' dir='ltr'><strong>spatientur</strong></span> <span class='ocrx_word' id='word_1_280' title='bbox 981 2776 1234 2852; x_wconf 77' lang='lat' dir='ltr'><strong>membrorumque</strong></span> <span class='ocrx_word' id='word_1_281' title='bbox 1262 2775 1433 2836; x_wconf 73' lang='lat' dir='ltr'><strong>dilectiones</strong></span> 
     </span>
     <span class='ocr_line' id='line_1_28' title="bbox 72 2860 1433 2940; baseline -0.002 -15"><span class='ocrx_word' id='word_1_282' title='bbox 72 2864 258 2939; x_wconf 81' lang='lat' dir='ltr'><strong>excipientes</strong></span> <span class='ocrx_word' id='word_1_283' title='bbox 273 2863 389 2922; x_wconf 89' lang='lat' dir='ltr'><strong>cerebri·</strong></span> <span class='ocrx_word' id='word_1_284' title='bbox 398 2862 540 2935; x_wconf 80' lang='lat' dir='ltr'><strong>facultati,</strong></span> <span class='ocrx_word' id='word_1_285' title='bbox 564 2880 640 2940; x_wconf 90' lang='lat' dir='ltr'><strong>quac</strong></span> <span class='ocrx_word' id='word_1_286' title='bbox 657 2864 817 2923; x_wconf 88' lang='lat' dir='ltr'><strong>communis</strong></span> <span class='ocrx_word' id='word_1_287' title='bbox 832 2878 936 2921; x_wconf 90' lang='lat' dir='ltr'><strong>sensus</strong></span> <span class='ocrx_word' id='word_1_288' title='bbox 951 2860 1065 2937; x_wconf 89' lang='lat' dir='ltr'><strong>dicitnr,</strong></span> <span class='ocrx_word' id='word_1_289' title='bbox 1082 2865 1305 2924; x_wconf 88' lang='lat' dir='ltr'><strong>communicent.</strong></span> <span class='ocrx_word' id='word_1_290' title='bbox 1343 2862 1433 2922; x_wconf 69' lang='lat' dir='ltr'><strong>Forte</strong></span> 
     </span>
     <span class='ocr_line' id='line_1_29' title="bbox 73 2950 1434 3028; baseline -0.002 -17"><span class='ocrx_word' id='word_1_291' title='bbox 73 2952 122 3012; x_wconf 88' lang='lat' dir='ltr'><strong>eie</strong></span> <span class='ocrx_word' id='word_1_292' title='bbox 143 2957 197 3023; x_wconf 88' lang='lat' dir='ltr'><strong>est,</strong></span> <span class='ocrx_word' id='word_1_293' title='bbox 222 2957 254 3008; x_wconf 92' lang='lat' dir='ltr'><strong>ut</strong></span> <span class='ocrx_word' id='word_1_294' title='bbox 277 2950 467 3010; x_wconf 79' lang='lat' dir='ltr'><strong>transferatur</strong></span> <span class='ocrx_word' id='word_1_295' title='bbox 488 2951 562 3011; x_wconf 85' lang='lat' dir='ltr'><strong>baec</strong></span> <span class='ocrx_word' id='word_1_296' title='bbox 584 2953 696 3028; x_wconf 86' lang='lat' dir='ltr'><strong>species</strong></span> <span class='ocrx_word' id='word_1_297' title='bbox 718 2950 818 3010; x_wconf 86' lang='lat' dir='ltr'><strong>allecti</strong></span> <span class='ocrx_word' id='word_1_298' title='bbox 838 2951 1021 3008; x_wconf 90' lang='lat' dir='ltr'><strong>instrumenti</strong></span> <span class='ocrx_word' id='word_1_299' title='bbox 1037 2950 1208 3009; x_wconf 88' lang='lat' dir='ltr'><strong>arctiiormi</strong></span> <span class='ocrx_word' id='word_1_300' title='bbox 1230 2952 1259 3009; x_wconf 91' lang='lat' dir='ltr'><strong>in</strong></span> <span class='ocrx_word' id='word_1_301' title='bbox 1283 2950 1434 3011; x_wconf 89' lang='lat' dir='ltr'><strong>cerebrum</strong></span> 
     </span>
     <span class='ocr_line' id='line_1_30' title="bbox 72 3037 1435 3117; baseline -0.001 -19"><span class='ocrx_word' id='word_1_302' title='bbox 72 3054 131 3117; x_wconf 78' lang='lat' dir='ltr'><strong>per</strong></span> <span class='ocrx_word' id='word_1_303' title='bbox 151 3045 281 3097; x_wconf 84' lang='lat' dir='ltr'><strong>meatum</strong></span> <span class='ocrx_word' id='word_1_304' title='bbox 304 3037 422 3113; x_wconf 90' lang='lat' dir='ltr'><strong>quidem</strong></span> <span class='ocrx_word' id='word_1_305' title='bbox 443 3041 526 3098; x_wconf 84' lang='lat' dir='ltr'><strong>nerei</strong></span> <span class='ocrx_word' id='word_1_306' title='bbox 549 3040 649 3114; x_wconf 90' lang='lat' dir='ltr'><strong>optici,</strong></span> <span class='ocrx_word' id='word_1_307' title='bbox 672 3053 731 3097; x_wconf 90' lang='lat' dir='ltr'><strong>nou</strong></span> <span class='ocrx_word' id='word_1_308' title='bbox 754 3045 851 3097; x_wconf 72' lang='lat' dir='ltr'><strong>mmen</strong></span> <span class='ocrx_word' id='word_1_309' title='bbox 875 3043 1021 3113; x_wconf 91' lang='lat' dir='ltr'><strong>quatenus</strong></span> <span class='ocrx_word' id='word_1_310' title='bbox 1043 3038 1069 3094; x_wconf 91' lang='lat' dir='ltr'><strong>is</strong></span> <span class='ocrx_word' id='word_1_311' title='bbox 1092 3044 1137 3098; x_wconf 90' lang='lat' dir='ltr'><strong>est</strong></span> <span class='ocrx_word' id='word_1_312' title='bbox 1152 3037 1259 3115; x_wconf 90' lang='lat' dir='ltr'><strong>aliquis</strong></span> <span class='ocrx_word' id='word_1_313' title='bbox 1278 3050 1435 3115; x_wconf 85' lang='lat' dir='ltr'><strong>corporeus</strong></span> 
     </span>
     <span class='ocr_line' id='line_1_31' title="bbox 72 3123 1434 3202; baseline -0.002 -16"><span class='ocrx_word' id='word_1_314' title='bbox 72 3133 209 3198; x_wconf 69' lang='lat' dir='ltr'><strong>nutas,</strong></span> <span class='ocrx_word' id='word_1_315' title='bbox 240 3123 293 3182; x_wconf 90' lang='lat' dir='ltr'><strong>scd</strong></span> <span class='ocrx_word' id='word_1_316' title='bbox 323 3133 468 3200; x_wconf 87' lang='lat' dir='ltr'><strong>quatenus</strong></span> <span class='ocrx_word' id='word_1_317' title='bbox 491 3126 518 3184; x_wconf 91' lang='lat' dir='ltr'><strong>is</strong></span> <span class='ocrx_word' id='word_1_318' title='bbox 539 3125 577 3184; x_wconf 93' lang='lat' dir='ltr'><strong>ab</strong></span> <span class='ocrx_word' id='word_1_319' title='bbox 608 3127 672 3202; x_wconf 89' lang='lat' dir='ltr'><strong>ipsa</strong></span> <span class='ocrx_word' id='word_1_320' title='bbox 699 3123 772 3191; x_wconf 87' lang='lat' dir='ltr'><strong>sede</strong></span> <span class='ocrx_word' id='word_1_321' title='bbox 803 3138 907 3184; x_wconf 84' lang='lat' dir='ltr'><strong>sensus</strong></span> <span class='ocrx_word' id='word_1_322' title='bbox 937 3126 1099 3184; x_wconf 90' lang='lat' dir='ltr'><strong>communie</strong></span> <span class='ocrx_word' id='word_1_323' title='bbox 1130 3142 1222 3202; x_wconf 91' lang='lat' dir='ltr'><strong>usquc</strong></span> <span class='ocrx_word' id='word_1_324' title='bbox 1251 3126 1282 3183; x_wconf 94' lang='lat' dir='ltr'><strong>in</strong></span> <span class='ocrx_word' id='word_1_325' title='bbox 1312 3138 1434 3186; x_wconf 79' lang='lat' dir='ltr'><strong>nereum</strong></span> 
     </span>
     <span class='ocr_line' id='line_1_32' title="bbox 73 3210 1434 3292; baseline -0.001 -19"><span class='ocrx_word' id='word_1_326' title='bbox 73 3215 209 3291; x_wconf 85' lang='lat' dir='ltr'><strong>opticum</strong></span> <span class='ocrx_word' id='word_1_327' title='bbox 233 3210 432 3292; x_wconf 88' lang='lat' dir='ltr'><strong>(retiiormsm)</strong></span> <span class='ocrx_word' id='word_1_328' title='bbox 459 3220 506 3271; x_wconf 89' lang='lat' dir='ltr'><strong>est</strong></span> <span class='ocrx_word' id='word_1_329' title='bbox 531 3214 635 3289; x_wconf 88' lang='lat' dir='ltr'><strong>spiritu</strong></span> <span class='ocrx_word' id='word_1_330' title='bbox 664 3212 769 3289; x_wconf 91' lang='lat' dir='ltr'><strong>plenus</strong></span> <span class='ocrx_word' id='word_1_331' title='bbox 793 3219 821 3270; x_wconf 92' lang='lat' dir='ltr'><strong>ei</strong></span> <span class='ocrx_word' id='word_1_332' title='bbox 843 3213 885 3271; x_wconf 91' lang='lat' dir='ltr'><strong>sic</strong></span> <span class='ocrx_word' id='word_1_333' title='bbox 914 3212 1097 3272; x_wconf 87' lang='lat' dir='ltr'><strong>continuatio</strong></span> <span class='ocrx_word' id='word_1_334' title='bbox 1128 3214 1248 3289; x_wconf 88' lang='lat' dir='ltr'><strong>spiritus</strong></span> <span class='ocrx_word' id='word_1_335' title='bbox 1276 3215 1315 3273; x_wconf 91' lang='lat' dir='ltr'><strong>sii</strong></span> <span class='ocrx_word' id='word_1_336' title='bbox 1344 3212 1434 3272; x_wconf 80' lang='lat' dir='ltr'><strong>caus&#39;a</strong></span> 
     </span>
     <span class='ocr_line' id='line_1_33' title="bbox 73 3299 1434 3376; baseline -0.001 -15"><span class='ocrx_word' id='word_1_337' title='bbox 73 3303 255 3361; x_wconf 71' lang='lat' dir='ltr'><strong>nauseantis</strong></span> <span class='ocrx_word' id='word_1_338' title='bbox 270 3300 432 3358; x_wconf 84' lang='lat' dir='ltr'><strong>allectionis</strong></span> <span class='ocrx_word' id='word_1_339' title='bbox 447 3301 485 3360; x_wconf 87' lang='lat' dir='ltr'><strong>ab</strong></span> <span class='ocrx_word' id='word_1_340' title='bbox 498 3301 583 3359; x_wconf 92' lang='lat' dir='ltr'><strong>ocuio</strong></span> <span class='ocrx_word' id='word_1_341' title='bbox 600 3301 629 3359; x_wconf 92' lang='lat' dir='ltr'><strong>in</strong></span> <span class='ocrx_word' id='word_1_342' title='bbox 640 3300 797 3360; x_wconf 86' lang='lat' dir='ltr'><strong>cerebrum.</strong></span> <span class='ocrx_word' id='word_1_343' title='bbox 822 3299 1018 3359; x_wconf 84' lang='lat' dir='ltr'><strong>instrumento</strong></span> <span class='ocrx_word' id='word_1_344' title='bbox 1034 3306 1158 3376; x_wconf 88' lang='lat' dir='ltr'><strong>utroque</strong></span> <span class='ocrx_word' id='word_1_345' title='bbox 1174 3300 1307 3362; x_wconf 93' lang='lat' dir='ltr'><strong>similiter</strong></span> <span class='ocrx_word' id='word_1_346' title='bbox 1318 3300 1434 3373; x_wconf 87' lang='lat' dir='ltr'><strong>allecto,</strong></span> 
     </span>
     <span class='ocr_line' id='line_1_34' title="bbox 72 3385 1434 3464; baseline -0.001 -15"><span class='ocrx_word' id='word_1_347' title='bbox 72 3386 216 3449; x_wconf 62' lang='lat' dir='ltr'><strong>videmur</strong></span> <span class='ocrx_word' id='word_1_348' title='bbox 237 3389 366 3462; x_wconf 90' lang='lat' dir='ltr'><strong>speciem</strong></span> <span class='ocrx_word' id='word_1_349' title='bbox 389 3402 477 3448; x_wconf 87' lang='lat' dir='ltr'><strong>unam</strong></span> <span class='ocrx_word' id='word_1_350' title='bbox 500 3387 608 3462; x_wconf 85' lang='lat' dir='ltr'><strong>videre,</strong></span> <span class='ocrx_word' id='word_1_351' title='bbox 632 3395 663 3447; x_wconf 90' lang='lat' dir='ltr'><strong>at</strong></span> <span class='ocrx_word' id='word_1_352' title='bbox 685 3386 867 3447; x_wconf 86' lang='lat' dir='ltr'><strong>dissimiliter</strong></span> <span class='ocrx_word' id='word_1_353' title='bbox 896 3387 1009 3446; x_wconf 85' lang='lat' dir='ltr'><strong>allectis</strong></span> <span class='ocrx_word' id='word_1_354' title='bbox 1031 3385 1079 3446; x_wconf 85' lang='lat' dir='ltr'><strong>vei</strong></span> <span class='ocrx_word' id='word_1_355' title='bbox 1101 3390 1187 3464; x_wconf 90' lang='lat' dir='ltr'><strong>pictis</strong></span> <span class='ocrx_word' id='word_1_356' title='bbox 1210 3391 1288 3448; x_wconf 89' lang='lat' dir='ltr'><strong>intus</strong></span> <span class='ocrx_word' id='word_1_357' title='bbox 1309 3386 1434 3447; x_wconf 90' lang='lat' dir='ltr'><strong>duorum</strong></span> 
     </span>
     <span class='ocr_line' id='line_1_35' title="bbox 74 3473 1434 3553; baseline -0.001 -17"><span class='ocrx_word' id='word_1_358' title='bbox 74 3475 232 3536; x_wconf 86' lang='lat' dir='ltr'><strong>oculorum</strong></span> <span class='ocrx_word' id='word_1_359' title='bbox 262 3476 368 3533; x_wconf 89' lang='lat' dir='ltr'><strong>tunicis</strong></span> <span class='ocrx_word' id='word_1_360' title='bbox 398 3475 608 3547; x_wconf 88' lang='lat' dir='ltr'><strong>retiiormibus,</strong></span> <span class='ocrx_word' id='word_1_361' title='bbox 639 3474 812 3535; x_wconf 86' lang='lat' dir='ltr'><strong>duo&#39;nobie</strong></span> <span class='ocrx_word' id='word_1_362' title='bbox 845 3488 898 3551; x_wconf 86' lang='lat' dir='ltr'><strong>pro</strong></span> <span class='ocrx_word' id='word_1_363' title='bbox 927 3490 987 3534; x_wconf 91' lang='lat' dir='ltr'><strong>uno</strong></span> <span class='ocrx_word' id='word_1_364' title='bbox 1013 3483 1267 3553; x_wconf 88' lang='lat' dir='ltr'><strong>repraesentantur</strong></span> <span class='ocrx_word' id='word_1_365' title='bbox 1295 3473 1434 3535; x_wconf 82' lang='lat' dir='ltr'><strong>risibilia.</strong></span> 
     </span>
     <span class='ocr_line' id='line_1_36' title="bbox 76 3561 1435 3640; baseline -0.003 -17"><span class='ocrx_word' id='word_1_366' title='bbox 76 3561 157 3623; x_wconf 77' lang='lat' dir='ltr'><strong>Natu</strong></span> <span class='ocrx_word' id='word_1_367' title='bbox 180 3564 205 3622; x_wconf 90' lang='lat' dir='ltr'><strong>ai</strong></span> <span class='ocrx_word' id='word_1_368' title='bbox 228 3561 332 3621; x_wconf 92' lang='lat' dir='ltr'><strong>similis</strong></span> <span class='ocrx_word' id='word_1_369' title='bbox 355 3569 400 3621; x_wconf 86' lang='lat' dir='ltr'><strong>cst</strong></span> <span class='ocrx_word' id='word_1_370' title='bbox 422 3563 553 3635; x_wconf 77' lang='lat' dir='ltr'><strong>affectio,</strong></span> <span class='ocrx_word' id='word_1_371' title='bbox 583 3564 683 3640; x_wconf 88' lang='lat' dir='ltr'><strong>passio</strong></span> <span class='ocrx_word' id='word_1_372' title='bbox 706 3564 795 3622; x_wconf 86' lang='lat' dir='ltr'><strong>etiam</strong></span> <span class='ocrx_word' id='word_1_373' title='bbox 817 3561 922 3622; x_wconf 89' lang='lat' dir='ltr'><strong>similis</strong></span> <span class='ocrx_word' id='word_1_374' title='bbox 944 3563 999 3622; x_wconf 87' lang='lat' dir='ltr'><strong>crit</strong></span> <span class='ocrx_word' id='word_1_375' title='bbox 1021 3564 1050 3619; x_wconf 91' lang='lat' dir='ltr'><strong>in</strong></span> <span class='ocrx_word' id='word_1_376' title='bbox 1073 3578 1161 3621; x_wconf 88' lang='lat' dir='ltr'><strong>sensu</strong></span> <span class='ocrx_word' id='word_1_377' title='bbox 1184 3564 1346 3636; x_wconf 85' lang='lat' dir='ltr'><strong>communi,</strong></span> <span class='ocrx_word' id='word_1_378' title='bbox 1374 3574 1435 3620; x_wconf 88' lang='lat' dir='ltr'><strong>uno</strong></span> 
     </span>
     <span class='ocr_line' id='line_1_37' title="bbox 76 3647 1437 3726; baseline -0.001 -16"><span class='ocrx_word' id='word_1_379' title='bbox 76 3656 112 3711; x_wconf 88' lang='lat' dir='ltr'><strong>et</strong></span> <span class='ocrx_word' id='word_1_380' title='bbox 134 3649 238 3709; x_wconf 89' lang='lat' dir='ltr'><strong>codem</strong></span> <span class='ocrx_word' id='word_1_381' title='bbox 268 3651 427 3724; x_wconf 86' lang='lat' dir='ltr'><strong>existente,</strong></span> <span class='ocrx_word' id='word_1_382' title='bbox 461 3651 618 3726; x_wconf 84' lang='lat' dir='ltr'><strong>vestigium</strong></span> <span class='ocrx_word' id='word_1_383' title='bbox 640 3651 733 3723; x_wconf 92' lang='lat' dir='ltr'><strong>enim,</strong></span> <span class='ocrx_word' id='word_1_384' title='bbox 765 3656 800 3711; x_wconf 88' lang='lat' dir='ltr'><strong>ut</strong></span> <span class='ocrx_word' id='word_1_385' title='bbox 821 3651 864 3709; x_wconf 91' lang='lat' dir='ltr'><strong>sic</strong></span> <span class='ocrx_word' id='word_1_386' title='bbox 886 3649 997 3722; x_wconf 90' lang='lat' dir='ltr'><strong>dicam,</strong></span> <span class='ocrx_word' id='word_1_387' title='bbox 1030 3647 1109 3726; x_wconf 89' lang='lat' dir='ltr'><strong>quod</strong></span> <span class='ocrx_word' id='word_1_388' title='bbox 1130 3648 1232 3710; x_wconf 85' lang='lat' dir='ltr'><strong>dexter</strong></span> <span class='ocrx_word' id='word_1_389' title='bbox 1255 3649 1361 3709; x_wconf 86' lang='lat' dir='ltr'><strong>oculus</strong></span> <span class='ocrx_word' id='word_1_390' title='bbox 1381 3664 1437 3709; x_wconf 85' lang='lat' dir='ltr'><strong>sua</strong></span> 
     </span>
     <span class='ocr_line' id='line_1_38' title="bbox 77 3735 1437 3816; baseline -0.003 -19"><span class='ocrx_word' id='word_1_391' title='bbox 77 3736 239 3797; x_wconf 80' lang='lat' dir='ltr'><strong>affectione</strong></span> <span class='ocrx_word' id='word_1_392' title='bbox 261 3738 400 3815; x_wconf 89' lang='lat' dir='ltr'><strong>imprimit</strong></span> <span class='ocrx_word' id='word_1_393' title='bbox 420 3738 520 3797; x_wconf 89' lang='lat' dir='ltr'><strong>sensui</strong></span> <span class='ocrx_word' id='word_1_394' title='bbox 543 3739 699 3812; x_wconf 87' lang='lat' dir='ltr'><strong>communi,</strong></span> <span class='ocrx_word' id='word_1_395' title='bbox 722 3739 862 3816; x_wconf 89' lang='lat' dir='ltr'><strong>imprimit</strong></span> <span class='ocrx_word' id='word_1_396' title='bbox 883 3742 913 3796; x_wconf 90' lang='lat' dir='ltr'><strong>et</strong></span> <span class='ocrx_word' id='word_1_397' title='bbox 934 3738 1051 3796; x_wconf 89' lang='lat' dir='ltr'><strong>sinister</strong></span> <span class='ocrx_word' id='word_1_398' title='bbox 1072 3752 1136 3795; x_wconf 90' lang='lat' dir='ltr'><strong>sna.</strong></span> <span class='ocrx_word' id='word_1_399' title='bbox 1177 3737 1272 3797; x_wconf 79' lang='lat' dir='ltr'><strong>Aliter</strong></span> <span class='ocrx_word' id='word_1_400' title='bbox 1294 3739 1324 3795; x_wconf 93' lang='lat' dir='ltr'><strong>in</strong></span> <span class='ocrx_word' id='word_1_401' title='bbox 1347 3735 1437 3799; x_wconf 87' lang='lat' dir='ltr'><strong>dissi·</strong></span> 
     </span>
     <span class='ocr_line' id='line_1_39' title="bbox 77 3823 1436 3903; baseline -0.002 -19"><span class='ocrx_word' id='word_1_402' title='bbox 77 3823 146 3884; x_wconf 87' lang='lat' dir='ltr'><strong>mili</strong></span> <span class='ocrx_word' id='word_1_403' title='bbox 168 3824 335 3885; x_wconf 80' lang='lat' dir='ltr'><strong>affectione:</strong></span> <span class='ocrx_word' id='word_1_404' title='bbox 366 3842 435 3885; x_wconf 90' lang='lat' dir='ltr'><strong>uam</strong></span> <span class='ocrx_word' id='word_1_405' title='bbox 467 3824 526 3885; x_wconf 92' lang='lat' dir='ltr'><strong>duo</strong></span> <span class='ocrx_word' id='word_1_406' title='bbox 556 3832 625 3884; x_wconf 83' lang='lat' dir='ltr'><strong>stunt</strong></span> <span class='ocrx_word' id='word_1_407' title='bbox 651 3827 858 3896; x_wconf 88' lang='lat' dir='ltr'><strong>iustrumenta,</strong></span> <span class='ocrx_word' id='word_1_408' title='bbox 890 3823 1044 3899; x_wconf 89' lang='lat' dir='ltr'><strong>quodlibet</strong></span> <span class='ocrx_word' id='word_1_409' title='bbox 1072 3823 1208 3883; x_wconf 84' lang='lat' dir='ltr'><strong>adactum</strong></span> <span class='ocrx_word' id='word_1_410' title='bbox 1239 3823 1436 3903; x_wconf 86' lang='lat' dir='ltr'><strong>peculiariter,</strong></span> 
     </span>
     <span class='ocr_line' id='line_1_40' title="bbox 77 3909 1226 3990; baseline -0.003 -17"><span class='ocrx_word' id='word_1_411' title='bbox 77 3910 160 3973; x_wconf 79' lang='lat' dir='ltr'><strong>duae</strong></span> <span class='ocrx_word' id='word_1_412' title='bbox 182 3913 272 3988; x_wconf 91' lang='lat' dir='ltr'><strong>igitur</strong></span> <span class='ocrx_word' id='word_1_413' title='bbox 291 3912 364 3971; x_wconf 89' lang='lat' dir='ltr'><strong>fient</strong></span> <span class='ocrx_word' id='word_1_414' title='bbox 385 3915 590 3990; x_wconf 88' lang='lat' dir='ltr'><strong>impressiones</strong></span> <span class='ocrx_word' id='word_1_415' title='bbox 613 3918 643 3973; x_wconf 89' lang='lat' dir='ltr'><strong>et</strong></span> <span class='ocrx_word' id='word_1_416' title='bbox 663 3915 707 3973; x_wconf 88' lang='lat' dir='ltr'><strong>sic</strong></span> <span class='ocrx_word' id='word_1_417' title='bbox 729 3911 804 3973; x_wconf 90' lang='lat' dir='ltr'><strong>duae</strong></span> <span class='ocrx_word' id='word_1_418' title='bbox 827 3911 958 3986; x_wconf 82' lang='lat' dir='ltr'><strong>ejusdem</strong></span> <span class='ocrx_word' id='word_1_419' title='bbox 979 3913 1021 3969; x_wconf 87' lang='lat' dir='ltr'><strong>rei</strong></span> <span class='ocrx_word' id='word_1_420' title='bbox 1044 3909 1226 3971; x_wconf 66' lang='lat' dir='ltr'><strong>tensiones,“</strong></span> 
     </span>
    </p>

    <p class='ocr_par' dir='ltr' id='par_1_5' title="bbox 75 3994 1443 4867">
     <span class='ocr_line' id='line_1_41' title="bbox 75 3994 1436 4079; baseline -0.001 -21"><span class='ocrx_word' id='word_1_421' title='bbox 75 4022 81 4037; x_wconf 83' lang='lat'><em>=</em></span> <span class='ocrx_word' id='word_1_422' title='bbox 187 3998 326 4058; x_wconf 88' lang='lat' dir='ltr'><strong>Pluribus</strong></span> <span class='ocrx_word' id='word_1_423' title='bbox 348 3998 455 4060; x_wconf 89' lang='lat' dir='ltr'><strong>deinde</strong></span> <span class='ocrx_word' id='word_1_424' title='bbox 478 4002 540 4077; x_wconf 87' lang='lat' dir='ltr'><strong>agit</strong></span> <span class='ocrx_word' id='word_1_425' title='bbox 554 3999 699 4079; x_wconf 87' lang='lat' dir='ltr'><strong>Kepicrus</strong></span> <span class='ocrx_word' id='word_1_426' title='bbox 722 4000 759 4060; x_wconf 88' lang='lat' dir='ltr'><strong>dc</strong></span> <span class='ocrx_word' id='word_1_427' title='bbox 774 3999 920 4078; x_wconf 84' lang='lat' dir='ltr'><strong>presbytis</strong></span> <span class='ocrx_word' id='word_1_428' title='bbox 943 4003 972 4058; x_wconf 88' lang='lat' dir='ltr'><strong>et</strong></span> <span class='ocrx_word' id='word_1_429' title='bbox 995 3998 1162 4077; x_wconf 89' lang='lat' dir='ltr'><strong>myopibue,</strong></span> <span class='ocrx_word' id='word_1_430' title='bbox 1186 3999 1221 4060; x_wconf 89' lang='lat' dir='ltr'><strong>dc</strong></span> <span class='ocrx_word' id='word_1_431' title='bbox 1245 3995 1340 4058; x_wconf 90' lang='lat' dir='ltr'><strong>oculis</strong></span> <span class='ocrx_word' id='word_1_432' title='bbox 1354 3994 1436 4058; x_wconf 88' lang='lat' dir='ltr'><strong>senis</strong></span> 
     </span>
     <span class='ocr_line' id='line_1_42' title="bbox 80 4084 1438 4165; baseline -0.003 -18"><span class='ocrx_word' id='word_1_433' title='bbox 80 4092 114 4148; x_wconf 88' lang='lat' dir='ltr'><strong>et</strong></span> <span class='ocrx_word' id='word_1_434' title='bbox 136 4086 276 4146; x_wconf 89' lang='lat' dir='ltr'><strong>morbidis</strong></span> <span class='ocrx_word' id='word_1_435' title='bbox 307 4104 485 4165; x_wconf 87' lang='lat' dir='ltr'><strong>causamque</strong></span> <span class='ocrx_word' id='word_1_436' title='bbox 507 4091 580 4148; x_wconf 90' lang='lat' dir='ltr'><strong>scite</strong></span> <span class='ocrx_word' id='word_1_437' title='bbox 609 4088 696 4148; x_wconf 88' lang='lat' dir='ltr'><strong>reiert</strong></span> <span class='ocrx_word' id='word_1_438' title='bbox 723 4090 753 4146; x_wconf 87' lang='lat' dir='ltr'><strong>in</strong></span> <span class='ocrx_word' id='word_1_439' title='bbox 783 4088 905 4147; x_wconf 89' lang='lat' dir='ltr'><strong>iormam</strong></span> <span class='ocrx_word' id='word_1_440' title='bbox 929 4084 1078 4146; x_wconf 86' lang='lat' dir='ltr'><strong>stlocum</strong></span> <span class='ocrx_word' id='word_1_441' title='bbox 1106 4085 1192 4147; x_wconf 86' lang='lat' dir='ltr'><strong>lentis</strong></span> <span class='ocrx_word' id='word_1_442' title='bbox 1221 4084 1385 4165; x_wconf 84' lang='lat' dir='ltr'><strong>crystallini</strong></span> <span class='ocrx_word' id='word_1_443' title='bbox 1407 4091 1438 4144; x_wconf 90' lang='lat' dir='ltr'><strong>et</strong></span> 
     </span>
     <span class='ocr_line' id='line_1_43' title="bbox 79 4172 1437 4255; baseline -0.002 -21"><span class='ocrx_word' id='word_1_444' title='bbox 79 4172 375 4255; x_wconf 80' lang='lat' dir='ltr'><strong>iu„muscu10ram“</strong></span> <span class='ocrx_word' id='word_1_445' title='bbox 408 4176 486 4235; x_wconf 92' lang='lat' dir='ltr'><strong>oculi</strong></span> <span class='ocrx_word' id='word_1_446' title='bbox 516 4177 762 4236; x_wconf 86' lang='lat' dir='ltr'><strong>constitutionem.</strong></span> <span class='ocrx_word' id='word_1_447' title='bbox 809 4173 881 4234; x_wconf 88' lang='lat' dir='ltr'><strong>iude</strong></span> <span class='ocrx_word' id='word_1_448' title='bbox 913 4176 1017 4234; x_wconf 88' lang='lat' dir='ltr'><strong>transit</strong></span> <span class='ocrx_word' id='word_1_449' title='bbox 1042 4172 1080 4234; x_wconf 93' lang='lat' dir='ltr'><strong>ad</strong></span> <span class='ocrx_word' id='word_1_450' title='bbox 1106 4190 1212 4254; x_wconf 84' lang='lat' dir='ltr'><strong>„nsum</strong></span> <span class='ocrx_word' id='word_1_451' title='bbox 1243 4172 1366 4234; x_wconf 87' lang='lat' dir='ltr'><strong>lentium</strong></span> <span class='ocrx_word' id='word_1_452' title='bbox 1389 4189 1437 4232; x_wconf 91' lang='lat' dir='ltr'><strong>rs·</strong></span> 
     </span>
     <span class='ocr_line' id='line_1_44' title="bbox 79 4258 1441 4341; baseline -0.002 -18"><span class='ocrx_word' id='word_1_453' title='bbox 79 4270 187 4340; x_wconf 81' lang='lat' dir='ltr'><strong>spectu</strong></span> <span class='ocrx_word' id='word_1_454' title='bbox 203 4258 312 4335; x_wconf 82' lang='lat' dir='ltr'><strong>oculi“,</strong></span> <span class='ocrx_word' id='word_1_455' title='bbox 334 4263 431 4339; x_wconf 88' lang='lat' dir='ltr'><strong>qualis</strong></span> <span class='ocrx_word' id='word_1_456' title='bbox 446 4280 545 4325; x_wconf 85' lang='lat' dir='ltr'><strong>aarum</strong></span> <span class='ocrx_word' id='word_1_457' title='bbox 560 4265 599 4322; x_wconf 89' lang='lat' dir='ltr'><strong>sit</strong></span> <span class='ocrx_word' id='word_1_458' title='bbox 614 4279 685 4322; x_wconf 89' lang='lat' dir='ltr'><strong>usus</strong></span> <span class='ocrx_word' id='word_1_459' title='bbox 700 4262 862 4341; x_wconf 89' lang='lat' dir='ltr'><strong>presbytis,</strong></span> <span class='ocrx_word' id='word_1_460' title='bbox 886 4260 983 4337; x_wconf 88' lang='lat' dir='ltr'><strong>qualis</strong></span> <span class='ocrx_word' id='word_1_461' title='bbox 1005 4262 1172 4340; x_wconf 83' lang='lat' dir='ltr'><strong>myopibus,</strong></span> <span class='ocrx_word' id='word_1_462' title='bbox 1195 4261 1322 4337; x_wconf 88' lang='lat' dir='ltr'><strong>deniqne</strong></span> <span class='ocrx_word' id='word_1_463' title='bbox 1345 4258 1441 4334; x_wconf 85' lang='lat' dir='ltr'><strong>doeei,</strong></span> 
     </span>
     <span class='ocr_line' id='line_1_45' title="bbox 80 4345 1441 4427; baseline -0.001 -20"><span class='ocrx_word' id='word_1_464' title='bbox 80 4350 201 4409; x_wconf 83' lang='lat' dir='ltr'><strong>iunixus</strong></span> <span class='ocrx_word' id='word_1_465' title='bbox 226 4353 411 4425; x_wconf 81' lang='lat' dir='ltr'><strong>geometricis</strong></span> <span class='ocrx_word' id='word_1_466' title='bbox 434 4350 747 4422; x_wconf 81' lang='lat' dir='ltr'><strong>demonstrationibus,</strong></span> <span class='ocrx_word' id='word_1_467' title='bbox 780 4366 841 4427; x_wconf 91' lang='lat' dir='ltr'><strong>qna</strong></span> <span class='ocrx_word' id='word_1_468' title='bbox 868 4351 981 4409; x_wconf 91' lang='lat' dir='ltr'><strong>ratione</strong></span> <span class='ocrx_word' id='word_1_469' title='bbox 1008 4347 1102 4409; x_wconf 89' lang='lat' dir='ltr'><strong>lentes</strong></span> <span class='ocrx_word' id='word_1_470' title='bbox 1130 4349 1190 4407; x_wconf 85' lang='lat' dir='ltr'><strong>rint</strong></span> <span class='ocrx_word' id='word_1_471' title='bbox 1218 4345 1441 4425; x_wconf 86' lang='lat' dir='ltr'><strong>conjungendae</strong></span> 
     </span>
     <span class='ocr_line' id='line_1_46' title="bbox 85 4435 1441 4513; baseline -0.001 -16"><span class='ocrx_word' id='word_1_472' title='bbox 85 4436 121 4513; x_wconf 85' lang='lat' dir='ltr'><strong>i)</strong></span> <span class='ocrx_word' id='word_1_473' title='bbox 142 4444 176 4495; x_wconf 89' lang='lat' dir='ltr'><strong>ut</strong></span> <span class='ocrx_word' id='word_1_474' title='bbox 197 4437 313 4496; x_wconf 90' lang='lat' dir='ltr'><strong>duobus</strong></span> <span class='ocrx_word' id='word_1_475' title='bbox 336 4441 476 4498; x_wconf 84' lang='lat' dir='ltr'><strong>convexis</strong></span> <span class='ocrx_word' id='word_1_476' title='bbox 498 4439 611 4513; x_wconf 83' lang='lat' dir='ltr'><strong>maiora</strong></span> <span class='ocrx_word' id='word_1_477' title='bbox 633 4446 663 4497; x_wconf 91' lang='lat' dir='ltr'><strong>ct</strong></span> <span class='ocrx_word' id='word_1_478' title='bbox 685 4436 822 4497; x_wconf 84' lang='lat' dir='ltr'><strong>distincta</strong></span> <span class='ocrx_word' id='word_1_479' title='bbox 843 4436 895 4496; x_wconf 88' lang='lat' dir='ltr'><strong>sed</strong></span> <span class='ocrx_word' id='word_1_480' title='bbox 918 4450 1021 4496; x_wconf 83' lang='lat' dir='ltr'><strong>eversu</strong></span> <span class='ocrx_word' id='word_1_481' title='bbox 1044 4438 1101 4495; x_wconf 90' lang='lat' dir='ltr'><strong>situ</strong></span> <span class='ocrx_word' id='word_1_482' title='bbox 1125 4435 1256 4497; x_wconf 87' lang='lat' dir='ltr'><strong>visibilia</strong></span> <span class='ocrx_word' id='word_1_483' title='bbox 1279 4441 1441 4513; x_wconf 88' lang='lat' dir='ltr'><strong>appareant</strong></span> 
     </span>
     <span class='ocr_line' id='line_1_47' title="bbox 81 4521 1441 4605; baseline -0.001 -22"><span class='ocrx_word' id='word_1_484' title='bbox 81 4525 190 4599; x_wconf 82' lang='lat' dir='ltr'><strong>(tubos</strong></span> <span class='ocrx_word' id='word_1_485' title='bbox 217 4524 414 4602; x_wconf 87' lang='lat' dir='ltr'><strong>Kepierianus</strong></span> <span class='ocrx_word' id='word_1_486' title='bbox 443 4543 497 4586; x_wconf 90' lang='lat' dir='ltr'><strong>seu</strong></span> <span class='ocrx_word' id='word_1_487' title='bbox 522 4522 765 4604; x_wconf 85' lang='lat' dir='ltr'><strong>astronomicus);</strong></span> <span class='ocrx_word' id='word_1_488' title='bbox 796 4521 829 4605; x_wconf 77' lang='lat'><strong>2)</strong></span> <span class='ocrx_word' id='word_1_489' title='bbox 850 4530 883 4584; x_wconf 92' lang='lat' dir='ltr'><strong>ut</strong></span> <span class='ocrx_word' id='word_1_490' title='bbox 904 4525 1034 4598; x_wconf 89' lang='lat' dir='ltr'><strong>minora,</strong></span> <span class='ocrx_word' id='word_1_491' title='bbox 1064 4523 1116 4583; x_wconf 91' lang='lat' dir='ltr'><strong>sed</strong></span> <span class='ocrx_word' id='word_1_492' title='bbox 1143 4531 1223 4585; x_wconf 91' lang='lat' dir='ltr'><strong>recta</strong></span> <span class='ocrx_word' id='word_1_493' title='bbox 1250 4530 1280 4584; x_wconf 92' lang='lat' dir='ltr'><strong>et</strong></span> <span class='ocrx_word' id='word_1_494' title='bbox 1303 4522 1441 4582; x_wconf 85' lang='lat' dir='ltr'><strong>distincta</strong></span> 
     </span>
     <span class='ocr_line' id='line_1_48' title="bbox 81 4609 1442 4692; baseline -0.001 -20"><span class='ocrx_word' id='word_1_495' title='bbox 81 4621 265 4690; x_wconf 62' lang='lat' dir='ltr'><strong>appareant}</strong></span> <span class='ocrx_word' id='word_1_496' title='bbox 297 4609 329 4692; x_wconf 81' lang='lat'><strong>3)</strong></span> <span class='ocrx_word' id='word_1_497' title='bbox 350 4620 383 4672; x_wconf 93' lang='lat' dir='ltr'><strong>ut</strong></span> <span class='ocrx_word' id='word_1_498' title='bbox 405 4614 498 4673; x_wconf 93' lang='lat' dir='ltr'><strong>tribus</strong></span> <span class='ocrx_word' id='word_1_499' title='bbox 526 4615 666 4673; x_wconf 87' lang='lat' dir='ltr'><strong>convexis</strong></span> <span class='ocrx_word' id='word_1_500' title='bbox 691 4611 823 4673; x_wconf 81' lang='lat' dir='ltr'><strong>visibilia</strong></span> <span class='ocrx_word' id='word_1_501' title='bbox 850 4620 962 4683; x_wconf 87' lang='lat' dir='ltr'><strong>crecta,</strong></span> <span class='ocrx_word' id='word_1_502' title='bbox 992 4609 1129 4672; x_wconf 86' lang='lat' dir='ltr'><strong>distincta</strong></span> <span class='ocrx_word' id='word_1_503' title='bbox 1153 4611 1316 4688; x_wconf 74' lang='lat' dir='ltr'><strong>simulcra</strong></span> <span class='ocrx_word' id='word_1_504' title='bbox 1346 4626 1442 4689; x_wconf 87' lang='lat' dir='ltr'><strong>appa·</strong></span> 
     </span>
     <span class='ocr_line' id='line_1_49' title="bbox 81 4695 1442 4781; baseline -0.002 -23"><span class='ocrx_word' id='word_1_505' title='bbox 81 4704 187 4775; x_wconf 83' lang='lat' dir='ltr'><strong>reant3</strong></span> <span class='ocrx_word' id='word_1_506' title='bbox 220 4701 251 4776; x_wconf 82' lang='lat'><strong>4)</strong></span> <span class='ocrx_word' id='word_1_507' title='bbox 281 4700 450 4777; x_wconf 81' lang='lat' dir='ltr'><strong>problema:</strong></span> <span class='ocrx_word' id='word_1_508' title='bbox 483 4700 634 4781; x_wconf 83' lang='lat' dir='ltr'><strong>„visibilia</strong></span> <span class='ocrx_word' id='word_1_509' title='bbox 664 4699 742 4761; x_wconf 89' lang='lat' dir='ltr'><strong>lente</strong></span> <span class='ocrx_word' id='word_1_510' title='bbox 772 4716 848 4760; x_wconf 85' lang='lat' dir='ltr'><strong>cara</strong></span> <span class='ocrx_word' id='word_1_511' title='bbox 877 4708 907 4760; x_wconf 91' lang='lat' dir='ltr'><strong>et</strong></span> <span class='ocrx_word' id='word_1_512' title='bbox 934 4714 1066 4759; x_wconf 82' lang='lat' dir='ltr'><strong>convexa</strong></span> <span class='ocrx_word' id='word_1_513' title='bbox 1095 4700 1216 4779; x_wconf 76' lang='lat' dir='ltr'><strong>pingere</strong></span> <span class='ocrx_word' id='word_1_514' title='bbox 1245 4699 1360 4775; x_wconf 82' lang='lat' dir='ltr'><strong>majora</strong></span> <span class='ocrx_word' id='word_1_515' title='bbox 1388 4695 1442 4758; x_wconf 88' lang='lat' dir='ltr'><strong>sed</strong></span> 
     </span>
     <span class='ocr_line' id='line_1_50' title="bbox 84 4782 1443 4867; baseline -0.004 -17"><span class='ocrx_word' id='word_1_516' title='bbox 84 4782 232 4864; x_wconf 84' lang='lat' dir='ltr'><strong>eraraa&#39;“;</strong></span> <span class='ocrx_word' id='word_1_517' title='bbox 257 4783 290 4867; x_wconf 81' lang='lat' dir='ltr'><strong>ii)</strong></span> <span class='ocrx_word' id='word_1_518' title='bbox 314 4806 409 4865; x_wconf 83' lang='lat' dir='ltr'><strong>,cara</strong></span> <span class='ocrx_word' id='word_1_519' title='bbox 431 4787 510 4850; x_wconf 90' lang='lat' dir='ltr'><strong>iente</strong></span> <span class='ocrx_word' id='word_1_520' title='bbox 524 4790 662 4867; x_wconf 86' lang='lat' dir='ltr'><strong>proxime</strong></span> <span class='ocrx_word' id='word_1_521' title='bbox 685 4786 804 4850; x_wconf 86' lang='lat' dir='ltr'><strong>oculum</strong></span> <span class='ocrx_word' id='word_1_522' title='bbox 827 4789 932 4867; x_wconf 87' lang='lat' dir='ltr'><strong>posita,</strong></span> <span class='ocrx_word' id='word_1_523' title='bbox 956 4802 1150 4866; x_wconf 85' lang='lat' dir='ltr'><strong>quaecuuque</strong></span> <span class='ocrx_word' id='word_1_524' title='bbox 1172 4786 1237 4848; x_wconf 90' lang='lat' dir='ltr'><strong>iens</strong></span> <span class='ocrx_word' id='word_1_525' title='bbox 1256 4785 1363 4866; x_wconf 81' lang='lat' dir='ltr'><strong>majori</strong></span> <span class='ocrx_word' id='word_1_526' title='bbox 1384 4786 1443 4846; x_wconf 88' lang='lat' dir='ltr'><strong>cir·</strong></span> 
     </span>
    </p>
   </div>
   <div class='ocr_carea' id='block_1_5' title="bbox 0 0 1675 5534">
    <p class='ocr_par' dir='ltr' id='par_1_6' title="bbox 0 0 1675 5534">
     <span class='ocr_line' id='line_1_51' title="bbox 0 0 1675 5534; baseline 0 0"><span class='ocrx_word' id='word_1_527' title='bbox 0 0 1675 5534; x_wconf 95' lang='lat' dir='ltr'><strong> </strong></span> 
     </span>
    </p>
   </div>
  </div>
 </body>
</html>
