3308 5534
710 369 733 429 E
749 364 953 429 Mathematicus.
1446 366 1510 438 183

146 548 339 629 ttgrrsttra-
367 556 401 612 nt
426 550 584 613 subtensus
610 552 806 630 pentagonlos
834 550 873 613 ad
901 551 980 611 latus
1008 547 1179 628 pentagoni.
1233 543 1293 607 Sed
1324 543 1407 610 deest
1436 549 1510 610 mihi

146 639 250 701 sdhuo
271 640 421 717 probatio,
451 639 531 717 quod
561 657 637 717 quae
665 640 721 700 eub
750 639 859 718 angulo
889 641 928 699 sit
950 636 1084 716 aequalis
1107 635 1167 695 illis·
1187 637 1217 693 in
1239 633 1345 712 plenis.
1389 634 1425 696 Id
1447 643 1509 697 tunt

147 731 205 787 erit
227 727 400 804 perfeetum,
422 730 448 787 si
469 728 650 805 probaveris,
674 743 749 804 eam,
773 746 850 806 quan
872 728 1013 789 terminos
1028 724 1195 801 portionum
1210 722 1331 798 maioris
1346 729 1376 784 el
1389 726 1509 785 minoris

146 817 398 877 nontermiuarurn
420 818 568 877 connectit
589 818 619 874 ln
641 815 745 892 plano,
775 832 863 893 posse
886 814 1008 892 duplum
1030 814 1167 887 minoris;
1195 827 1265 870 nam
1287 828 1364 886 quas
1386 819 1431 872 est
1453 812 1509 873 sub

147 901 273 981 angulo,
295 910 395 981 potest
416 901 536 981 duplum
558 905 688 964 minoris.

256 990 292 1050 ln
322 991 469 1066 triangulo
499 990 578 1050 ABG
609 989 791 1067 aequilatero
814 989 897 1063 Β,Ε
925 991 984 1049 sint
1011 996 1122 1067 puncta
1148 987 1329 1058 sectionum,
1359 988 1509 1064 portiones

147 1078 280 1155 majores
304 1076 371 1151 ΑΒ,
394 1077 453 1153 ΕΙ),
476 1080 603 1138 minores
625 1078 690 1150 BD,
712 1078 774 1138 ΑΕ.
820 1078 974 1138 Ducentur
1002 1094 1039 1137 ex
1061 1076 1086 1135 E
1109 1082 1138 1135 et
1161 1074 1188 1134 D
1212 1072 1249 1132 ad
1273 1073 1323 1134 BG
1346 1073 1509 1152 parallelae

148 1166 208 1240 EF,
234 1163 297 1226 DG
319 1174 349 1226 et
370 1172 580 1227 eonneetantur
595 1164 658 1232 ΕΙ),
675 1166 739 1226 ΒΕ.
784 1165 876 1225 Erunt
898 1182 968 1241 ergo
985 1162 1072 1238 ΑΕΕ,
1091 1159 1176 1221 aot}
1198 1161 1345 1237 regularia
1360 1171 1390 1222 et
1405 1162 1510 1238 aequi-

147 1253 244 1314 lstera
257 1252 416 1330 triangula,
432 1270 523 1329 quare
539 1253 612 1312 DA:
637 1253 690 1315 ΑΕ
707 1277 745 1303 =
761 1251 833 1313 DG:
856 1253 922 1328 FE3
944 1260 1014 1313 sunt

149 1344 253 1418 itaque
275 1342 308 1399 in
330 1341 471 1401 continua
491 1342 679 1418 proportione
702 1340 771 1414 DG,
795 1339 858 1412 GE,
881 1339 929 1400 vel
947 1340 1012 1413 ΕΒ,

150 1436 179 1488 et
199 1427 441 1505 quadrangulum
463 1427 573 1488 DFEG
595 1428 704 1489 circulo
726 1426 896 1505 inseriptile.
935 1428 1012 1504 Ergo
1270 1416 1295 1463 B

149 1515 329 1593 quadratum
353 1514 406 1575 ΒΕ
430 1515 479 1576 vel
500 1515 564 1590 FG,
594 1514 796 1592 reetangulnm
818 1532 924 1592 nempe
947 1514 1013 1574 dia-

150 1611 323 1676 metrorum,
337 1603 464 1679 aequale
481 1602 544 1663 DF.
568 1601 621 1663 GE
636 1606 694 1678 (=
704 1599 787 1679 Dpa)
802 1603 845 1683 -l-
860 1600 928 1663 DG.
953 1602 1013 1662 FE.

149 1690 181 1752 El
194 1707 271 1769 ergo
285 1690 459 1769 probareris
475 1696 494 1751 2
511 1687 577 1750 Fu²
592 1715 631 1744 =
649 1690 709 1753 FE.
724 1687 784 1750 DG
796 1692 832 1762 -Ι-
846 1684 925 1762 ΕΒΙ,
941 1706 1014 1749 oon-

148 1779 229 1840 isrta
248 1795 298 1838 res
313 1784 372 1853 est;
395 1778 445 1840 vel
461 1776 540 1854 quod
555 1778 633 1838 idem
649 1785 711 1856 eet,
735 1780 761 1836 si
776 1775 892 1837 mediae
906 1784 1014 1854 poten-

147 1869 209 1926 tiss
241 1864 364 1942 duplum
399 1874 508 1942 aequet
538 1867 702 1942 potentiam
730 1867 883 1938 minimae,
907 1871 1013 1942 poten-

147 1956 220 2014 tiam
244 1951 370 2026 mediae,
394 1960 424 2013 et
446 1952 648 2032 reetangulnm
667 1970 703 2013 ex
726 1953 847 2012 minima
862 1960 892 2012 et
906 1950 1013 2026 media,

147 2041 197 2102 rel
218 2042 250 2100 si
270 2042 405 2118 potentla
423 2039 539 2102 mediae
561 2048 670 2117 aequet
690 2042 853 2117 potentiam
875 2041 1013 2100 minimae

147 2137 176 2190 st
191 2127 401 2205 reotsngulum
417 2146 454 2188 ex
468 2130 588 2188 minima
604 2138 634 2189 et
648 2126 754 2200 media,
777 2127 826 2187 vel
840 2129 865 2187 sl
880 2128 1013 2205 potentia

146 2215 265 2278 medias
288 2223 397 2293 aequet
418 2214 621 2293 reotsngnlum
637 2233 674 2276 ex
690 2216 812 2276 minima
831 2223 861 2276 et
874 2216 1012 2275 maxima.
1059 2190 1083 2240 A

147 2304 183 2364 Id
205 2320 264 2382 pes
285 2320 319 2364 se
340 2320 460 2377 rerum,
489 2306 515 2362 si
537 2312 617 2364 reeta
639 2311 754 2364 senetur
775 2301 1047 2381 proportionaliter,
1071 2302 1210 2381 quod·ax
1232 2309 1295 2364 tota
1317 2304 1347 2362 in
1368 2306 1509 2366 minorem

146 2400 266 2471 partem
287 2408 417 2469 aequum
440 2392 564 2465 essaei,
589 2390 669 2468 quod
691 2408 727 2450 ex
749 2390 847 2451 media
869 2389 1055 2467 quadratum.

258 2479 339 2555 Ergo
359 2481 403 2539 sio
425 2478 655 2540 demonstretur:
686 2495 752 2538 oum
782 2485 861 2539 recta
885 2477 938 2536 ΑΒ
960 2484 1043 2538 secta
1071 2479 1111 2538 sit
1136 2477 1394 2556 proportionaliter
1414 2479 1445 2538 ln
1470 2478 1510 2555 D,

146 2574 232 2629 rents
254 2583 328 2627 sero
350 2565 402 2627 ΑΙ)
424 2569 455 2625 in
478 2566 518 2640 E,
547 2566 740 2627 constituatur
770 2581 839 2641 ergo
864 2563 921 2624 AG
939 2589 975 2614 =
995 2564 1051 2625 ΑΒ
1074 2570 1104 2626 el
1127 2566 1179 2625 AF
1198 2590 1239 2622 =
1256 2566 1309 2626 ΑΕ
1332 2574 1362 2627 et
1384 2584 1511 2628 eonnec-

147 2662 252 2715 tantur
265 2652 335 2728 DG,
350 2652 412 2729 EG,
426 2654 490 2727 ΕΒ,
506 2653 566 2716 FE.
598 2653 671 2712 Cum
686 2669 755 2728 ergo
777 2670 846 2730 pars
868 2655 963 2712 minor
978 2652 1031 2712 AF
1047 2652 1083 2712 de
1106 2653 1211 2730 maiori
1227 2653 1284 2713 Al)
1299 2655 1338 2713 sit
1360 2655 1512 2715 subtracta

150 2750 180 2803 et
202 2741 259 2802 ΑΕ
282 2740 321 2803 de
343 2740 408 2816 AG,
432 2740 550 2802 residua
571 2741 626 2800 ΕΒ
649 2747 679 2800 et
700 2737 755 2799 EG
777 2746 862 2799 erunt
883 2742 987 2800 iterum
1009 2741 1136 2801 minores
1158 2743 1228 2801 totis
1249 2738 1316 2814 AG,
1333 2734 1399 2815 AD,
1422 2745 1511 2803 sectis

150 2831 179 2888 in
201 2829 230 2888 Ε
254 2837 284 2889 et
299 2829 334 2888 F.
372 2827 429 2893 Sed
447 2829 500 2887 ΛΕ
517 2853 554 2879 =
571 2827 621 2887 EF
645 2834 674 2887 et
690 2826 746 2887 AG
763 2851 804 2883 =
821 2827 877 2886 ΑΒ
896 2852 931 2877 --
951 2824 1018 2901 ΒΙ),
1041 2845 1109 2888 nam
1126 2828 1204 2888 ncss
1221 2835 1266 2889 est
1286 2829 1510 2905 aequilaterum,

152 2934 244 2995 quare
258 2925 289 2977 et
307 2916 389 2975 ΕΑΒ
403 2938 447 2970 --.-
462 2914 544 2975 Ι)ΑΕ
558 2923 677 2992 propter
692 2932 877 2975 communem
890 2914 1030 2991 angulum
1045 2915 1071 2974 A
1088 2922 1118 2976 et
1140 2917 1210 2975 bina
1224 2917 1301 2976 eirea
1316 2915 1399 2975 illum
1418 2915 1512 2978 latera

152 3023 186 3065 ex
215 3003 379 3082 hypothesi
409 3003 555 3079 aequalia.
595 3000 693 3078 Quare
716 3002 770 3061 ΕΒ
793 3002 840 3063 rel
865 3000 919 3061 EG
941 3010 985 3062 est
1007 3005 1116 3077 minor,
1144 3003 1195 3062 FE
1217 3005 1325 3081 major,
1357 3002 1413 3064 GD
1437 3011 1509 3066 tota.

152 3092 188 3151 Et
211 3108 280 3152 num
305 3090 486 3167 aequilatera
509 3096 538 3151 et
560 3090 761 3167 aequiangnla
784 3091 842 3148 sint
865 3088 964 3160 EAD,
997 3089 1089 3163 EAG,
1113 3091 1200 3150 boses
1225 3109 1293 3167 orgo
1318 3090 1371 3149 ΕΙ)
1388 3116 1427 3146 =
1446 3090 1509 3151 ΕΙ).

153 3179 289 3255 Cumque
313 3177 401 3250 GEF,
425 3178 504 3237 DFE
526 3179 584 3237 sint
607 3176 724 3237 residua
746 3176 914 3253 aequalium
937 3175 1029 3248 AGF,
1054 3178 1152 3251 ΑΒΕ,
1170 3187 1254 3238 erunt
1277 3178 1423 3254 aequalia.
1459 3180 1513 3239 Est

153 3284 222 3327 vero
248 3269 338 3326 etiarn
361 3264 444 3325 EGD
463 3289 499 3316 =
518 3264 611 3337 FDG,
635 3267 678 3323 sio
700 3267 730 3322 in
753 3263 955 3342 quadrangulo
980 3264 1089 3324 EFDG
1111 3264 1172 3324 bini
1195 3266 1233 3324 ad
1256 3264 1334 3326 idem
1357 3265 1435 3324 latus
1458 3285 1512 3325 ae·

152 3354 270 3431 quales:
295 3355 386 3428 igitur
408 3355 436 3411 in
459 3354 567 3412 eironlo
590 3353 751 3428 inseriptile
775 3350 1017 3429 quadrangulum.
1063 3351 1150 3428 Quod
1172 3355 1260 3429 igitur
1283 3372 1318 3412 ox
1341 3352 1395 3412 ΕΙ)
1411 3357 1439 3412 in
1456 3354 1511 3412 ΕΙ)

151 3442 287 3517 aequale,
312 3440 342 3500 h.
366 3457 391 3501 e.
417 3438 591 3516 quadratum
615 3439 798 3512 alterutrius,
822 3438 947 3515 aequale
972 3448 1016 3499 est
1035 3439 1145 3516 junctis
1169 3457 1204 3500 ex
1228 3441 1287 3513 EF,
1312 3439 1370 3499 DG
1393 3448 1422 3501 et
1445 3440 1508 3515 EG,

152 3530 217 3589 ΕΒ.
267 3528 309 3588 At
339 3526 419 3603 qnod
448 3545 483 3587 ex
514 3527 564 3586 EF
593 3529 621 3584 in
652 3525 709 3585 GD
739 3527 863 3603 aequale
891 3534 936 3586 est
963 3526 1107 3601 quadrato
1135 3528 1185 3586 EF
1215 3535 1245 3588 et
1273 3526 1443 3604 reetangulo
1471 3547 1508 3588 ex
1583 3546 1597 3555 ·

151 3617 208 3688 ΕΕ,
234 3615 289 3675 ΕΙ)
313 3614 444 3693 (residuo
467 3615 516 3673 ΕΕ
540 3613 578 3673 ad
601 3613 683 3691 AG),
715 3621 745 3673 st
767 3613 847 3689 quod
875 3630 909 3673 ex
932 3612 986 3672 EG
1009 3617 1040 3673 in
1062 3614 1115 3672 ΕΒ
1148 3623 1193 3673 est
1217 3614 1392 3692 quadratum
1415 3615 1508 3675 alter·

152 3706 254 3764 nulus.
286 3704 367 3779 Ergo
389 3699 459 3761 ED²
475 3726 513 3754 =
530 3696 600 3761 EG⁹
618 3705 652 3773 -Ι-
672 3697 739 3759 ΕΕ2
759 3704 794 3771 -Ι-
814 3701 863 3759 ΕΕ
878 3711 913 3765 ><
931 3699 992 3773 EG,
1014 3701 1041 3760 lr.
1058 3720 1084 3761 e.
1102 3727 1140 3755 z
1160 3700 1228 3761 ΑΕ)
1245 3706 1279 3774 -Ι-
1301 3698 1370 3761 EG⁹
1388 3707 1422 3774 -l-
1445 3703 1508 3766 ΑΕ.

152 3791 213 3853 EG.
260 3790 322 3852 Sed
348 3785 417 3849 EG²
435 3791 471 3861 -l-
491 3788 553 3850 AE.
575 3788 628 3848 EG
648 3814 684 3839 =
703 3785 765 3850 ΕΙ).
783 3787 847 3847 ()Α.
891 3788 969 3865 Ergo
990 3783 1060 3846 ED²
1080 3813 1116 3838 =
1135 3786 1256 3861 Alll-l-
1278 3789 1339 3854 EG.
1356 3788 1422 3850 Gn.
1471 3792 1510 3850 At

153 3876 222 3938 lu²
236 3902 281 3933 =
300 3877 362 3937 ΕΙ).
379 3876 444 3947 Gli,
468 3893 537 3952 ergo
554 3872 622 3935 ΕΒ)
639 3901 677 3929 =
697 3881 715 3934 Β
733 3872 810 3934 ΑΕΙ.
857 3873 915 3935 Sed
939 3883 968 3935 et
990 3875 1077 3948 linea,
1102 3893 1179 3951 quae
1203 3877 1316 3936 occulto
1339 3878 1394 3937 sub
1410 3876 1507 3937 solido

152 3965 261 4042 angulo
285 3964 411 4037 ducitur,
435 3970 544 4040 aequat
568 3963 620 4021 ΑΕ
642 3970 755 4039 partem
782 3964 922 4022 minorem
953 3961 988 4022 de
1011 3971 1075 4022 toto
1098 3962 1189 4024 latere
1214 3965 1275 4038 bis,
1300 3982 1366 4025 oum
1389 3973 1509 4024 contra·

154 4055 335 4113 venientium
358 4053 482 4112 laterum
505 4052 534 4109 in
559 4050 697 4110 octaiidro
721 4049 845 4127 angulus
861 4052 899 4109 sit
913 4059 1009 4110 rectus
1034 4058 1063 4110 et
1087 4049 1166 4110 linea
1181 4054 1332 4127 proposita
1355 4060 1510 4114 connectat

153 4142 348 4201 extremitates
371 4141 514 4198 minorum
536 4140 671 4214 portium.
711 4138 788 4216 Ergo
811 4138 951 4215 aequales
974 4144 1043 4197 sunt
1060 4155 1161 4200 omnes
1183 4139 1279 4200 lineae
1295 4141 1396 4218 sicque
1412 4143 1442 4200 in
1458 4158 1510 4202 oo·

154 4227 252 4289 taidro
277 4227 457 4306 descriptum
479 4224 661 4286 ieosa'e'dron.
1597 4230 1600 4235 ’

634 4423 641 4431 ,.
733 4370 931 4439 conandum.

255 4486 449 4565 Sphaerisnm
470 4491 515 4546 at
537 4486 602 4549 loeo
624 4490 729 4565 primo.
772 4488 805 4546 ld
829 4490 883 4548 tria
905 4488 1009 4549 habet:
1033 4495 1183 4565 punctum,
1206 4488 1388 4565 superficiem
1412 4498 1442 4550 et
1456 4508 1509 4552 ae·

161 4573 325 4650 qualitatem
347 4574 540 4635 diastematis.
586 4576 732 4635 Punctum
754 4575 882 4636 medinm
906 4594 994 4635 nnunr
1019 4584 1063 4636 est
1085 4576 1252 4654 pendetque
1275 4578 1338 4654 ejus
1364 4581 1459 4638 unitas
1474 4597 1510 4639 ex

162 4661 320 4723 delinitione
341 4661 505 4738 superficiei
529 4670 559 4722 et
583 4663 772 4723 diastematis.
811 4663 985 4739 Superficies
1008 4683 1039 4725 se
1056 4661 1123 4740 ipsd
1137 4682 1196 4723 una
1219 4673 1248 4725 et
1271 4664 1351 4724 linita
1368 4671 1421 4738 eet,
1438 4669 1510 4742 quia

164 4749 189 4805 in
208 4768 237 4811 so
258 4750 342 4823 redit,
366 4748 502 4810 definitur
523 4759 631 4826 peneto
654 4760 684 4811 et
706 4750 888 4811 diastemate.
925 4752 1079 4812 Diastema
1102 4761 1146 4811 est
1169 4751 1263 4812 veluti
1282 4754 1441 4830 proportio,
1466 4761 1524 4835 est.

169 4837 234 4898 enim
255 4838 372 4900 collatio
395 4840 498 4915 puncti
520 4839 558 4900 ad
581 4838 773 4917 superficiem.
819 4839 890 4917 Ejus
914 4841 1012 4901 unitas
1040 4839 1274 4919 inaequalitate
1298 4842 1448 4917 consistit,
1477 4849 1511 4906 ut
