3308 5534
153 390 240 462 1008
660 388 1001 477 ¹vitaremusrespuor

152 571 262 633 mundo
285 570 463 631 incredibilis
484 589 521 632 ac
542 588 632 650 prope
655 571 756 633 diviua
779 573 824 632 ris
845 572 901 645 sit,
925 590 943 632 a
965 569 1036 632 Solo
1058 572 1138 633 euim
1161 572 1265 630 omnia
1288 580 1388 632 motu
1408 582 1437 633 at
1454 574 1503 633 rita

154 669 184 721 et
206 660 392 719 conservatio
415 667 445 718 et
467 668 587 719 ornatus
610 658 833 721 coelestiumet
855 662 1042 733 terrestrium,
1065 658 1144 720 adeo
1167 667 1204 717 ut
1221 674 1291 735 quo
1305 662 1427 738 propias
1445 676 1503 721 sn·

153 746 310 824 templeris,
334 746 389 805 hoc
413 744 497 824 plura
519 749 549 806 iu
573 746 624 808 ilio
648 764 706 807 uuo
730 749 864 808 invenias
886 747 1044 808 miracula:
1067 747 1175 807 decere
1200 745 1420 825 philosophum
1438 750 1504 809 arii·

153 842 221 906 tror‚
246 851 347 893 omues
370 841 492 895 naturae
515 834 668 895 thesauros
691 836 787 895 rimari
809 833 849 895 ad
872 833 1011 912 dogmata
1035 842 1117 895 muto
1140 831 1296 893 mhaculo
1319 838 1505 897 cauam

153 917 356 1001 proterenda.“
374 964 382 982 .
400 968 408 982 .
425 963 457 980 ..
495 920 572 981 Solis
597 924 746 983 materiam
769 922 840 983 dicit
861 921 1108 999 simplicissimam
1128 938 1200 982 esse
1223 930 1259 981 et
1282 925 1415 983 maxims
1434 941 1505 983 u

153 1018 185 1071 et
206 1011 399 1087 purissimam,
424 1025 513 1084 quere
539 1026 616 1088 „nou
641 1000 776 1071 obstante
792 1027 907 1070 summa
922 1009 1075 1082 densitate,
1098 1007 1182 1069 Solis
1206 1025 1326 1087 eorpoa
1347 1009 1505 1089 peut·

152 1115 218 1159 esse
240 1113 367 1171 aequum
389 1093 465 1156 est“.
510 1096 596 1157 Hanc
617 1099 856 1175 perspicuitatem
879 1097 980 1156 tribuit
1001 1094 1151 1175 Keplerus
1179 1094 1262 1173 „soii
1294 1114 1372 1158 auu
1392 1100 1505 1176 propin

152 1185 229 1256 luci,
256 1201 314 1241 non
338 1183 457 1258 alienis,
487 1202 583 1260 neque
607 1187 792 1261 perspicuum
816 1183 883 1245 ideo
905 1186 959 1243 erit
981 1185 1058 1242 Solis
1081 1180 1225 1260 corpus“.
1277 1183 1397 1261 Pergit:
1425 1186 1505 1263 ,oar

154 1271 233 1333 Solis
256 1271 383 1329 officium
407 1272 435 1327 iu
459 1270 569 1330 mundo
592 1271 648 1329 hoc
671 1280 724 1344 cst,
748 1271 828 1348 quod
851 1270 946 1330 cordis
970 1268 1143 1330 inanimali
1168 1274 1258 1347 (nam
1284 1280 1318 1331 et
1339 1272 1504 1350 planetam

153 1368 251 1420 motus
274 1376 309 1417 ex
332 1357 403 1417 Sole
430 1357 592 1435 dispensari
622 1359 650 1415 in
682 1369 764 1435 parte
794 1360 990 1419 astronomiae
1021 1357 1146 1434 physica
1171 1359 1348 1436 probabo),
1377 1368 1411 1419 at
1431 1362 1503 1419 riu

153 1446 266 1506 scilicet
288 1444 357 1504 huic
379 1446 552 1522 aspectabili
575 1444 684 1505 mundo
707 1445 875 1524 dispenset:
898 1448 1038 1504 animum
1059 1460 1184 1520 quoque
1209 1448 1292 1505 lauti
1317 1448 1445 1507 mauult
1462 1446 1504 1507 ai·

153 1536 324 1603 ministram,
345 1550 398 1591 seu
414 1532 499 1591 malis
513 1533 691 1610 facultatem
707 1535 831 1593 vitabas
845 1535 875 1591 iu
891 1548 1011 1610 corpore
1025 1529 1105 1590 Solis
1119 1533 1222 1592 inesse
1239 1549 1372 1595 necare
1384 1532 1456 1594 eat.⁸
1477 1534 1504 1593 h

152 1622 228 1682 libro
244 1618 287 1679 de
303 1617 425 1679 Stella
443 1619 470 1679 N
479 1637 550 1678 ova
565 1620 694 1699 (1606),
718 1623 747 1679 in
762 1638 822 1697 quo
837 1621 1015 1679 suavisdms
1028 1621 1164 1680 oratioue
1181 1619 1283 1679 multa
1300 1620 1504 1697 tangituaad

153 1708 360 1768 astronomiam
378 1707 530 1781 facientia,
554 1717 586 1765 ut
602 1706 775 1767 divisionem
790 1705 905 1766 zodiaci
922 1714 951 1767 et
965 1708 1083 1766 nomina
1106 1709 1280 1783 imaginum
1305 1711 1337 1766 in
1352 1707 1504 1769 coelati·

152 1796 231 1869 lato,
254 1793 354 1853 mundi
377 1796 619 1867 immensitatem,
643 1794 832 1872 astrologiam
848 1797 940 1870 (quae
954 1795 983 1852 iu
999 1792 1050 1853 ilia
1071 1795 1132 1853 siut
1155 1795 1428 1871 reddendaque
1446 1796 1503 1871 rri-

153 1879 277 1961 cienda),
294 1882 421 1941 rationes
437 1882 679 1961 philosophorum
693 1881 730 1942 de
747 1876 856 1963 „caau“
874 1881 1097 1957 stc.,1egtmus:
1116 1881 1237 1963 „Fiaae
1254 1900 1313 1961 pro
1327 1882 1396 1943 ioco
1408 1894 1503 1943 ιιι

157 1973 321 2047 quiescunt,
345 1969 397 2028 Sol
421 1986 473 2048 pro
497 1979 609 2029 motore
632 1978 677 2029 est
699 1978 730 2028 et
753 1977 849 2030 tuetur
871 1968 997 2030 mediam
1019 1966 1120 2027 mundi
1149 1970 1323 2031 stationem
1346 1970 1503 2043 immobili3

154 2060 211 2117 nisi
234 2057 313 2133 quod
337 2057 466 2136 physicis
496 2058 658 2115 rationibus
689 2064 918 2118 cousentaneum
940 2055 1038 2127 effeci,
1069 2072 1181 2132 corpus
1211 2059 1314 2133 ipsius
1338 2058 1504 2118 coprem

151 2162 207 2205 auo
229 2148 337 2222 spatio,
362 2153 394 2203 ut
415 2143 472 2204 hnc
495 2146 685 2204 conversione
706 2147 833 2219 speeiem
854 2145 1108 2215 immaterialem,
1132 2147 1316 2216 moiricem,
1342 2163 1395 2224 per
1413 2144 1503 2223 araph-

153 2233 285 2293 tudinem
309 2231 408 2291 mundi
428 2233 638 2308 circumagitet,
661 2249 751 2307 quam
771 2230 868 2293 sidera
890 2233 1016 2291 errantia
1038 2232 1138 2290 omnis
1161 2242 1347 2308 sequntur,
1370 2242 1405 2293 at
1423 2228 1504 2309 qui·

154 2338 211 2396 que
234 2322 354 2399 propius
376 2322 418 2378 ita
440 2319 573 2379 celerius.
590 2318 681 2378 -Iu
704 2318 974 2395 Responsioue
997 2317 1035 2377 ad
1057 2317 1297 2381 liossliuuru
1312 2318 1426 2397 (1600)
1443 2320 1503 2381 h

153 2408 410 2486 deprehendimust
437 2406 489 2487 „ln
514 2407 622 2466 meinsr
639 2408 828 2466 Astronomia
848 2423 929 2465 nora
949 2406 988 2464 ist
1002 2407 1135 2477 eruisse,
1160 2404 1217 2467 dae
1238 2405 1293 2468 die
1307 2406 1503 2484 Stemtkaffl

154 2493 323 2557 ehensowol
347 2504 439 2554 etwas
460 2493 558 2570 gleich
581 2496 661 2554 einer
682 2493 813 2553 schmire
834 2493 940 2566 haben,
964 2491 1095 2553 dadurch
1116 2494 1162 2554 sie
1185 2496 1231 2553 uit
1246 2512 1323 2555 aum
1345 2492 1426 2567 lauti,
1445 2510 1503 2555 ata·

153 2583 224 2644 dern
248 2582 371 2642 riimehr
400 2600 466 2640 zum
490 2580 653 2640 stilistebcn
684 2580 869 2641 uerursachet
898 2578 1023 2641 werden.
1068 2579 1131 2640 Soli
1162 2598 1224 2643 uua
1258 2582 1502 2661 utss'pruprtara

153 2669 214 2732 rud
237 2671 296 2730 diss
326 2669 492 2729 stilistehou
517 2667 713 2728 vberwuudcn
738 2667 870 2740 werden,
899 2685 933 2727 so
961 2667 1063 2742 gehdrt
1086 2669 1134 2727 ein
1164 2669 1311 2746 berreger
1334 2669 1439 2739 darae,
1464 2672 1502 2729 ἡ

27 2818 30 2825 ,
152 2762 260 2835 species
282 2759 502 2828 immateriale,
527 2772 646 2815 versans
670 2758 698 2812 in
714 2764 783 2815 actu
798 2764 904 2828 motus,
928 2753 1059 2815 neliiche
1082 2753 1142 2815 aiio
1158 2754 1378 2833 Sterulrugelu,
1400 2754 1501 2817 aedera

152 2849 249 2907 arahen
279 2848 332 2905 mit
363 2845 407 2902 ihr
439 2839 674 2902 herumbidhre.“
721 2841 754 2901 in
784 2842 916 2903 'l’ertlo
947 2842 1253 2904 Interveniente
1285 2846 1419 2925 (liiidie
1446 2842 1501 2911 ,ἃ

151 2935 345 3010 Steruirugeln
367 2931 482 2991 werden
505 2932 654 3005 gelriehen
676 2947 728 3008 per
749 2934 876 3008 speciem
899 2932 1120 2989 immaterialem
1136 2929 1234 3003 Solis,
1262 2935 1294 2990 iu
1310 2950 1416 3011 gyrum
1435 2932 1501 3009 rapi·

152 3024 272 3083 dissime
302 3024 517 3081 circumactam.
569 3017 643 3077 ltcm
672 3018 788 3079 werden
820 3021 864 3078 sie
891 3019 1040 3094 getriehsn
1073 3034 1131 3078 rou
1164 3017 1245 3079 ihrer
1279 3020 1377 3080 selbot
1402 3034 1500 3097 eyg-

151 3109 374 3186 liagnetischcn
400 3106 502 3178 Kralit,
527 3105 616 3165 durch
641 3104 750 3165 welche
772 3106 816 3165 sis
837 3105 958 3166 einhslb
981 3104 1032 3165 dor
1054 3103 1175 3165 Sonnen
1199 3106 1389 3175 auschiiieu,
1410 3104 1500 3167 uada·

152 3198 238 3259 theiis
262 3215 319 3255 von
343 3195 393 3255 der
409 3195 526 3253 Sonnen
550 3193 665 3268 hinweg
687 3191 812 3252 alehieu.
844 3192 902 3253 Dis
917 3191 998 3251 Sonu
1013 3192 1084 3251 aher
1106 3191 1198 3251 ailein
1223 3193 1283 3254 hat
1305 3197 1336 3253 iu
1359 3195 1405 3253 ihr
1424 3194 1500 3253 seli!

152 3288 199 3345 eiu
224 3289 365 3344 virtutem
389 3282 566 3352 animalem,
591 3279 680 3339 durch
702 3279 812 3340 welche
834 3282 878 3340 sie
901 3280 1069 3350 iniormlert,
1093 3279 1185 3339 liecht
1208 3283 1357 3357 gemacht
1379 3281 1437 3341 rud
1455 3282 1499 3339 ait

151 3376 199 3433 eiu
229 3371 326 3448 liugei
358 3389 405 3430 am
436 3368 602 3427 Dulihsloclr
633 3365 845 3443 bestindiglich
875 3367 1092 3442 umhgetrieben
1116 3366 1220 3440 wirdt,
1258 3369 1356 3431 durch
1387 3368 1499 3429 veih

151 3460 239 3521 Trieb
263 3463 306 3518 sie
330 3458 406 3517 auch
430 3457 491 3515 ihre
514 3458 641 3532 speciem
666 3457 888 3514 immateriatam
911 3454 949 3514 ad
972 3455 1172 3513 extremitates
1188 3471 1289 3529 usque
1305 3456 1408 3517 muudi
1427 3454 1500 3515 db·

150 3550 268 3608 samin
292 3546 420 3618 gleieher
444 3544 510 3602 Zcit
532 3542 749 3619 horumbgehen
771 3541 882 3614 machi,
916 3541 973 3601 und
1002 3540 1066 3600 also
1089 3545 1265 3603 successive
1289 3544 1353 3606 alle
1375 3544 1498 3603 l'ianet·

153 3639 205 3695 mit
228 3635 349 3696 herumb
373 3631 487 3692 seuchl.
519 3629 651 3690 Mehrere
674 3631 796 3690 scientia
818 3628 952 3688 animalis
976 3627 1061 3687 wirdt
1083 3646 1119 3685 au
1144 3628 1203 3688 den
1228 3630 1436 3691 himmiiachea
1455 3630 1498 3689 bt·

153 3740 316 3800 ueguugeu
338 3720 419 3780 nicht
442 3714 611 3778 erlordert.“
640 3750 677 3761 -
703 3717 735 3775 ln
759 3715 967 3777 Harmonia
990 3721 1122 3789 (ltiltilz
1149 3721 1293 3794 ,inens
1309 3722 1401 3780 totius
1414 3712 1497 3775 muti

153 3811 270 3871 videtur
293 3810 332 3882 (si
356 3817 400 3868 est
423 3805 491 3865 talis
513 3803 626 3880 aliqua)
656 3807 683 3862 in
714 3812 812 3863 centro
835 3802 950 3877 mundi,
981 3802 1058 3879 quod
1082 3802 1155 3859 mihi
1178 3803 1233 3863 Sol
1259 3818 1322 3880 eat,
1354 3804 1493 3866 residere:

151 3896 257 3958 Porro:
284 3896 407 3974 „Qualis
431 3896 460 3950 in
480 3891 549 3952 Sole
573 3895 664 3962 risus,
688 3893 738 3967 qui
761 3889 839 3950 oculi
859 3893 933 3962 siut,
962 3899 1013 3948 aut
1035 3892 1102 3964 quis
1125 3891 1291 3952 instinctus
1322 3895 1399 3954 alios
1419 3892 1497 3969 prad·

151 3985 250 4063 piendi
273 3984 397 4059 angulos
413 3989 490 4054 (quos
512 3983 631 4036 formant
653 3981 741 4037 lineae
759 3997 776 4035 a
793 3981 914 4036 terminis
936 3980 1092 4037 diurnorum
1118 3998 1236 4037 arcuum
1264 3984 1375 4040 orbium
1392 3984 1496 4053 phana

150 4081 250 4135 riorum
278 4077 376 4133 ductae
393 4076 420 4129 iu
439 4082 561 4129 centrum
581 4071 665 4135 Solis,
689 4070 787 4138 quibus
809 4070 920 4125 formari
945 4069 1071 4137 opinatur
1090 4069 1231 4137 h'eplerus
1261 4071 1435 4139 planetarum
1449 4068 1496 4123 b

150 4167 280 4232 moniam)
309 4163 397 4219 etiarn
420 4160 482 4216 sine
505 4155 597 4215 oculis
613 4153 845 4229 aestimaudique
867 4153 1033 4211 harmonias
1056 4163 1208 4225 motuum,
1231 4154 1275 4213 ad
1292 4160 1399 4216 meotis
1421 4152 1495 4213 red·

151 4249 252 4310 huium
276 4264 451 4323 quacunque
475 4254 558 4321 porta
581 4242 813 4319 ingredientium,
837 4256 1028 4316 quaecunque
1051 4238 1181 4314 denique
1198 4258 1289 4303 messa
1306 4246 1367 4303 ista
1386 4246 1414 4301 iu
1432 4240 1494 4301 esta

151 4337 295 4412 conjicere
318 4351 376 4394 non
400 4334 485 4393 lacile
509 4341 553 4391 cst
575 4331 694 4390 Terram
711 4329 915 4389 incolentibus.
946 4324 1101 4401 Utcunque
1124 4335 1226 4389 tameo
1247 4348 1283 4389 se
1300 4330 1493 4393 habentia

152 4435 230 4484 certe
253 4423 469 4498 circumpositio
494 4419 544 4477 illa
566 4437 617 4480 sex
642 4420 756 4477 orbium
778 4416 978 4494 primariorum
1002 4417 1077 4472 circa
1100 4413 1203 4475 Solem
1226 4415 1311 4478 hane
1333 4437 1354 4479 a
1374 4437 1419 4479 ms
1437 4430 1494 4475 en·

150 4511 307 4571 sessionem
330 4515 498 4584 extorquet,
521 4522 579 4564 non
603 4515 714 4564 tantum
738 4507 816 4563 exire
839 4505 868 4560 in
892 4510 984 4561 totum
1007 4499 1147 4560 mundum
1172 4520 1210 4562 ea
1234 4504 1330 4578 Sole,
1354 4518 1387 4567 ut
1406 4524 1424 4566 a
1442 4504 1493 4561 lata

153 4599 199 4658 vel
224 4597 309 4659 oculo
333 4594 441 4668 mundi,
467 4594 571 4665 lucem,
597 4604 629 4652 ut
651 4611 686 4652 ex
709 4591 796 4653 eorde
820 4593 910 4649 ritem
934 4599 963 4649 et
986 4588 1128 4661 calorem,
1152 4598 1188 4649 ut
1211 4608 1230 4648 a
1253 4610 1329 4669 rege
1351 4606 1381 4655 et
1400 4604 1491 4653 neem

151 4693 262 4743 motum
286 4700 415 4754 omnem,
444 4681 495 4741 sed
525 4682 651 4741 vicissim
675 4683 765 4740 etiam
787 4682 817 4737 iu
840 4678 937 4738 Solem
967 4675 1066 4749 colligi
1089 4694 1125 4735 ea
1150 4680 1233 4737 omni
1266 4681 1416 4741 mundana
1437 4692 1491 4755 prt-

151 4773 249 4831 riucia
267 4772 334 4847 juro
356 4773 436 4843 regio
467 4769 520 4827 hos
553 4768 642 4828 soluti
669 4767 781 4829 reditus
803 4766 972 4826 harmoniae
996 4763 1322 4841 desiderabilissime,
1353 4772 1410 4828 imo
1433 4779 1490 4824 sn·

148 4855 274 4925 tumes
296 4875 332 4920 eo
353 4859 466 4939 species
494 4864 626 4919 motuum
654 4856 788 4919 binorum
817 4856 927 4917 mmsis
948 4851 1075 4930 ancujus
1100 4868 1197 4935 opera
1221 4856 1254 4913 iu
1281 4872 1373 4919 uuam
1392 4854 1489 4917 hut·
