3308 5534
151 387 215 461 156
505 396 678 457 dolisotanea
696 414 730 456 cx
748 400 888 457 codicibus
907 398 1144 459 Pnlbnsisnslbna

150 570 288 647 dividua,
319 590 377 636 non
400 578 501 654 itaqua
524 588 569 642 est
591 598 738 644 numerus.
784 578 871 657 Quod
894 589 993 643 antem
1017 581 1055 642 sd
1076 597 1167 659 supra
1189 582 1280 641 citata
1301 579 1371 642 loca
1393 582 1512 657 attinet,

148 660 236 722 troile
266 662 451 742 intelligitur,
483 685 549 730 sum
571 692 605 733 so
628 669 733 747 ἐφιξης
754 670 930 730 attribuatur
952 671 1095 743 numeris,
1125 685 1161 729 ao
1184 670 1250 745 ipso
1273 670 1396 730 attribui
1418 674 1513 731 etlam

149 750 293 828 principio
316 768 512 829 numerorum,
535 755 615 834 qnod
638 768 684 818 est
706 760 813 831 unitos,
836 774 891 818 naa
912 756 980 818 ideo
1002 759 1097 834 sequi,
1121 766 1154 816 nt
1176 758 1274 817 unitas
1295 760 1335 817 sit
1357 774 1512 819 numeras.

148 837 215 897 lion
238 843 379 913 competit
400 843 476 902 enirn
498 867 533 906 ro
549 844 656 924 ἱφεξης
678 846 784 905 unitati
807 863 860 922 per
873 861 914 917 se,
937 843 989 905 sed
1011 852 1157 920 quatenus
1180 862 1247 905 cnm
1269 861 1391 904 numero
1407 844 1513 923 aliquo

148 935 345 1000 eomparatur.
384 928 417 987 ln
440 931 532 993 altero
554 934 621 995 loco
645 936 708 1011 ipss
723 932 916 1010 philosophus
938 949 996 992 non
1021 931 1155 991 absoluta
1179 930 1259 1005 dicit,
1282 928 1428 992 unitatem
1443 948 1512 993 essa

148 1014 300 1073 minimum
322 1032 488 1091 numerum,
519 1021 571 1082 sad
594 1022 758 1082 dubitative
780 1037 833 1097 pro
855 1022 1002 1099 praesenti
1025 1020 1161 1090 materia,
1184 1027 1349 1078 autunum
1373 1028 1427 1079 ant
1450 1018 1512 1079 duo

149 1117 215 1161 assa
237 1103 388 1161 minimum
410 1123 572 1171 nnmemm.
618 1106 721 1169 Unitns
744 1110 843 1183 itaquo
866 1117 912 1168 est
933 1109 1084 1166 minimum
1105 1108 1135 1163 in
1158 1107 1296 1178 numeris,
1323 1116 1356 1166 at
1378 1122 1441 1167 non
1464 1116 1513 1167 est

148 1189 286 1248 minimus
308 1208 503 1255 numeromm.
535 1198 588 1257 list
610 1200 687 1257 enim
709 1198 884 1273 principium
907 1210 1091 1255 numerorum
1114 1192 1169 1268 (X.
1193 1192 1265 1252 Met.
1292 1194 1343 1270 1.),
1367 1210 1428 1253 non
1451 1210 1512 1251 nu-

148 1291 246 1335 merus
276 1277 350 1354 ipss.
396 1278 510 1355 Quodsi
540 1286 686 1345 subtiliter
717 1286 816 1343 omnia
846 1282 970 1344 velimus
1001 1282 1137 1357 exsequi,
1173 1282 1270 1339 unitas
1304 1279 1512 1341 tantummodo

148 1369 267 1440 propter
289 1367 470 1443 assignatam
486 1376 598 1433 numeri
614 1372 813 1433 definitionem
836 1369 1000 1432 excluditur
1013 1388 1032 1429 a
1047 1367 1158 1427 numeri
1181 1366 1391 1444 appellatione.
1425 1367 1511 1428 Alias

147 1449 289 1527 pleraque
313 1456 340 1513 ei
364 1464 534 1532 competunt
556 1458 737 1532 accidentia,
760 1475 838 1535 quas
861 1457 898 1518 de
921 1459 1024 1518 ceteris
1047 1456 1175 1514 numeris
1199 1456 1358 1515 efferuntur
1380 1456 1511 1532 quibua·

147 1555 214 1599 onm
230 1549 424 1616 comparatur,
448 1544 504 1606 lrac
520 1548 722 1608 tantummodo
743 1553 861 1606 servata
876 1546 1079 1621 proportione,
1103 1541 1183 1617 quod
1198 1544 1309 1618 primus
1325 1551 1370 1603 est
1387 1546 1416 1601 in
1434 1559 1512 1604 una·

147 1642 267 1702 quaque
289 1630 375 1688 serie.
413 1630 465 1690 list
481 1635 569 1705 igitur
584 1652 658 1695 unus
673 1653 708 1693 ex
724 1633 892 1710 imparibus,
915 1633 1024 1708 primis,
1048 1632 1207 1705 trigoniois,
1229 1629 1391 1705 quadratis,
1416 1628 1512 1690 hera·

74 1720 78 1729 '
147 1716 271 1787 goninis,
293 1717 414 1789 cubicis,
439 1722 583 1795 perlectis,
606 1732 696 1797 auget
719 1725 781 1798 ipss
804 1719 878 1779 alios
894 1729 923 1778 et
938 1720 1048 1795 patitur
1062 1716 1252 1776 additionem.
1290 1716 1406 1793 Quodsi
1421 1719 1512 1777 nobis

147 1800 222 1860 baec
244 1819 304 1862 una
326 1804 504 1865 concedatur
526 1807 710 1889 ‹isvpnlnynn
733 1816 766 1867 ui
788 1807 928 1878 dicamus,
952 1808 1094 1866 unitatem
1117 1821 1182 1862 esse
1202 1805 1250 1863 sui
1274 1806 1367 1881 ipsius
1390 1813 1509 1882 partem

147 1895 178 1947 st
199 1889 228 1946 in
252 1905 284 1948 ss
307 1892 402 1967 ipsam
424 1892 585 1971 dividuam,
606 1899 668 1973 jam
692 1901 720 1955 in
744 1896 846 1955 ceteris
862 1895 997 1953 omnibus
1013 1892 1096 1950 ilium
1111 1894 1186 1949 inter
1199 1907 1336 1952 numeros
1352 1890 1510 1952 commoda

148 1974 301 2036 admittere
324 1980 500 2054 poterimus,
524 1986 566 2044 ita
588 1994 619 2043 ut
642 2002 700 2044 non
723 1986 762 2043 sit
784 1999 873 2058 opus,
897 1982 1018 2041 seorsim
1042 1980 1200 2054 quicquam
1223 1977 1260 2037 de
1282 1996 1318 2038 ea
1340 1979 1456 2052 dicere,
1482 1976 1512 2037 id

148 2060 228 2139 qnod
258 2066 350 2141 probo
379 2068 541 2130 notandum
565 2080 618 2132 ast.
663 2073 729 2132 Non
753 2072 830 2131 enim
852 2078 885 2127 nt
914 2069 1006 2128 lorma
1028 2074 1058 2126 et
1085 2068 1209 2125 materia
1239 2074 1308 2124 sunt
1329 2067 1511 2142 principium

147 2151 346 2226 substantiae,
377 2157 420 2214 sic
442 2160 540 2217 unitas
562 2170 607 2219 est
628 2162 804 2236 principium
827 2157 947 2217 numeri.
993 2156 1099 2213 Forma
1127 2156 1204 2213 enim
1228 2163 1257 2212 et
1280 2154 1404 2212 materia
1427 2152 1512 2212 nulla

148 2237 252 2299 eadem
275 2257 341 2299 cum
363 2245 426 2301 suis
450 2250 620 2322 compositis
635 2250 798 2324 suscipiunt
813 2242 985 2316 accidentia,
1008 2251 1039 2302 at
1055 2242 1152 2299 unitas
1175 2242 1237 2321 sinc
1260 2256 1369 2314 magno
1393 2242 1512 2301 iucom-

147 2324 254 2398 modo,
278 2336 310 2386 ut
334 2328 459 2400 dictum,
483 2334 561 2392 inter
583 2351 720 2394 numeros
744 2333 898 2401 toleratur,
922 2333 980 2388 imo
1002 2329 1166 2387 necessario
1190 2325 1228 2385 ad
1250 2342 1439 2386 numerorum
1464 2327 1513 2386 di·

147 2414 271 2473 stlnctas
293 2419 383 2476 series
407 2421 572 2494 apponitur.
620 2421 729 2481 Eodem
753 2419 841 2479 morlo
865 2419 964 2493 quaeri
987 2424 1099 2493 potest,
1123 2432 1161 2473 au
1183 2423 1322 2489 punctum
1346 2418 1385 2473 sit
1409 2431 1509 2490 quan·

148 2500 218 2560 titas
241 2502 404 2563 continual
441 2506 660 2584 Respondstur,
690 2511 765 2569 sient
792 2508 889 2564 unitas
919 2521 978 2563 non
1001 2514 1045 2562 est
1066 2518 1217 2572 numerus,
1246 2499 1300 2559 ssd
1331 2503 1512 2579 principium

147 2590 276 2656 numeri,
306 2592 349 2649 sic
371 2603 512 2667 punctum
534 2612 593 2655 non
617 2604 660 2657 em
684 2597 867 2661 continuum,
898 2591 951 2650 sed
979 2590 1153 2667 principium
1177 2586 1326 2664 quoddam
1349 2592 1512 2649 continuo·

147 2690 221 2733 rum.
266 2674 324 2736 Sed
347 2678 405 2737 buc
427 2684 503 2741 inest
525 2682 713 2743 discriminis:
740 2684 840 2742 unitas
870 2694 929 2737 non
958 2688 1003 2737 est
1030 2680 1140 2735 numeri
1169 2677 1323 2746 terminus,
1356 2676 1409 2735 sed
1441 2693 1511 2753 pars

148 2764 278 2833 minima,
302 2782 338 2823 ex
361 2768 469 2841 quibus
492 2774 604 2831 numeri
628 2776 771 2839 constant,
795 2776 826 2828 at
848 2773 987 2845 punctum
1010 2773 1111 2825 contra
1134 2779 1192 2820 non
1216 2770 1262 2822 est
1283 2780 1351 2839 pars·
1366 2765 1510 2838 continui,

148 2866 185 2909 ax
209 2850 317 2925 quibus
341 2863 466 2931 constat,
489 2858 541 2918 sed
565 2860 704 2919 terminus
728 2856 869 2933 ejusdem.

254 2937 361 3010 Porro,
393 2960 444 3002 cnr
474 2952 542 3021 post
570 2962 722 3005 nnmerum
753 2946 869 3003 demum
902 2939 938 2998 de
962 2939 1073 2997 unitata
1102 2945 1131 2995 et
1154 2939 1196 2995 sic
1226 2938 1315 2996 etiam
1338 2937 1376 2999 de
1399 2945 1511 3015 puncto

149 3030 270 3097 apator,
300 3031 443 3091 rationem
470 3032 564 3093 reddit
596 3032 789 3110 philosophus
812 3030 854 3092 X.
879 3026 949 3086 blei.
974 3032 1009 3085 ti:
1039 3025 1197 3100 opponitur
1227 3041 1317 3083 unum
1345 3034 1376 3085 et
1406 3024 1510 3086 multl-

148 3110 235 3181 tndo,
266 3121 300 3172 ut
320 3115 473 3179 diuiduum
496 3129 526 3180 et
548 3112 742 3180 individuum.
788 3112 947 3177 Multitudo
973 3129 1100 3187 namquo
1123 3123 1173 3169 aot
1202 3111 1364 3171 divisorum
1387 3121 1510 3173 estant

150 3196 345 3263 dividuorunr.
392 3206 580 3268 lndividuum
613 3225 683 3268 vero
710 3214 762 3265 aut
792 3204 920 3263 nondnrn
952 3198 1078 3258 divisum
1111 3216 1200 3257 unuin
1224 3210 1277 3257 tat·
1326 3200 1511 3259 Describitur

147 3302 330 3349 verounum
354 3301 382 3351 et
404 3296 607 3355 manifestatur
629 3312 718 3353 unum
742 3294 901 3362 contrario,
932 3304 1037 3362 nsmpa
1060 3284 1243 3344 individuum
1267 3286 1406 3359 (lividum
1438 3290 1512 3365 (1⁰³⁸

147 3376 246 3431 serrsui
267 3380 387 3455 propior
408 3391 454 3441 est
476 3382 649 3451 multitudo,
672 3391 701 3443 et
724 3380 771 3452 id,
796 3378 874 3456 quod
898 3384 941 3437 est
966 3373 1127 3443 diuiduum,
1152 3371 1315 3432 individuo.
1348 3374 1456 3451 ltaque
1480 3377 1510 3434 in

148 3456 317 3525 delinitione
338 3469 418 3544 prior
438 3478 483 3529 est
505 3469 672 3544 multitudo,
696 3470 840 3545 posterior
862 3467 960 3525 unitas
982 3470 1100 3539 propter
1121 3476 1249 3521 sensum.

740 3648 854 3735 Caput
882 3642 916 3715 9.

583 3784 633 3840 De
657 3782 820 3851 subjecto
840 3782 1081 3838 numerorum

253 3892 356 3955 Altera
378 3901 514 3974 quaestio
538 3900 574 3961 de
598 3918 786 3960 numerorum
810 3900 945 3974 subjecto
967 3898 1075 3958 existit.
1120 3894 1246 3954 Videtur
1268 3898 1346 3957 enim
1367 3914 1513 3956 numero·

151 3996 214 4039 rum
237 3986 367 4043 essentia
390 4002 448 4045 non
472 3989 501 4043 in
526 3990 612 4048 rebus
637 3990 708 4066 ipsis
723 3990 829 4059 inesse,
852 3986 904 4047 sed
921 3989 950 4044 in
966 3992 1062 4043 monte
1078 3985 1268 4061 numerantis,
1290 4000 1331 4042 sc.
1348 3985 1377 4041 in
1396 3988 1513 4045 ratione

148 4066 285 4141 hnmana,
304 4079 334 4131 et
357 4072 429 4131 nihil
452 4073 534 4132 aliud
557 4094 632 4148 esse,
656 4093 743 4152 quam
767 4092 819 4133 ens
840 4073 993 4131 rationale.
1031 4072 1067 4129 lit
1089 4070 1261 4129 Aristotcles
1284 4070 1353 4135 (Ν.
1370 4070 1425 4134 Pb.
1447 4080 1514 4145 1⁴.)

148 4157 302 4217 mnnilasts
330 4158 417 4218 dicit:
449 4164 548 4221 anima
576 4165 769 4223 nrrmcratrice
798 4159 932 4227 sublata,
964 4174 1099 4216 numeros
1129 4174 1247 4233 qnoque
1276 4158 1428 4217 sublatum
1458 4162 1514 4233 lri3

149 4244 396 4319 quemadmodum
412 4251 500 4306 etiarn
516 4249 603 4309 xlv.
619 4250 689 4308 blei.
708 4256 736 4309 n.
761 4250 895 4309 allirumt.
919 4250 1055 4323 quamvis
1069 4245 1186 4303 sublato
1202 4261 1332 4309 numera.
1356 4262 1515 4307 mansuras

148 4338 245 4389 tarrren
277 4334 494 4405 nrapnitudines
525 4346 554 4395 ei
583 4336 716 4401 sensilis,
750 4354 841 4411 qnare
870 4336 980 4393 numeri
1012 4336 1040 4389 in
1069 4341 1166 4389 mente
1196 4330 1383 4391 solummodo
1414 4344 1512 4393 erunt

152 4418 192 4475 At
214 4430 316 4478 contra
338 4440 427 4498 supra
450 4432 489 4485 lc.
517 4430 559 4482 a.»
583 4426 705 4501 prolcssi
729 4441 846 4491 snurus,
871 4421 951 4481 nolle
974 4438 1028 4477 nna
1050 4433 1186 4494 separare
1209 4424 1391 4493 quarrtitates
1414 4431 1444 4479 et
1468 4424 1514 4479 sle

150 4521 246 4579 neque
270 4524 406 4567 numeros
429 4528 447 4567 a
470 4510 643 4582 sensilibus,
675 4508 921 4586 qrrenmdrnodum
950 4510 1037 4566 etiarn
1066 4522 1130 4581 cap.
1156 4512 1184 4561 ti.
1215 4504 1334 4563 modum
1363 4506 1513 4579 dedimus,

149 4608 208 4667 qno
231 4594 375 4655 inlinitum
405 4600 538 4672 potentia
560 4600 688 4658 numeris
713 4600 796 4669 insit,
827 4614 885 4654 nnn
917 4612 1006 4655 eausa
1029 4592 1235 4651 intellec-tionis
1257 4601 1287 4651 ot
1310 4596 1512 4668 cogitationis,

148 4678 200 4739 sed
222 4698 313 4741 cnrrsa
335 4700 429 4741 rerum
454 4688 588 4759 ipsnruru.
636 4684 681 4743 ild
705 4684 781 4744 lranc
804 4683 998 4758 objectionem
1027 4679 1234 4755 respondetur,
1265 4678 1413 4756 duplicem
1444 4700 1513 4743 csse

150 4778 313 4843 respectum
336 4772 448 4831 numeri
471 4773 632 4833 securrdum
655 4773 772 4832 diuersa
795 4771 972 4831 delinitionis
994 4770 1058 4845 eJ'us
1075 4768 1231 4825 vocabula.
1263 4766 1410 4827 llcdnitur
1432 4774 1512 4829 enim

153 4853 330 4929 ,multitudo
347 4860 523 4937 nutarunt,
548 4864 659 4939 itaque,
682 4868 828 4936 quatenus
843 4859 956 4918 numeri
971 4874 1007 4917 ex
1023 4856 1185 4915 unitatibus
1199 4866 1346 4932 constant,
1369 4874 1407 4919 eo
1422 4856 1513 4919 mado
