3308 5534
150 407 216 479 opo,
661 388 995 472 vermesque

151 586 250 664 remi
271 591 301 645 et
323 585 354 644 in
376 598 435 659 quo
456 598 509 660 per
530 579 621 644 hosce
643 597 748 655 auuee,
766 579 1036 660 juadmssum
1052 580 1328 656 vitaeresgeutaa,
1348 577 1505 639 uuas

151 675 210 734 hta
231 679 262 733 et
283 688 360 748 quae
383 670 521 731 eliasub
543 670 683 730 manibus
701 669 799 730 hebet
823 671 929 730 euitat.
961 669 1083 727 Frustra
1105 684 1144 731 ex
1166 666 1310 728 theam
1332 664 1505 744 mutae

150 777 256 822 musae
287 765 410 836 quaeret
437 755 605 834 astrologus
631 759 819 819 inventarum
839 774 859 817 a
880 774 930 817 use
957 773 1036 816 aneo
1060 760 1155 816 lette.
1184 754 1421 832 proportionum
1443 755 1507 813 hta

155 849 242 910 erhsa
265 847 420 925 coelestes,
442 862 519 905 anuo
545 850 641 905 1604.
663 844 783 905 modum
805 842 942 918 ridendi,
964 858 1043 903 anuo
1065 843 1123 902 hec
1148 846 1249 903 1618.
1275 858 1453 915 munau,
1474 838 1507 901 ὁ

155 952 231 1013 quas
253 933 376 995 cuilibet
397 932 534 1010 planetae
557 934 683 1010 contigit
702 940 788 993 usta
800 933 1089 1005 emathieitaa-nee
1110 931 1211 991 minor
1232 947 1294 990 uec
1308 930 1418 1006 majas,
1436 928 1508 989 d

151 1021 332 1083 intermediis
362 1019 578 1081 demonstratae
610 1020 754 1099 physicae
785 1018 925 1081 wulmtls
960 1016 1177 1095 modorumque
1213 1018 1335 1095 quibua
1366 1026 1508 1079 netu

151 1111 290 1188 planetae
312 1123 506 1183 verorumque
527 1114 660 1167 motuum
675 1109 815 1184 ipsoram,
837 1105 965 1183 dmieue
987 1105 1252 1166 tundammtorum
1274 1103 1434 1166 ιιιιιιὼι
1447 1120 1508 1165 ιιι·

152 1199 234 1258 lestis
257 1199 287 1254 in
310 1195 384 1255 haec
406 1196 542 1255 iuferiora
563 1195 840 1272 metaphysieetum.
878 1193 947 1255 llon
968 1194 1145 1254 influxerunt
1167 1194 1233 1253 leta
1254 1208 1331 1255 cum
1352 1192 1508 1253 ιιηιιιιι

151 1284 227 1346 coeli
249 1286 278 1342 in
303 1281 482 1342 flammulam
510 1282 591 1342 illam
618 1281 768 1343 facultatis
791 1279 891 1343 vitalis
920 1297 1013 1359 emer
1034 1283 1173 1341 incensae
1206 1282 1305 1357 tuque
1328 1288 1431 1340 aet·
1448 1292 1508 1357 pe·

155 1371 271 1444 ductes,
294 1369 348 1430 scd
369 1372 475 1447 partim
497 1370 576 1429 intua
598 1371 628 1428 iu
651 1369 836 1447 penitissima
858 1370 975 1430 aulaeae
996 1370 1126 1430 ementis
1146 1366 1309 1440 latebant,
1332 1369 1442 1445 parth
1457 1366 1508 1447 ᾗ

152 1460 220 1533 vla,
250 1475 302 1535 por
331 1458 434 1516 ocules
461 1457 611 1531 nimirum,
643 1452 800 1517 introrsum
827 1465 949 1534 recepta
974 1463 1053 1519 aunt
1096 1453 1172 1516 Sola
1196 1462 1230 1516 et
1256 1457 1356 1517 anim
1385 1454 1507 1515 M

153 1545 332 1623 genethliaci
355 1561 445 1621 opera
467 1544 524 1604 luit
545 1547 611 1618 ista,
636 1543 716 1621 quod
739 1553 770 1606 et
784 1547 917 1605 emunxit
937 1543 1014 1605 illes·
1028 1545 1140 1618 ingenii
1160 1541 1342 1620 judiciique
1355 1540 1504 1621 ingulfi

153 1641 185 1693 et
212 1632 367 1708 instigavit
402 1634 532 1692 animum
562 1631 601 1691 ad
628 1630 760 1692 laborem
793 1629 973 1693 indelessum
1003 1633 1147 1706 multene
1178 1629 1371 1691 desiderium
1401 1626 1505 1690 Μ

153 1720 302 1780 Breviter:
333 1735 402 1777 uon
434 1721 643 1796 inspiravit
672 1721 852 1792 animum,
883 1735 952 1779 nou
982 1717 1100 1777 ullam
1130 1716 1343 1778 dictarum
1364 1713 1504 1777 laeulte·

152 1815 240 1882 tum,
263 1806 328 1866 sed
352 1803 523 1870 excivit“
548 1839 590 1851 -

250 1892 313 1952 'lllo
339 1895 428 1970 igitur
456 1897 486 1951 in
515 1892 618 1954 libelle
653 1892 801 1970 Keplerua
830 1895 960 1971 priorem
997 1894 1127 1952 rationes
1161 1890 1372 1970 astrologicae
1396 1889 1504 1968 ψ

152 1990 198 2042 tar
227 1986 347 2041 secutus
375 1998 411 2040 ea
440 1982 624 2058 planetarum
650 1983 716 2058 ipse
753 1990 891 2042 nasemte
918 1979 1207 2057 configurationibus
1241 1996 1307 2040 uae
1343 1977 1432 2039 made
1454 1978 1502 2037 ιι·

156 2076 259 2129 tunam
282 2086 376 2142 mam,
400 2070 496 2144 qualis
517 2070 678 2146 posteriore
701 2077 832 2145 tempere
853 2069 953 2127 lutura
974 2070 1026 2140 sit,
1048 2065 1102 2127 sed
1124 2069 1221 2127 etium
1237 2076 1271 2128 et
1284 2082 1405 2127 merum
1424 2076 1452 2127 et
1465 2066 1502 2124 b·

158 2157 238 2235 genii
260 2159 455 2233 proprietates
479 2155 625 2217 deducere
645 2161 769 2216 cenatur
792 2162 846 2216 sat.
885 2152 984 2216 Utitur
1005 2162 1105 2215 entant
1127 2171 1213 2214 mere
1236 2158 1376 2231 priorum
1395 2150 1502 2215 autb

159 2260 265 2321 gerum
286 2259 423 2303 termene
445 2250 476 2303 et
498 2245 611 2316 verbis,
642 2260 719 2319 quae
741 2241 781 2304 ad
804 2243 918 2303 literam
940 2244 1071 2321 accipere
1100 2258 1161 2302 nou
1195 2242 1270 2303 licet
1294 2244 1443 2321 (natatu
1458 2238 1501 2300 ὃ

155 2348 185 2394 ι.
209 2348 234 2390 c.
261 2328 436 2407 ,caninam“
462 2332 565 2390 tribuit
586 2332 666 2405 etc).
710 2330 800 2389 lnitio
823 2329 957 2407 quidem,
981 2331 1096 2390 omissis
1118 2330 1321 2408 ammtegteta
1344 2331 1502 2392 teram

153 2417 422 2494 significationibus
452 2418 526 2479 haee
552 2417 589 2476 de
611 2425 766 2477 naturaei
787 2417 920 2478 moribus
945 2419 1007 2479 suis
1028 2425 1059 2477 et
1080 2419 1205 2494 ingenie
1236 2420 1375 2496 protem
1407 2416 1501 2497 ,tl-r

154 2507 212 2565 iste
233 2505 291 2565 hee
310 2505 373 2564 late
394 2513 483 2565 natus
505 2512 565 2578 est,
595 2512 630 2563 ut
652 2505 824 2582 pleramque
850 2506 939 2567 rebus
963 2504 1130 2564 difficilibus
1153 2512 1281 2583 tempus
1304 2516 1402 2583 teet,
1421 2504 1501 2581 ιβ

158 2593 216 2653 bus
238 2592 289 2652 alii
312 2592 481 2653 abhorrent.
526 2592 561 2650 lu
584 2595 711 2668 pueritia
732 2592 787 2651 luit
808 2600 966 2653 metrorum
988 2596 1132 2652 rationem
1154 2610 1327 2669 aggressus
1349 2604 1418 2654 aute
1435 2600 1502 2653 atta·

155 2686 226 2740 tem.
264 2678 397 2739 (leuatus
420 2689 465 2740 est
487 2680 617 2739 scribere
631 2679 810 2753 comoedias,
834 2680 965 2758 psalmos
981 2679 1071 2756 elegit
1084 2678 1325 2756 prolixissimus,
1348 2694 1501 2759 quoa*

156 2765 241 2827 derit
261 2769 429 2827 memoriae.
474 2765 694 2829 Grammaticus
713 2767 811 2827 drusii
841 2771 940 2829 omnia
970 2767 1104 2844 exempla
1133 2766 1274 2829 ediscere
1306 2770 1443 2830 saeve
1474 2762 1501 2825 h

156 2855 334 2915 carminibus
362 2856 447 2913 initio
477 2871 596 2930 operam
626 2853 709 2914 dedit
729 2851 917 2934 ἀκροστιχισι,
940 2855 1075 2933 gryphis,
1098 2860 1419 2933 anaffiemmettsaa'up
1436 2858 1502 2932 pt*

155 2959 245 3019 quam
269 2941 323 3001 hos
346 2960 383 3002 ex
405 2958 460 3002 seo
483 2944 586 3001 merito
610 2953 795 3002 contemnere
817 2946 914 3019 potuit
936 2941 1161 3002 convalescente
1191 2942 1334 3020 judicio,
1366 2954 1501 3023 earn

156 3037 202 3091 est
224 3032 307 3089 varia
331 3037 360 3089 et
384 3029 556 3089 difficillima
578 3030 735 3106 lyricorum
758 3046 883 3106 genera,
904 3032 1021 3106 scripsit
1043 3029 1138 3088 meles
1159 3029 1379 3104 Pindaricum,
1407 3028 1502 3107 a*

154 3115 381 3193 dithyrambica,
405 3120 542 3177 materias
565 3117 733 3193 complexus
755 3123 802 3177 est
823 3116 998 3177 insolentes:
1023 3116 1059 3176 de
1079 3116 1160 3176 Solle
1185 3121 1312 3194 quiete,
1336 3130 1403 3180 orta
1423 3116 1500 3177 Ιιῑ·

154 3221 234 3278 unm,
259 3204 388 3264 Abantis
410 3214 569 3283 prospectu
591 3207 622 3263 in
644 3204 778 3265 nebulas.
824 3206 1009 3282 aenigmatis
1031 3203 1199 3265 delectatus
1223 3206 1294 3279 luit,
1318 3208 1400 3268 salsa
1418 3204 1501 3264 aab·

155 3294 247 3350 simeo
269 3295 433 3366 quaesivit,
465 3292 614 3367 allegoriis
636 3294 678 3350 ita
701 3292 785 3364 lusit,
816 3301 849 3351 ut
871 3310 948 3369 quae
970 3300 1039 3352 sunt
1060 3293 1268 3353 minutissime
1298 3300 1501 3371 pertenet!

155 3386 186 3438 et
201 3380 330 3437 crinibus
346 3379 481 3438 traheret.
513 3379 546 3436 ln
563 3378 704 3437 imitando
721 3379 812 3438 verba
826 3381 886 3440 lore
901 3378 1018 3456 singula
1032 3382 1158 3439 retinere
1180 3381 1305 3440 studuit
1329 3372 1500 3441 renue

153 3482 237 3526 suam
261 3468 424 3527 materiam.
452 3466 485 3524 ln
501 3465 691 3541 problematis
705 3465 867 3526 scribendis
879 3466 1032 3543 peredere
1053 3465 1095 3524 illl
1119 3465 1283 3542 ῃιιοιιιιιι
1308 3464 1500 3547 galtimb

154 3570 244 3630 guam
266 3569 338 3629 prae
352 3569 458 3628 graeca
474 3551 652 3624 discendam,
676 3552 776 3612 studia
788 3551 938 3613 literarum
952 3570 1019 3613 esee
1033 3555 1149 3629 signum
1175 3556 1323 3615 interitus
1337 3554 1499 3617 Gen-h

154 3639 189 3698 lu
213 3640 389 3716 opponendo
412 3656 563 3715 nunquam
587 3641 744 3715 quicquam
776 3638 856 3716 qued
878 3656 936 3701 soe
958 3643 1002 3700 ita
1031 3649 1165 3701 censeret
1187 3643 1308 3703 attulit.
1355 3644 1392 3704 la
1411 3638 1499 3703 dul·

151 3726 257 3787 bendla
278 3729 340 3786 suis
363 3729 490 3785 inventis
513 3743 628 3802 semper
651 3727 732 3786 aliud
755 3727 854 3787 intulit
876 3730 904 3788 in
928 3728 1067 3787 mundum
1089 3744 1183 3803 quam
1216 3731 1277 3789 luit
1300 3733 1334 3789 ιι
1355 3726 1498 3806 aa&

153 3813 341 3875 Mathemats
361 3832 433 3892 prae
456 3817 560 3873 ceteris
583 3813 689 3873 studiis
711 3818 832 3874 ornarit
868 3815 904 3875 In
925 3814 1114 3892 philosophia
1136 3825 1255 3876 textum
1273 3817 1498 3891 ammador·

153 3900 235 3976 legit,
259 3906 448 3976 quaestiones
470 3903 643 3977 conscripsit
667 3903 695 3958 ιιι
719 3900 861 3979 Physica,
885 3903 991 3962 Ethiea
1012 3904 1070 3962 lure
1093 3902 1250 3978 neglexit,
1279 3909 1329 3965 aie
1351 3918 1383 3967 et
1402 3902 1497 3979 ’ΜΒ

154 3987 300 4062 neglectis
324 3989 482 4066 Aualytiea
504 3990 667 4065 posteriora
690 3993 804 4048 sumsit
842 3988 902 4049 Sed
917 3990 1060 4050 Planerus
1082 3989 1125 4048 illl
1149 3989 1202 4050 hio
1226 3991 1358 4069 placuit
1390 3990 1496 4065 lustr

153 4076 218 4132 sica
232 4073 416 4151 Scaligerum
430 4078 579 4151 susperit3
603 4078 632 4133 in
655 4075 732 4135 libro
755 4084 861 4151 quate
875 4075 1073 4137 licteerorum
1088 4077 1222 4137 inhaesit
1238 4084 1405 4158 praecipue
1415 4078 1496 4153 hp·

150 4159 251 4219 tande.
297 4161 331 4219 ln
354 4162 520 4239 Theolegia
542 4166 643 4222 statim
675 4165 759 4222 initio
783 4162 820 4223 de
842 4164 1110 4239 praedestinatione
1140 4167 1259 4242 incepit
1292 4176 1325 4228 et
1347 4172 1379 4226 in
1400 4162 1494 4226 lah*

149 4249 324 4307 maureium
347 4247 484 4309 deservo
501 4250 621 4309 arbitrio
644 4249 761 4324 incidlt3
784 4257 816 4310 et
836 4254 956 4322 mirum,
978 4268 1120 4311 annorum
1143 4251 1295 4314 uedeeim
1318 4255 1433 4333 ισιμ
1449 4248 1495 4311 1⁰·

149 4333 279 4409 bingam,
303 4342 336 4393 et
358 4339 521 4396 mitteretur
543 4336 585 4395 illi
610 4337 773 4414 disputatio
795 4337 832 4398 de
854 4339 1131 4416 praedestinatione,
1154 4339 1240 4401 unde
1263 4343 1296 4399 ιιι
1321 4340 1494 4420 dapum·

151 4420 272 4494 quidam
295 4438 362 4481 eum
386 4426 427 4482 ita
450 4427 587 4483 vexavit:
618 4424 757 4498 hiemant,
787 4423 844 4499 bell
865 4426 928 4495 autb
958 4428 1137 4485 tentationes
1160 4426 1201 4486 de
1225 4420 1493 4505 praedest'nstiul

148 4505 258 4566 Postea
281 4507 402 4568 Letheri
425 4514 603 4570 sententiam
627 4513 692 4589 ejus
720 4511 814 4572 libelli
841 4515 963 4573 missam
990 4513 1060 4573 lecit
1080 4521 1112 4572 et
1133 4531 1169 4573 ae
1192 4514 1236 4574 ad
1257 4521 1421 4578 untntn
1442 4524 1492 4571 1·

148 4590 270 4653 Ηιιιιιιιο
293 4600 467 4673 composuit.
515 4598 624 4657 Verum
646 4602 747 4659 statim
768 4604 987 4661 controversias
1009 4597 1083 4658 alias
1107 4600 1332 4665 Celsiniatieas
1362 4608 1491 4681 W

148 4679 331 4741 eumedium
355 4686 537 4760 interposuit,
562 4686 614 4744 toli
630 4687 718 4746 modo
732 4705 861 4764 pemeus
875 4688 932 4748 Dei
957 4688 1090 4760 conficta,
1114 4706 1206 4764 quem
1231 4682 1490 4767 ignoramus&

147 4766 196 4841 tlt,
217 4769 260 4828 sie
283 4771 313 4826 ln
336 4772 429 4830 verba
457 4789 568 4833 cocum
599 4773 800 4836 hebraismum
831 4775 1007 4838 inducendo.
1041 4775 1127 4837 ,(ιιιιι
1153 4777 1330 4855 aliquando
1359 4770 1488 4841 suan&
