3308 5534
683 375 799 450 nepos
816 389 898 434 mm·
948 424 950 428 -
1378 300 1452 447 921¹

86 555 159 616 milri
181 555 279 634 Praga
306 557 471 618 submissae
501 573 608 634 resque
635 558 852 637 typographica
883 556 922 619 ad
953 575 1048 619 meam
1077 557 1171 634 ipsius
1202 575 1301 617 ceram
1328 555 1442 631 recidit,

87 646 239 722 occupatis
268 645 354 704 nobis
384 647 413 704 in
442 645 543 721 proele
567 664 584 705 e
606 643 768 724 longinquo
799 646 978 723 asportando
1006 663 1203 722 supervenere
1233 643 1382 707 Calendae
1411 652 1444 706 at

87 730 186 791 adhue
211 732 384 808 prcmeris
407 736 475 792 anni
495 733 558 808 jam
581 735 709 795 ineuntis
732 735 925 795 Francoinrto
948 741 1097 794 revertens
1120 734 1222 793 haeret
1242 734 1271 790 in
1295 735 1408 794 itinera.

190 831 336 888 Dedicatio
353 832 567 902 Ephemeridum
584 833 672 903 partis
689 834 825 890 secundae
844 832 893 902 (sd
909 831 1038 888 Ananiae
1056 832 1177 900 ordines)
1202 833 1266 887 data
1283 839 1326 887 eet
1343 830 1444 900 Sagani

84 917 158 975 ldib.
182 918 258 989 Sept.
288 919 368 985 1630,
393 917 441 974 illa
464 919 549 987 partis
576 919 672 975 tertiae
697 919 781 987 (Julio
804 921 907 989 scripta
930 917 965 975 ad
986 918 1226 987 Wallenstenium)
1251 919 1320 975 lraeo
1345 919 1442 975 habet:

84 1001 199 1069 Naetns
233 1020 299 1063 sum
333 1000 478 1078 collegam
509 1002 547 1062 ad
579 1002 662 1080 Opus
693 1004 920 1080 Ephemeridnm
955 1004 1185 1064 continuandum
1220 1002 1440 1083 (Barbetium),

87 1131 196 1153 .....
212 1089 323 1165 Sagaai
357 1090 474 1149 absolvi
503 1097 614 1151 tornum
643 1091 722 1150 buna
744 1091 970 1168 Ephemeridnm
1002 1093 1032 1150 in
1058 1109 1151 1151 annos
1176 1097 1226 1152 20.
1266 1089 1445 1152 .....Sad

86 1177 233 1253 superfuit
255 1195 313 1236 non
337 1179 460 1237 minima
482 1177 660 1252 sollicitudo,
684 1178 833 1254 quomodo
847 1178 1050 1238 extruderetur
1066 1196 1142 1255 opns
1163 1181 1193 1239 in
1207 1177 1367 1256 publicum.
1385 1225 1392 1237 .
1409 1218 1442 1238 ..

84 1263 232 1325 Subvenit
254 1265 440 1324 incommodo
464 1265 693 1343 (autographum
716 1264 932 1327 uansmittandi
949 1267 977 1322 in
993 1265 1187 1343 longinquum
1202 1264 1443 1344 typograpirium)

84 1350 153 1411 Tua
175 1352 359 1426 benignitas,
380 1354 431 1429 qui
453 1369 584 1413 meorum
607 1369 728 1430 operum
749 1355 964 1430 promotionem
987 1371 1053 1413 enm
1076 1353 1203 1414 utilitato
1226 1355 1337 1413 civium
1356 1351 1444 1412 Tuo·

83 1456 148 1499 rum
172 1440 359 1515 eonjunxisti,
383 1439 533 1516 Saganum
556 1440 653 1499 Tuum
677 1440 890 1520 typographeio
913 1439 1153 1516 locupletandum
1176 1442 1326 1501 censuisti.
1352 1472 1391 1484 -

188 1538 351 1595 Precor-ibus
369 1539 508 1594 Lincianis
530 1540 632 1608 gratias
655 1540 712 1608 agir
730 1539 866 1609 Keplerns
889 1554 939 1608 pro
958 1537 1161 1604 benevolentia,
1186 1554 1242 1608 qua
1266 1543 1397 1606 acceptus
1414 1541 1445 1591 at

83 1624 213 1682 dimimns
225 1624 309 1680 iuerit
324 1641 396 1681 anno
412 1627 488 1695 1628,
508 1627 608 1682 exiisse
624 1628 735 1697 plenum
747 1625 856 1694 gaudio,
875 1625 947 1693 quod
961 1625 1091 1680 retineret
1101 1624 1278 1679 nihilominus
1292 1623 1444 1691 ,Patronus

12 1776 21 1793 Ι
83 1716 259 1771 consuetost.
299 1707 427 1784 ,Omnia
449 1709 528 1768 bona
549 1724 605 1767 sua
625 1726 726 1769 secum
752 1717 905 1786 exportare
934 1709 1077 1784 gloriatus
1100 1715 1145 1769 est
1168 1707 1217 1767 ille
1239 1704 1444 1783 philosophus,

89 1815 147 1875 ago
169 1814 241 1857 vero
264 1798 353 1856 etiam
378 1795 483 1855 Vestra
504 1812 619 1855 meeum
642 1804 713 1856 tnnc
733 1798 904 1872 exportari,
927 1795 1063 1873 pauculis
1085 1797 1158 1855 meis
1183 1795 1306 1855 Vestrae
1330 1789 1442 1853 tutelae

88 1884 209 1957 relictis,
233 1901 290 1943 non
315 1881 451 1959 equidem
476 1888 509 1941 ut
531 1881 593 1941 Vos
617 1882 821 1961 exspoliarem,
844 1882 897 1943 sed
921 1893 953 1942 ut
977 1884 1083 1945 atiaeta
1105 1881 1288 1960 perficerem,
1312 1880 1444 1959 perlaeta

83 1971 125 2033 ad
148 1988 203 2031 vos
225 1973 419 2032 remitterem:
444 1968 653 2047 Ephemerides
675 1971 729 2031 has
752 1973 872 2047 inquam
895 1988 1038 2031 armorum
1061 1976 1096 2044 8,
1127 1972 1295 2030 successive
1318 1983 1445 2048 compa·
1537 2002 1540 2008 -

84 2066 164 2120 tatas
187 2061 262 2119 inter
284 2075 369 2119 ouras
391 2057 573 2117 Tabularum
595 2057 746 2136 Rudelphi
776 2059 902 2133 majores
931 2061 1066 2135 interque
1097 2058 1203 2116 itinera
1229 2057 1391 2134 longinqua
1413 2061 1445 2115 at

84 2145 232 2218 diuturna,
256 2146 334 2206 domi
358 2147 447 2205 etiam
471 2161 529 2221 qna
552 2153 715 2220 temporum
732 2145 913 2219 difficultate,
938 2163 1025 2220 quam
1048 2145 1175 2204 infandis
1197 2143 1283 2203 malis
1306 2142 1443 2220 publicis,

83 2251 146 2294 non
178 2234 259 2295 lubet
289 2234 458 2294 meminisse
461 2273 571 2292 .....
618 2232 706 2293 Hane
736 2242 850 2309 partem
881 2230 986 2310 Operis
1015 2231 1284 2309 Epiremeridaaque
1313 2229 1449 2291 nondam.

83 2321 195 2394 editas,
225 2338 304 2381 nnnc
326 2338 396 2380 vero
419 2317 572 2379 absolutas
595 2319 652 2381 hoe
675 2322 739 2397 ipso
762 2328 907 2397 tempore,
940 2338 998 2395 quo
1022 2319 1060 2380 ad
1085 2319 1146 2379 Vos
1176 2336 1223 2378 me
1255 2332 1442 2379 curararum

82 2427 215 2470 mearum
239 2412 269 2467 in
290 2409 444 2484 provincia
466 2407 635 2466 relictarum
658 2409 802 2482 advocat,
826 2409 1013 2484 praemittere
1034 2406 1132 2478 volni,
1164 2414 1196 2465 ut
1218 2407 1348 2484 proxime
1370 2405 1445 2464 sub-

82 2503 223 2558 secuturo
254 2498 335 2555 viam
357 2494 396 2555 ad
417 2496 542 2572 gratiam
566 2494 703 2555 Vestram
729 2498 876 2574 aperirent
902 2495 1114 2572 essentiaeque
1146 2493 1291 2554 biennalis
1312 2495 1446 2553 rationes

83 2583 266 2662 expedirent.
292 2617 331 2628 -
669 2622 672 2627 -
1368 2615 1371 2622 -

189 2675 233 2729 Ad
254 2673 481 2735 „revolutionem“
502 2673 566 2728 anni
583 2673 636 2730 hoe
654 2673 882 2746 deprehendimus
901 2679 1075 2729 annotatum:
1107 2668 1186 2731 Natu
1207 2674 1253 2729 est
1273 2666 1335 2726 filia
1357 2666 1445 2729 Anus

82 2756 183 2818 Maria
208 2761 256 2816 18.
281 2756 391 2833 Aprilis
414 2755 534 2831 Sagani.
578 2757 735 2835 Baptisata
736 2801 869 2820 ......
893 2757 1032 2816 Patrimi:
1056 2758 1135 2816 Fran
1160 2755 1247 2815 Anna
1268 2755 1364 2814 Brisin
1387 2770 1443 2831 ge·

82 2862 177 2922 perna
207 2842 383 2914 Gellnitcin,
417 2843 512 2902 Adam
539 2844 639 2915 Briso,
670 2845 972 2906 'l'sehambansischer
995 2844 1185 2922 Hauptmann
1214 2860 1253 2902 ru
1274 2841 1442 2919 Hanwigs-

56 2930 213 3004 ⁴waldon,
240 2933 340 3007 Agnes
363 2930 503 3003 Wiserin,
527 2930 603 2992 Herr
626 2931 769 2997 Geminus
794 2932 914 3010 Capella
939 2930 985 2991 Ol.
1010 2930 1306 3009 Giitterhauptmann.

190 3032 328 3100 Keplerns
346 3040 378 3086 ut
397 3029 567 3085 distractioni
580 3031 794 3100 Epiremeridum
805 3031 976 3101 prospiceret
988 3029 1123 3100 simulque
1142 3028 1274 3098 pecunias
1291 3028 1320 3084 in
1330 3026 1443 3083 Austris

83 3118 228 3188 superiore
246 3125 340 3173 mutuo
360 3118 437 3172 datas
457 3118 544 3184 (certe
562 3120 685 3187 usurum)
705 3122 893 3188 extorqueret,
918 3134 969 3181 nec
988 3132 1042 3172 non
1060 3124 1091 3171 ut
1109 3118 1144 3171 ab
1162 3117 1330 3185 Imperatore
1349 3113 1444 3169 Ferdi·

82 3206 176 3263 nando
189 3207 224 3260 Π.
244 3213 301 3261 turn
320 3205 348 3259 in
367 3202 483 3259 comitiis
501 3202 670 3260 Ratisbonae
688 3213 814 3261 versante
831 3207 991 3274 impetraret
1009 3201 1173 3258 solutionem
1191 3201 1368 3272 pecuniarum
1382 3200 1442 3269 jam

81 3293 189 3364 pridem
207 3293 260 3362 ipsi
279 3292 481 3362 promissarum,
500 3291 575 3345 initio
589 3290 715 3346 Octobris
728 3293 835 3359 Sogane
855 3291 981 3347 discessit
998 3290 1093 3347 relicte
1111 3290 1149 3346 ibi
1167 3287 1276 3357 familia,
1295 3303 1379 3360 eques
1391 3304 1444 3358 per

79 3377 205 3448 Lipsiem
223 3378 280 3445 (irbi
297 3395 347 3449 per
365 3378 469 3445 aliquot
482 3377 539 3433 dies
552 3376 624 3447 apud
641 3379 756 3433 amioum
769 3379 916 3434 Mulierum
933 3380 1159 3447 commorabatur,
1178 3384 1252 3434 certe
1270 3393 1288 3433 a
1303 3377 1343 3432 tt.
1355 3390 1443 3445 usqua

80 3466 121 3522 ad
138 3466 181 3522 21.
202 3465 373 3534 Octobris⁸))
394 3464 572 3520 Ratisbonam
589 3464 725 3534 pervenit,
750 3465 814 3521 hino
830 3465 920 3522 iturus
937 3465 1069 3522 Linoium.
1106 3467 1210 3520 Fessus
1234 3465 1330 3519 itinera
1347 3463 1443 3534 paneis

79 3559 148 3623 post
165 3554 312 3610 adrentum
331 3553 430 3608 diebus
451 3551 602 3619 aegrotarit
620 3558 648 3607 et
664 3550 709 3607 die
726 3554 809 3621 5115.
826 3553 1128 3609 Novembdrmortuus
1147 3560 1197 3608 est.
1293 3560 1297 3567 '

188 3641 230 3695 De
248 3641 343 3694 morbo
362 3647 390 3694 et
408 3638 485 3693 obitu
503 3637 614 3706 Kepleri
632 3635 700 3693 hue‘e
717 3637 803 3693 refert
816 3639 967 3695 lintisbona
979 3639 1131 3710 Tubingam
1149 3640 1177 3695 S.
1195 3639 1313 3695 Lansius
1331 3639 1360 3693 in
1378 3636 1441 3693 lite·

81 3726 132 3795 ris,
151 3742 220 3795 quas
238 3727 266 3780 in
284 3725 419 3781 tabulario
438 3726 512 3794 regie
532 3725 737 3795 stuttgartiensi
750 3725 936 3797 deprehensas
954 3727 1104 3789 liberaliter
1116 3745 1176 3783 curn
1195 3728 1275 3785 nobis
1292 3725 1441 3785 eommuni-

79 3812 155 3868 carit
173 3812 302 3869 tabularii
320 3811 476 3881 praefectus
494 3813 529 3868 D.
547 3810 680 3867 Kanslar:

189 3899 269 3954 Salve
287 3906 314 3953 et
332 3906 362 3953 tn
376 3898 546 3954 literatorum
558 3906 586 3954 et
599 3901 748 3955 amicornm
766 3914 886 3956 meorum
899 3901 1036 3971 princeps,
1055 3907 1084 3956 et
1096 3916 1166 3970 qnae
1184 3900 1331 3957 Fischerns
1349 3908 1442 3958 noster

77 4004 136 4044 non
155 3987 193 4042 ita
210 3988 316 4056 pridem
335 3988 368 4042 de
381 3987 475 4042 ultimo
489 3985 619 4056 Keppleri
637 3985 734 4042 itinere
746 3988 781 4043 ad
799 3989 914 4043 amioum
927 3990 1064 4057 quendem
1076 3992 1233 4059 scripserat,
1252 3990 1347 4058 paucis
1360 3990 1442 4048 habe.

81 4075 227 4142 ,Intellexi
245 4091 280 4129 ex
297 4074 384 4130 literis
402 4074 469 4143 tuis,
495 4074 594 4129 lamam
613 4073 746 4131 demortui
764 4076 894 4144 Keppleri
913 4076 985 4144 apud
1004 4093 1052 4132 ves
1072 4076 1271 4145 percrebuisse.
1300 4076 1365 4132 Dixi
1380 4078 1439 4146 jam

79 4161 157 4231 quod
177 4161 246 4216 scire
265 4160 435 4218 desiderasti.
471 4162 536 4216 Fuit
554 4176 668 4232 nempe,
688 4160 742 4217 fnit
759 4169 788 4218 et
805 4162 874 4219 haul
901 4163 952 4218 tuit
969 4162 1016 4220 illa
1034 4164 1150 4220 Uraniae
1173 4164 1265 4221 anima
1281 4172 1310 4221 et
1326 4165 1441 4223 rixitin

188 4318 213 4388 *)
231 4323 352 4386 Superest
370 4325 430 4372 boec
448 4323 545 4373 seidnle
564 4337 595 4372 cr
612 4321 678 4372 libro
696 4320 988 4391 amicorumsJmamorise
1005 4331 1103 4375 sacrato
1122 4327 1252 4394 desumto,
1271 4342 1348 4394 quarn
1368 4328 1438 4392 liep-

79 4393 152 4443 ierus
171 4394 274 4458 Lipsiae
293 4395 406 4457 reliquit:
834 4452 837 4461 Ι

396 4478 517 4534 Radices
534 4479 629 4534 diam
647 4477 737 4549 Sopor
752 4480 864 4536 uirtutis
882 4495 1005 4536 amores.

397 4549 495 4603 Dulcis
513 4555 543 4604 ot
559 4548 672 4604 indulta
684 4556 801 4619 patrum
819 4556 859 4607 cst
877 4551 1035 4606 academice
1053 4552 1120 4607 sits.

399 4618 423 4672 0
441 4635 542 4686 coccos,
561 4626 696 4688 quantum
714 4626 754 4675 est
767 4621 910 4689 precantia
929 4623 1034 4676 amoris
1051 4623 1153 4677 inune!

134 4734 138 4741 ·
187 4703 310 4759 Joannes
328 4703 472 4772 Rapienda
492 4705 559 4772 Imp.
581 4705 657 4759 caes.
676 4705 841 4761 Fordinrmdi
860 4705 895 4760 Il.
914 4722 964 4762 nec
982 4724 1035 4761 non
1054 4706 1096 4761 lll.
1111 4707 1195 4763 Ducis
1208 4706 1344 4763 lieohelb.
1358 4706 1437 4762 Frid·

79 4775 191 4831 landiae
211 4783 239 4829 et
257 4775 357 4844 Sagani
375 4781 441 4839 ete,
460 4772 543 4828 Ordd.
561 4774 689 4830 Austriae
708 4776 931 4849 supr-baiardus
950 4777 1169 4835 Mathematicus.
1207 4778 1312 4849 Scripsi
1328 4777 1441 4851 Lipsiae

80 4846 143 4907 xit
164 4845 222 4907 Cal.
240 4846 373 4907 Novemb.
390 4844 470 4903 Anno
487 4844 654 4931 unum.
