<?xml version="1.0" encoding="UTF-8"?>
<!DOCTYPE html PUBLIC "-//W3C//DTD XHTML 1.0 Transitional//EN"
    "http://www.w3.org/TR/xhtml1/DTD/xhtml1-transitional.dtd">
<html xmlns="http://www.w3.org/1999/xhtml" xml:lang="en" lang="en">
 <head>
  <title>
</title>
<meta http-equiv="Content-Type" content="text/html;charset=utf-8" />
  <meta name='ocr-system' content='tesseract 3.04.00' />
  <meta name='ocr-capabilities' content='ocr_page ocr_carea ocr_par ocr_line ocrx_word'/>
</head>
<body>
  <div class='ocr_page' id='page_1' title='image "./joanniskepleria00frisgoog/joanniskepleria00frisgoog_0999.png"; bbox 0 0 3308 5534; ppageno 0'>
   <div class='ocr_carea' id='block_1_1' title="bbox 457 414 1424 491">
    <p class='ocr_par' dir='ltr' id='par_1_1' title="bbox 457 414 1424 491">
     <span class='ocr_line' id='line_1_1' title="bbox 457 414 1424 491; baseline 0.001 -16"><span class='ocrx_word' id='word_1_1' title='bbox 457 416 570 491; x_wconf 82' lang='lat' dir='ltr'>Kepleri</span> <span class='ocrx_word' id='word_1_2' title='bbox 586 414 728 477; x_wconf 76' lang='lat' dir='ltr'>lituum</span> <span class='ocrx_word' id='word_1_3' title='bbox 745 414 838 475; x_wconf 82' lang='lat' dir='ltr'>studia</span> <span class='ocrx_word' id='word_1_4' title='bbox 853 422 883 475; x_wconf 87' lang='lat' dir='ltr'>et</span> <span class='ocrx_word' id='word_1_5' title='bbox 900 414 1035 477; x_wconf 80' lang='lat' dir='ltr'>doctrine.</span> <span class='ocrx_word' id='word_1_6' title='bbox 1360 414 1424 487; x_wconf 75' lang='lat'>995</span> 
     </span>
    </p>
   </div>
   <div class='ocr_carea' id='block_1_2' title="bbox 10 594 1432 4780">
    <p class='ocr_par' dir='ltr' id='par_1_2' title="bbox 10 594 1427 1985">
     <span class='ocr_line' id='line_1_2' title="bbox 65 594 1426 675; baseline -0.001 -16"><span class='ocrx_word' id='word_1_7' title='bbox 65 600 140 659; x_wconf 70' lang='lat' dir='ltr'>nte</span> <span class='ocrx_word' id='word_1_8' title='bbox 161 594 311 657; x_wconf 84' lang='lat' dir='ltr'>(llrristum</span> <span class='ocrx_word' id='word_1_9' title='bbox 333 604 363 658; x_wconf 88' lang='lat' dir='ltr'>et</span> <span class='ocrx_word' id='word_1_10' title='bbox 385 598 425 658; x_wconf 90' lang='lat' dir='ltr'>ab</span> <span class='ocrx_word' id='word_1_11' title='bbox 446 598 658 675; x_wconf 81' lang='lat' dir='ltr'>antiquissimis</span> <span class='ocrx_word' id='word_1_12' title='bbox 672 598 838 675; x_wconf 83' lang='lat' dir='ltr'>ignoratam</span> <span class='ocrx_word' id='word_1_13' title='bbox 852 614 920 659; x_wconf 84' lang='lat' dir='ltr'>esse</span> <span class='ocrx_word' id='word_1_14' title='bbox 933 600 1181 672; x_wconf 71' lang='lat' dir='ltr'>resurrectionem,</span> <span class='ocrx_word' id='word_1_15' title='bbox 1205 596 1258 659; x_wconf 94' lang='lat' dir='ltr'>iilo</span> <span class='ocrx_word' id='word_1_16' title='bbox 1280 596 1426 657; x_wconf 79' lang='lat' dir='ltr'>eluserunt</span> 
     </span>
     <span class='ocr_line' id='line_1_3' title="bbox 66 682 1426 763; baseline 0.001 -20"><span class='ocrx_word' id='word_1_17' title='bbox 66 682 156 745; x_wconf 86' lang='lat' dir='ltr'>iilum</span> <span class='ocrx_word' id='word_1_18' title='bbox 177 687 339 746; x_wconf 76' lang='lat' dir='ltr'>certamine</span> <span class='ocrx_word' id='word_1_19' title='bbox 360 687 497 763; x_wconf 89' lang='lat' dir='ltr'>partium,</span> <span class='ocrx_word' id='word_1_20' title='bbox 520 687 578 746; x_wconf 91' lang='lat' dir='ltr'>iruc</span> <span class='ocrx_word' id='word_1_21' title='bbox 599 685 658 747; x_wconf 89' lang='lat' dir='ltr'>loci</span> <span class='ocrx_word' id='word_1_22' title='bbox 681 687 798 746; x_wconf 89' lang='lat' dir='ltr'>obscuri</span> <span class='ocrx_word' id='word_1_23' title='bbox 818 702 966 747; x_wconf 77' lang='lat' dir='ltr'>maturum</span> <span class='ocrx_word' id='word_1_24' title='bbox 987 686 1146 749; x_wconf 88' lang='lat' dir='ltr'>literarum.</span> <span class='ocrx_word' id='word_1_25' title='bbox 1176 686 1273 745; x_wconf 83' lang='lat' dir='ltr'>Etiam</span> <span class='ocrx_word' id='word_1_26' title='bbox 1287 685 1426 763; x_wconf 85' lang='lat' dir='ltr'>gentibus</span> 
     </span>
     <span class='ocr_line' id='line_1_4' title="bbox 66 772 1426 850; baseline 0.001 -19"><span class='ocrx_word' id='word_1_27' title='bbox 66 786 128 831; x_wconf 84' lang='lat' dir='ltr'>narr</span> <span class='ocrx_word' id='word_1_28' title='bbox 161 772 359 834; x_wconf 91' lang='lat' dir='ltr'>omnimodam</span> <span class='ocrx_word' id='word_1_29' title='bbox 391 774 609 834; x_wconf 77' lang='lat' dir='ltr'><strong>damnationem</strong></span> <span class='ocrx_word' id='word_1_30' title='bbox 642 776 824 850; x_wconf 87' lang='lat' dir='ltr'>propositam</span> <span class='ocrx_word' id='word_1_31' title='bbox 863 776 1058 846; x_wconf 83' lang='lat' dir='ltr'>existimarit,</span> <span class='ocrx_word' id='word_1_32' title='bbox 1092 782 1190 834; x_wconf 90' lang='lat' dir='ltr'>motus</span> <span class='ocrx_word' id='word_1_33' title='bbox 1223 774 1426 849; x_wconf 86' lang='lat' dir='ltr'>speculatione</span> 
     </span>
     <span class='ocr_line' id='line_1_5' title="bbox 67 859 1424 938; baseline 0 -19"><span class='ocrx_word' id='word_1_34' title='bbox 67 859 289 921; x_wconf 77' lang='lat' dir='ltr'>nuadcordrae</span> <span class='ocrx_word' id='word_1_35' title='bbox 316 860 444 921; x_wconf 88' lang='lat' dir='ltr'>dirinae.</span> <span class='ocrx_word' id='word_1_36' title='bbox 488 860 523 920; x_wconf 91' lang='lat' dir='ltr'>ln</span> <span class='ocrx_word' id='word_1_37' title='bbox 545 860 672 921; x_wconf 81' lang='lat' dir='ltr'>mathesi</span> <span class='ocrx_word' id='word_1_38' title='bbox 693 860 786 920; x_wconf 91' lang='lat' dir='ltr'>muita</span> <span class='ocrx_word' id='word_1_39' title='bbox 808 863 931 921; x_wconf 90' lang='lat' dir='ltr'>rimatus</span> <span class='ocrx_word' id='word_1_40' title='bbox 954 871 1000 922; x_wconf 89' lang='lat' dir='ltr'>est</span> <span class='ocrx_word' id='word_1_41' title='bbox 1022 864 1108 938; x_wconf 88' lang='lat' dir='ltr'>quasi</span> <span class='ocrx_word' id='word_1_42' title='bbox 1131 878 1188 921; x_wconf 92' lang='lat' dir='ltr'>non</span> <span class='ocrx_word' id='word_1_43' title='bbox 1212 864 1271 919; x_wconf 91' lang='lat' dir='ltr'>sint</span> <span class='ocrx_word' id='word_1_44' title='bbox 1292 864 1424 934; x_wconf 82' lang='lat' dir='ltr'>inuenta,</span> 
     </span>
     <span class='ocr_line' id='line_1_6' title="bbox 66 946 1425 1025; baseline 0.001 -18"><span class='ocrx_word' id='word_1_45' title='bbox 66 962 150 1023; x_wconf 73' lang='lat' dir='ltr'>quse</span> <span class='ocrx_word' id='word_1_46' title='bbox 178 956 247 1023; x_wconf 87' lang='lat' dir='ltr'>post</span> <span class='ocrx_word' id='word_1_47' title='bbox 270 948 334 1025; x_wconf 75' lang='lat' dir='ltr'>jaus</span> <span class='ocrx_word' id='word_1_48' title='bbox 365 956 434 1009; x_wconf 91' lang='lat' dir='ltr'>anta</span> <span class='ocrx_word' id='word_1_49' title='bbox 462 950 584 1008; x_wconf 79' lang='lat' dir='ltr'>inventa</span> <span class='ocrx_word' id='word_1_50' title='bbox 612 947 694 1011; x_wconf 83' lang='lat' dir='ltr'>vidit.</span> <span class='ocrx_word' id='word_1_51' title='bbox 744 946 939 1025; x_wconf 80' lang='lat' dir='ltr'>Horologium</span> <span class='ocrx_word' id='word_1_52' title='bbox 968 949 1097 1010; x_wconf 87' lang='lat' dir='ltr'>coeleste</span> <span class='ocrx_word' id='word_1_53' title='bbox 1125 948 1279 1020; x_wconf 87' lang='lat' dir='ltr'>confinxit,</span> <span class='ocrx_word' id='word_1_54' title='bbox 1315 964 1425 1009; x_wconf 85' lang='lat' dir='ltr'>noram</span> 
     </span>
     <span class='ocr_line' id='line_1_7' title="bbox 67 1032 1426 1113; baseline 0 -18"><span class='ocrx_word' id='word_1_55' title='bbox 67 1032 215 1095; x_wconf 84' lang='lat' dir='ltr'>tbeerfam</span> <span class='ocrx_word' id='word_1_56' title='bbox 238 1044 268 1095; x_wconf 85' lang='lat' dir='ltr'>et</span> <span class='ocrx_word' id='word_1_57' title='bbox 289 1037 422 1112; x_wconf 87' lang='lat' dir='ltr'>inprimis</span> <span class='ocrx_word' id='word_1_58' title='bbox 443 1038 572 1111; x_wconf 88' lang='lat' dir='ltr'>quinque</span> <span class='ocrx_word' id='word_1_59' title='bbox 594 1050 726 1113; x_wconf 89' lang='lat' dir='ltr'>corpora,</span> <span class='ocrx_word' id='word_1_60' title='bbox 750 1034 883 1096; x_wconf 85' lang='lat' dir='ltr'>difficilia</span> <span class='ocrx_word' id='word_1_61' title='bbox 906 1038 1013 1096; x_wconf 84' lang='lat' dir='ltr'>omnia.</span> <span class='ocrx_word' id='word_1_62' title='bbox 1052 1036 1086 1094; x_wconf 95' lang='lat' dir='ltr'>in</span> <span class='ocrx_word' id='word_1_63' title='bbox 1109 1035 1239 1096; x_wconf 88' lang='lat' dir='ltr'>historiis</span> <span class='ocrx_word' id='word_1_64' title='bbox 1261 1034 1426 1095; x_wconf 84' lang='lat' dir='ltr'>bebdoma-</span> 
     </span>
     <span class='ocr_line' id='line_1_8' title="bbox 67 1120 1425 1201; baseline 0 -20"><span class='ocrx_word' id='word_1_65' title='bbox 67 1120 126 1181; x_wconf 83' lang='lat' dir='ltr'>das</span> <span class='ocrx_word' id='word_1_66' title='bbox 149 1120 285 1182; x_wconf 86' lang='lat' dir='ltr'>Danielis</span> <span class='ocrx_word' id='word_1_67' title='bbox 307 1123 392 1183; x_wconf 90' lang='lat' dir='ltr'>aliter</span> <span class='ocrx_word' id='word_1_68' title='bbox 414 1123 575 1199; x_wconf 85' lang='lat' dir='ltr'>explicavit</span> <span class='ocrx_word' id='word_1_69' title='bbox 596 1127 659 1195; x_wconf 85' lang='lat' dir='ltr'>(cir.</span> <span class='ocrx_word' id='word_1_70' title='bbox 678 1127 732 1183; x_wconf 84' lang='lat' dir='ltr'>roi.</span> <span class='ocrx_word' id='word_1_71' title='bbox 752 1127 813 1183; x_wconf 86' lang='lat' dir='ltr'>Vii.</span> <span class='ocrx_word' id='word_1_72' title='bbox 832 1144 859 1197; x_wconf 92' lang='lat' dir='ltr'>p.</span> <span class='ocrx_word' id='word_1_73' title='bbox 877 1129 930 1184; x_wconf 80' lang='lat'>803</span> <span class='ocrx_word' id='word_1_74' title='bbox 949 1130 1011 1197; x_wconf 80' lang='lat' dir='ltr'>ss),</span> <span class='ocrx_word' id='word_1_75' title='bbox 1034 1140 1144 1183; x_wconf 85' lang='lat' dir='ltr'>noram</span> <span class='ocrx_word' id='word_1_76' title='bbox 1162 1124 1338 1201; x_wconf 80' lang='lat' dir='ltr'>Assyriacae</span> <span class='ocrx_word' id='word_1_77' title='bbox 1360 1136 1425 1181; x_wconf 89' lang='lat' dir='ltr'>mo·</span> 
     </span>
     <span class='ocr_line' id='line_1_9' title="bbox 67 1209 1427 1286; baseline 0 -17"><span class='ocrx_word' id='word_1_78' title='bbox 67 1209 209 1269; x_wconf 63' lang='lat' dir='ltr'>trebiae</span> <span class='ocrx_word' id='word_1_79' title='bbox 243 1210 395 1269; x_wconf 79' lang='lat' dir='ltr'>historiam</span> <span class='ocrx_word' id='word_1_80' title='bbox 430 1213 547 1286; x_wconf 87' lang='lat' dir='ltr'>scripsit</span> <span class='ocrx_word' id='word_1_81' title='bbox 573 1210 1011 1284; x_wconf 61' lang='lat' dir='ltr'>ril.13&#39;lss.),0elsndarlum</span> <span class='ocrx_word' id='word_1_82' title='bbox 1043 1212 1207 1271; x_wconf 85' lang='lat' dir='ltr'>Romanum</span> <span class='ocrx_word' id='word_1_83' title='bbox 1237 1212 1427 1286; x_wconf 85' lang='lat' dir='ltr'>investigarit</span> 
     </span>
     <span class='ocr_line' id='line_1_10' title="bbox 65 1297 1427 1376; baseline 0.001 -21"><span class='ocrx_word' id='word_1_84' title='bbox 65 1298 288 1369; x_wconf 59' lang='lat' dir='ltr'>(tilienses).</span> <span class='ocrx_word' id='word_1_85' title='bbox 327 1297 360 1356; x_wconf 81' lang='lat' dir='ltr'>ie</span> <span class='ocrx_word' id='word_1_86' title='bbox 384 1300 461 1356; x_wconf 90' lang='lat' dir='ltr'>omni</span> <span class='ocrx_word' id='word_1_87' title='bbox 485 1314 592 1373; x_wconf 85' lang='lat' dir='ltr'>genere</span> <span class='ocrx_word' id='word_1_88' title='bbox 613 1299 828 1376; x_wconf 68' lang='lat' dir='ltr'>professionum</span> <span class='ocrx_word' id='word_1_89' title='bbox 851 1297 1027 1375; x_wconf 90' lang='lat' dir='ltr'>disputando</span> <span class='ocrx_word' id='word_1_90' title='bbox 1051 1298 1185 1371; x_wconf 78' lang='lat' dir='ltr'>inhaesit,</span> <span class='ocrx_word' id='word_1_91' title='bbox 1209 1297 1351 1357; x_wconf 88' lang='lat' dir='ltr'>lectiones</span> <span class='ocrx_word' id='word_1_92' title='bbox 1372 1314 1427 1356; x_wconf 83' lang='lat' dir='ltr'>ex·</span> 
     </span>
     <span class='ocr_line' id='line_1_11' title="bbox 66 1382 1426 1462; baseline 0.001 -19"><span class='ocrx_word' id='word_1_93' title='bbox 66 1382 198 1443; x_wconf 69' lang='lat' dir='ltr'>uates</span> <span class='ocrx_word' id='word_1_94' title='bbox 235 1382 286 1443; x_wconf 90' lang='lat' dir='ltr'>Sic</span> <span class='ocrx_word' id='word_1_95' title='bbox 307 1388 395 1443; x_wconf 88' lang='lat' dir='ltr'>etiarn</span> <span class='ocrx_word' id='word_1_96' title='bbox 418 1385 535 1445; x_wconf 82' lang='lat' dir='ltr'>clientas</span> <span class='ocrx_word' id='word_1_97' title='bbox 555 1388 679 1462; x_wconf 75' lang='lat' dir='ltr'>exiguus</span> <span class='ocrx_word' id='word_1_98' title='bbox 692 1402 711 1445; x_wconf 90' lang='lat' dir='ltr'>a</span> <span class='ocrx_word' id='word_1_99' title='bbox 726 1400 759 1446; x_wconf 88' lang='lat' dir='ltr'>se</span> <span class='ocrx_word' id='word_1_100' title='bbox 773 1388 896 1462; x_wconf 86' lang='lat' dir='ltr'>scriptas</span> <span class='ocrx_word' id='word_1_101' title='bbox 918 1389 1098 1459; x_wconf 85' lang='lat' dir='ltr'>asservavit,</span> <span class='ocrx_word' id='word_1_102' title='bbox 1121 1385 1211 1445; x_wconf 90' lang='lat' dir='ltr'>libros</span> <span class='ocrx_word' id='word_1_103' title='bbox 1234 1398 1426 1461; x_wconf 88' lang='lat' dir='ltr'>quoscunque</span> 
     </span>
     <span class='ocr_line' id='line_1_12' title="bbox 67 1469 1426 1549; baseline 0 -18"><span class='ocrx_word' id='word_1_104' title='bbox 67 1469 189 1531; x_wconf 67' lang='lat' dir='ltr'>oblatu</span> <span class='ocrx_word' id='word_1_105' title='bbox 209 1477 349 1547; x_wconf 85' lang='lat' dir='ltr'>tanquam</span> <span class='ocrx_word' id='word_1_106' title='bbox 372 1473 460 1531; x_wconf 90' lang='lat' dir='ltr'>utiles</span> <span class='ocrx_word' id='word_1_107' title='bbox 483 1471 552 1531; x_wconf 91' lang='lat' dir='ltr'>olim</span> <span class='ocrx_word' id='word_1_108' title='bbox 567 1474 680 1533; x_wconf 91' lang='lat' dir='ltr'>futuros</span> <span class='ocrx_word' id='word_1_109' title='bbox 695 1472 844 1533; x_wconf 87' lang='lat' dir='ltr'>mordicus</span> <span class='ocrx_word' id='word_1_110' title='bbox 864 1475 992 1533; x_wconf 90' lang='lat' dir='ltr'>retinnit.</span> <span class='ocrx_word' id='word_1_111' title='bbox 1022 1473 1152 1549; x_wconf 80' lang='lat' dir='ltr'>Tempus</span> <span class='ocrx_word' id='word_1_112' title='bbox 1168 1474 1318 1531; x_wconf 83' lang='lat' dir='ltr'>minimum</span> <span class='ocrx_word' id='word_1_113' title='bbox 1333 1471 1426 1531; x_wconf 86' lang='lat' dir='ltr'>dilabi</span> 
     </span>
     <span class='ocr_line' id='line_1_13' title="bbox 10 1558 1424 1634; baseline -0.001 -17"><span class='ocrx_word' id='word_1_114' title='bbox 10 1584 17 1601; x_wconf 92' lang='lat'><strong>·</strong></span> <span class='ocrx_word' id='word_1_115' title='bbox 64 1574 159 1634; x_wconf 80' lang='lat' dir='ltr'>aegra</span> <span class='ocrx_word' id='word_1_116' title='bbox 181 1558 261 1631; x_wconf 78' lang='lat' dir='ltr'>tatic,</span> <span class='ocrx_word' id='word_1_117' title='bbox 292 1561 436 1619; x_wconf 78' lang='lat' dir='ltr'>abstinuit</span> <span class='ocrx_word' id='word_1_118' title='bbox 465 1558 616 1619; x_wconf 87' lang='lat' dir='ltr'>bominum</span> <span class='ocrx_word' id='word_1_119' title='bbox 643 1560 790 1620; x_wconf 88' lang='lat' dir='ltr'>consortio</span> <span class='ocrx_word' id='word_1_120' title='bbox 820 1568 921 1619; x_wconf 88' lang='lat' dir='ltr'>contra</span> <span class='ocrx_word' id='word_1_121' title='bbox 944 1560 1120 1634; x_wconf 89' lang='lat' dir='ltr'>cupiditates</span> <span class='ocrx_word' id='word_1_122' title='bbox 1143 1578 1222 1620; x_wconf 88' lang='lat' dir='ltr'>suas.</span> <span class='ocrx_word' id='word_1_123' title='bbox 1266 1559 1372 1618; x_wconf 78' lang='lat' dir='ltr'>Tenus</span> <span class='ocrx_word' id='word_1_124' title='bbox 1394 1561 1424 1616; x_wconf 91' lang='lat' dir='ltr'>ln</span> 
     </span>
     <span class='ocr_line' id='line_1_14' title="bbox 64 1646 1425 1724; baseline 0.001 -19"><span class='ocrx_word' id='word_1_125' title='bbox 64 1662 101 1705; x_wconf 86' lang='lat' dir='ltr'>re</span> <span class='ocrx_word' id='word_1_126' title='bbox 123 1646 293 1722; x_wconf 85' lang='lat' dir='ltr'>pecuniaria</span> <span class='ocrx_word' id='word_1_127' title='bbox 317 1649 454 1719; x_wconf 91' lang='lat' dir='ltr'>nimium,</span> <span class='ocrx_word' id='word_1_128' title='bbox 478 1650 508 1704; x_wconf 93' lang='lat' dir='ltr'>in</span> <span class='ocrx_word' id='word_1_129' title='bbox 532 1651 705 1708; x_wconf 86' lang='lat' dir='ltr'>oeconomia</span> <span class='ocrx_word' id='word_1_130' title='bbox 726 1648 852 1724; x_wconf 78' lang='lat' dir='ltr'>rigidus,</span> <span class='ocrx_word' id='word_1_131' title='bbox 884 1650 1145 1707; x_wconf 89' lang='lat' dir='ltr'>minutissimorum</span> <span class='ocrx_word' id='word_1_132' title='bbox 1168 1663 1284 1719; x_wconf 90' lang='lat' dir='ltr'>censor,</span> <span class='ocrx_word' id='word_1_133' title='bbox 1315 1647 1425 1722; x_wconf 83' lang='lat' dir='ltr'>quibes</span> 
     </span>
     <span class='ocr_line' id='line_1_15' title="bbox 64 1732 1427 1811; baseline -0.001 -18"><span class='ocrx_word' id='word_1_134' title='bbox 64 1733 208 1793; x_wconf 84' lang='lat' dir='ltr'>omnibus</span> <span class='ocrx_word' id='word_1_135' title='bbox 222 1740 338 1809; x_wconf 91' lang='lat' dir='ltr'>tempus</span> <span class='ocrx_word' id='word_1_136' title='bbox 354 1734 523 1795; x_wconf 76' lang='lat' dir='ltr'>extrahitur.</span> <span class='ocrx_word' id='word_1_137' title='bbox 555 1736 680 1795; x_wconf 59' lang='lat' dir='ltr'>isaborie</span> <span class='ocrx_word' id='word_1_138' title='bbox 696 1738 809 1795; x_wconf 82' lang='lat' dir='ltr'>interae</span> <span class='ocrx_word' id='word_1_139' title='bbox 823 1738 1066 1811; x_wconf 87' lang='lat' dir='ltr'>pertaesissimos,</span> <span class='ocrx_word' id='word_1_140' title='bbox 1091 1735 1166 1797; x_wconf 90' lang='lat' dir='ltr'>adeo</span> <span class='ocrx_word' id='word_1_141' title='bbox 1183 1741 1215 1793; x_wconf 90' lang='lat' dir='ltr'>nt</span> <span class='ocrx_word' id='word_1_142' title='bbox 1230 1734 1295 1794; x_wconf 91' lang='lat' dir='ltr'>sola</span> <span class='ocrx_word' id='word_1_143' title='bbox 1309 1732 1427 1811; x_wconf 90' lang='lat' dir='ltr'>cupidi-</span> 
     </span>
     <span class='ocr_line' id='line_1_16' title="bbox 65 1822 1427 1899; baseline 0.001 -20"><span class='ocrx_word' id='word_1_144' title='bbox 65 1827 134 1879; x_wconf 88' lang='lat' dir='ltr'>tate</span> <span class='ocrx_word' id='word_1_145' title='bbox 155 1822 322 1880; x_wconf 89' lang='lat' dir='ltr'>retineatur.</span> <span class='ocrx_word' id='word_1_146' title='bbox 368 1822 403 1879; x_wconf 79' lang='lat' dir='ltr'>Et</span> <span class='ocrx_word' id='word_1_147' title='bbox 426 1830 523 1881; x_wconf 78' lang='lat' dir='ltr'>minen</span> <span class='ocrx_word' id='word_1_148' title='bbox 546 1822 668 1899; x_wconf 90' lang='lat' dir='ltr'>pulchra</span> <span class='ocrx_word' id='word_1_149' title='bbox 699 1830 767 1883; x_wconf 88' lang='lat' dir='ltr'>sunt</span> <span class='ocrx_word' id='word_1_150' title='bbox 789 1838 867 1899; x_wconf 88' lang='lat' dir='ltr'>quae</span> <span class='ocrx_word' id='word_1_151' title='bbox 889 1825 1012 1899; x_wconf 87' lang='lat' dir='ltr'>appetiit</span> <span class='ocrx_word' id='word_1_152' title='bbox 1035 1824 1134 1882; x_wconf 89' lang='lat' dir='ltr'>omnia</span> <span class='ocrx_word' id='word_1_153' title='bbox 1157 1824 1372 1898; x_wconf 83' lang='lat' dir='ltr'>raritatemque</span> <span class='ocrx_word' id='word_1_154' title='bbox 1394 1830 1427 1882; x_wconf 91' lang='lat' dir='ltr'>ut</span> 
     </span>
     <span class='ocr_line' id='line_1_17' title="bbox 67 1906 644 1985; baseline 0.002 -18"><span class='ocrx_word' id='word_1_155' title='bbox 67 1906 231 1985; x_wconf 83' lang='lat' dir='ltr'>plurimum</span> <span class='ocrx_word' id='word_1_156' title='bbox 259 1908 314 1967; x_wconf 90' lang='lat' dir='ltr'>fuit</span> <span class='ocrx_word' id='word_1_157' title='bbox 341 1912 543 1968; x_wconf 84' lang='lat' dir='ltr'>consecutus.“</span> <span class='ocrx_word' id='word_1_158' title='bbox 640 1932 644 1941; x_wconf 94' lang='lat'>·</span> 
     </span>
    </p>

    <p class='ocr_par' dir='ltr' id='par_1_3' title="bbox 48 1993 1432 4780">
     <span class='ocr_line' id='line_1_18' title="bbox 175 1993 1424 2072; baseline 0.002 -19"><span class='ocrx_word' id='word_1_159' title='bbox 175 1993 246 2053; x_wconf 78' lang='lat' dir='ltr'>dem</span> <span class='ocrx_word' id='word_1_160' title='bbox 277 1996 457 2072; x_wconf 90' lang='lat' dir='ltr'>astrologum</span> <span class='ocrx_word' id='word_1_161' title='bbox 481 2014 570 2072; x_wconf 82' lang='lat' dir='ltr'>egens</span> <span class='ocrx_word' id='word_1_162' title='bbox 592 2014 627 2056; x_wconf 83' lang='lat' dir='ltr'>cx</span> <span class='ocrx_word' id='word_1_163' title='bbox 650 1995 833 2072; x_wconf 84' lang='lat' dir='ltr'>planetarum</span> <span class='ocrx_word' id='word_1_164' title='bbox 860 1995 934 2055; x_wconf 89' lang='lat' dir='ltr'>locis</span> <span class='ocrx_word' id='word_1_165' title='bbox 962 1996 1017 2055; x_wconf 88' lang='lat' dir='ltr'>has</span> <span class='ocrx_word' id='word_1_166' title='bbox 1045 1995 1116 2056; x_wconf 89' lang='lat' dir='ltr'>dicit</span> <span class='ocrx_word' id='word_1_167' title='bbox 1145 1997 1234 2055; x_wconf 89' lang='lat' dir='ltr'>animi</span> <span class='ocrx_word' id='word_1_168' title='bbox 1258 2003 1288 2055; x_wconf 90' lang='lat' dir='ltr'>et</span> <span class='ocrx_word' id='word_1_169' title='bbox 1310 2012 1424 2056; x_wconf 90' lang='lat' dir='ltr'>morum</span> 
     </span>
     <span class='ocr_line' id='line_1_19' title="bbox 62 2082 1429 2159; baseline 0.001 -18"><span class='ocrx_word' id='word_1_170' title='bbox 62 2086 152 2141; x_wconf 76' lang='lat' dir='ltr'>enar</span> <span class='ocrx_word' id='word_1_171' title='bbox 172 2098 239 2141; x_wconf 85' lang='lat' dir='ltr'>esse</span> <span class='ocrx_word' id='word_1_172' title='bbox 253 2082 427 2158; x_wconf 79' lang='lat' dir='ltr'>qualitates:</span> <span class='ocrx_word' id='word_1_173' title='bbox 454 2083 635 2158; x_wconf 85' lang='lat' dir='ltr'>„Mercurius</span> <span class='ocrx_word' id='word_1_174' title='bbox 656 2087 687 2143; x_wconf 94' lang='lat' dir='ltr'>in</span> <span class='ocrx_word' id='word_1_175' title='bbox 708 2085 834 2159; x_wconf 86' lang='lat' dir='ltr'>septima</span> <span class='ocrx_word' id='word_1_176' title='bbox 850 2083 1028 2143; x_wconf 80' lang='lat' dir='ltr'>celeritatem</span> <span class='ocrx_word' id='word_1_177' title='bbox 1051 2093 1082 2144; x_wconf 89' lang='lat' dir='ltr'>et</span> <span class='ocrx_word' id='word_1_178' title='bbox 1104 2084 1215 2144; x_wconf 83' lang='lat' dir='ltr'>laboris</span> <span class='ocrx_word' id='word_1_179' title='bbox 1238 2083 1352 2157; x_wconf 67' lang='lat' dir='ltr'>odium</span> <span class='ocrx_word' id='word_1_180' title='bbox 1376 2084 1429 2144; x_wconf 91' lang='lat' dir='ltr'>Sol</span> 
     </span>
     <span class='ocr_line' id='line_1_20' title="bbox 62 2168 1429 2247; baseline 0.002 -20"><span class='ocrx_word' id='word_1_181' title='bbox 62 2170 99 2227; x_wconf 81' lang='lat' dir='ltr'>ln</span> <span class='ocrx_word' id='word_1_182' title='bbox 129 2168 229 2227; x_wconf 82' lang='lat' dir='ltr'>sextili</span> <span class='ocrx_word' id='word_1_183' title='bbox 250 2169 369 2228; x_wconf 78' lang='lat' dir='ltr'>Saturni</span> <span class='ocrx_word' id='word_1_184' title='bbox 400 2171 582 2247; x_wconf 86' lang='lat' dir='ltr'>diligentiam</span> <span class='ocrx_word' id='word_1_185' title='bbox 605 2176 635 2231; x_wconf 89' lang='lat' dir='ltr'>et</span> <span class='ocrx_word' id='word_1_186' title='bbox 661 2173 850 2231; x_wconf 89' lang='lat' dir='ltr'>tenacitatem</span> <span class='ocrx_word' id='word_1_187' title='bbox 877 2171 1053 2247; x_wconf 87' lang='lat' dir='ltr'>significant.</span> <span class='ocrx_word' id='word_1_188' title='bbox 1099 2170 1183 2230; x_wconf 88' lang='lat' dir='ltr'>Haec</span> <span class='ocrx_word' id='word_1_189' title='bbox 1215 2171 1273 2232; x_wconf 90' lang='lat' dir='ltr'>duo</span> <span class='ocrx_word' id='word_1_190' title='bbox 1301 2177 1370 2231; x_wconf 91' lang='lat' dir='ltr'>sunt</span> <span class='ocrx_word' id='word_1_191' title='bbox 1398 2173 1429 2230; x_wconf 91' lang='lat' dir='ltr'>ln</span> 
     </span>
     <span class='ocr_line' id='line_1_21' title="bbox 63 2254 1430 2337; baseline 0.001 -22"><span class='ocrx_word' id='word_1_192' title='bbox 63 2254 189 2315; x_wconf 76' lang='lat' dir='ltr'>bomine</span> <span class='ocrx_word' id='word_1_193' title='bbox 213 2259 375 2317; x_wconf 88' lang='lat' dir='ltr'>contraria:</span> <span class='ocrx_word' id='word_1_194' title='bbox 398 2266 540 2335; x_wconf 88' lang='lat' dir='ltr'>perpetuo</span> <span class='ocrx_word' id='word_1_195' title='bbox 563 2260 713 2335; x_wconf 88' lang='lat' dir='ltr'>poenitere</span> <span class='ocrx_word' id='word_1_196' title='bbox 735 2266 851 2335; x_wconf 90' lang='lat' dir='ltr'>tempas</span> <span class='ocrx_word' id='word_1_197' title='bbox 874 2260 1014 2319; x_wconf 88' lang='lat' dir='ltr'>amissum</span> <span class='ocrx_word' id='word_1_198' title='bbox 1037 2265 1066 2318; x_wconf 88' lang='lat' dir='ltr'>et</span> <span class='ocrx_word' id='word_1_199' title='bbox 1090 2266 1187 2319; x_wconf 89' lang='lat' dir='ltr'>tamen</span> <span class='ocrx_word' id='word_1_200' title='bbox 1203 2276 1319 2337; x_wconf 85' lang='lat' dir='ltr'>semper</span> <span class='ocrx_word' id='word_1_201' title='bbox 1341 2262 1430 2318; x_wconf 88' lang='lat' dir='ltr'>amit·</span> 
     </span>
     <span class='ocr_line' id='line_1_22' title="bbox 62 2342 1432 2422; baseline -0.001 -17"><span class='ocrx_word' id='word_1_202' title='bbox 62 2350 134 2405; x_wconf 82' lang='lat' dir='ltr'>bere</span> <span class='ocrx_word' id='word_1_203' title='bbox 156 2353 271 2419; x_wconf 88' lang='lat' dir='ltr'>sponte.</span> <span class='ocrx_word' id='word_1_204' title='bbox 318 2342 446 2422; x_wconf 67' lang='lat' dir='ltr'>Qenim</span> <span class='ocrx_word' id='word_1_205' title='bbox 474 2346 552 2421; x_wconf 76' lang='lat' dir='ltr'>iocis</span> <span class='ocrx_word' id='word_1_206' title='bbox 582 2353 611 2405; x_wconf 90' lang='lat' dir='ltr'>et</span> <span class='ocrx_word' id='word_1_207' title='bbox 634 2344 712 2404; x_wconf 88' lang='lat' dir='ltr'>lusui</span> <span class='ocrx_word' id='word_1_208' title='bbox 734 2345 865 2406; x_wconf 89' lang='lat' dir='ltr'>deditum</span> <span class='ocrx_word' id='word_1_209' title='bbox 893 2347 963 2405; x_wconf 86' lang='lat' dir='ltr'>facit</span> <span class='ocrx_word' id='word_1_210' title='bbox 994 2356 1025 2405; x_wconf 90' lang='lat' dir='ltr'>et</span> <span class='ocrx_word' id='word_1_211' title='bbox 1047 2344 1294 2406; x_wconf 82' lang='lat' dir='ltr'>delectationibus</span> <span class='ocrx_word' id='word_1_212' title='bbox 1320 2347 1432 2422; x_wconf 85' lang='lat' dir='ltr'>ingenii</span> 
     </span>
     <span class='ocr_line' id='line_1_23' title="bbox 61 2428 1430 2509; baseline 0.001 -20"><span class='ocrx_word' id='word_1_213' title='bbox 61 2432 99 2489; x_wconf 86' lang='lat' dir='ltr'>ln</span> <span class='ocrx_word' id='word_1_214' title='bbox 121 2431 212 2489; x_wconf 90' lang='lat' dir='ltr'>rebus</span> <span class='ocrx_word' id='word_1_215' title='bbox 235 2428 404 2492; x_wconf 87' lang='lat' dir='ltr'>levioribus.</span> <span class='ocrx_word' id='word_1_216' title='bbox 449 2432 524 2492; x_wconf 88' lang='lat' dir='ltr'>Nam</span> <span class='ocrx_word' id='word_1_217' title='bbox 547 2435 575 2491; x_wconf 92' lang='lat' dir='ltr'>in</span> <span class='ocrx_word' id='word_1_218' title='bbox 596 2434 725 2509; x_wconf 88' lang='lat' dir='ltr'>pueritia</span> <span class='ocrx_word' id='word_1_219' title='bbox 747 2432 803 2492; x_wconf 89' lang='lat' dir='ltr'>fuit</span> <span class='ocrx_word' id='word_1_220' title='bbox 824 2433 902 2492; x_wconf 88' lang='lat' dir='ltr'>lusui</span> <span class='ocrx_word' id='word_1_221' title='bbox 926 2432 1135 2508; x_wconf 84' lang='lat' dir='ltr'>deditissimus,</span> <span class='ocrx_word' id='word_1_222' title='bbox 1160 2442 1191 2492; x_wconf 93' lang='lat' dir='ltr'>ut</span> <span class='ocrx_word' id='word_1_223' title='bbox 1213 2432 1346 2493; x_wconf 78' lang='lat' dir='ltr'>adolevit</span> <span class='ocrx_word' id='word_1_224' title='bbox 1368 2433 1430 2491; x_wconf 83' lang='lat' dir='ltr'>elle</span> 
     </span>
     <span class='ocr_line' id='line_1_24' title="bbox 61 2517 1428 2599; baseline -0.001 -20"><span class='ocrx_word' id='word_1_225' title='bbox 61 2518 202 2579; x_wconf 62' lang='lat' dir='ltr'>murum</span> <span class='ocrx_word' id='word_1_226' title='bbox 225 2517 420 2578; x_wconf 82' lang='lat' dir='ltr'>delectabant.</span> <span class='ocrx_word' id='word_1_227' title='bbox 467 2519 540 2579; x_wconf 82' lang='lat' dir='ltr'>Cum</span> <span class='ocrx_word' id='word_1_228' title='bbox 564 2530 662 2579; x_wconf 89' lang='lat' dir='ltr'>autem</span> <span class='ocrx_word' id='word_1_229' title='bbox 683 2521 829 2579; x_wconf 87' lang='lat' dir='ltr'>tenacitas</span> <span class='ocrx_word' id='word_1_230' title='bbox 851 2522 994 2599; x_wconf 82' lang='lat' dir='ltr'>paeoniae</span> <span class='ocrx_word' id='word_1_231' title='bbox 1018 2540 1036 2579; x_wconf 93' lang='lat' dir='ltr'>a</span> <span class='ocrx_word' id='word_1_232' title='bbox 1059 2520 1126 2580; x_wconf 88' lang='lat' dir='ltr'>lusu</span> <span class='ocrx_word' id='word_1_233' title='bbox 1148 2521 1308 2591; x_wconf 85' lang='lat' dir='ltr'>absterret,</span> <span class='ocrx_word' id='word_1_234' title='bbox 1337 2534 1428 2595; x_wconf 88' lang='lat' dir='ltr'>saepe</span> 
     </span>
     <span class='ocr_line' id='line_1_25' title="bbox 62 2603 1428 2683; baseline 0 -17"><span class='ocrx_word' id='word_1_235' title='bbox 62 2620 173 2666; x_wconf 68' lang='lat' dir='ltr'>nuru</span> <span class='ocrx_word' id='word_1_236' title='bbox 188 2603 272 2666; x_wconf 85' lang='lat' dir='ltr'>ludit</span> <span class='ocrx_word' id='word_1_237' title='bbox 304 2605 384 2665; x_wconf 80' lang='lat' dir='ltr'>biars</span> <span class='ocrx_word' id='word_1_238' title='bbox 407 2608 581 2683; x_wconf 87' lang='lat' dir='ltr'>praecipitat</span> <span class='ocrx_word' id='word_1_239' title='bbox 604 2608 753 2682; x_wconf 76' lang='lat' dir='ltr'>ingenium</span> <span class='ocrx_word' id='word_1_240' title='bbox 776 2616 806 2667; x_wconf 87' lang='lat' dir='ltr'>et</span> <span class='ocrx_word' id='word_1_241' title='bbox 827 2608 953 2667; x_wconf 81' lang='lat' dir='ltr'>adirem</span> <span class='ocrx_word' id='word_1_242' title='bbox 969 2610 1056 2683; x_wconf 89' lang='lat' dir='ltr'>rapit,</span> <span class='ocrx_word' id='word_1_243' title='bbox 1080 2608 1117 2667; x_wconf 94' lang='lat' dir='ltr'>ad</span> <span class='ocrx_word' id='word_1_244' title='bbox 1141 2607 1232 2680; x_wconf 88' lang='lat' dir='ltr'>lusus,</span> <span class='ocrx_word' id='word_1_245' title='bbox 1256 2608 1428 2681; x_wconf 79' lang='lat' dir='ltr'>varietates,</span> 
     </span>
     <span class='ocr_line' id='line_1_26' title="bbox 62 2690 1429 2772; baseline 0.002 -21"><span class='ocrx_word' id='word_1_246' title='bbox 62 2690 140 2751; x_wconf 76' lang='lat' dir='ltr'>inde</span> <span class='ocrx_word' id='word_1_247' title='bbox 164 2692 203 2750; x_wconf 90' lang='lat' dir='ltr'>ad</span> <span class='ocrx_word' id='word_1_248' title='bbox 224 2692 380 2766; x_wconf 82' lang='lat' dir='ltr'>historias,</span> <span class='ocrx_word' id='word_1_249' title='bbox 404 2693 442 2753; x_wconf 86' lang='lat' dir='ltr'>ad</span> <span class='ocrx_word' id='word_1_250' title='bbox 465 2692 559 2768; x_wconf 91' lang='lat' dir='ltr'>bella,</span> <span class='ocrx_word' id='word_1_251' title='bbox 582 2691 621 2753; x_wconf 87' lang='lat' dir='ltr'>ed</span> <span class='ocrx_word' id='word_1_252' title='bbox 642 2692 795 2770; x_wconf 72' lang='lat' dir='ltr'>patienda,</span> <span class='ocrx_word' id='word_1_253' title='bbox 819 2695 857 2754; x_wconf 83' lang='lat' dir='ltr'>ad</span> <span class='ocrx_word' id='word_1_254' title='bbox 880 2694 1051 2768; x_wconf 86' lang='lat' dir='ltr'>audaciam,</span> <span class='ocrx_word' id='word_1_255' title='bbox 1082 2693 1120 2753; x_wconf 88' lang='lat' dir='ltr'>ad</span> <span class='ocrx_word' id='word_1_256' title='bbox 1143 2697 1429 2772; x_wconf 74' lang='lat' dir='ltr'>uoloupaypooorns,</span> 
     </span>
     <span class='ocr_line' id='line_1_27' title="bbox 61 2778 1429 2857; baseline -0.001 -16"><span class='ocrx_word' id='word_1_257' title='bbox 61 2778 109 2841; x_wconf 72' lang='lat' dir='ltr'>ed</span> <span class='ocrx_word' id='word_1_258' title='bbox 124 2779 393 2853; x_wconf 87' lang='lat' dir='ltr'>contradicendum,</span> <span class='ocrx_word' id='word_1_259' title='bbox 410 2779 650 2857; x_wconf 89' lang='lat' dir='ltr'>impugnandum,</span> <span class='ocrx_word' id='word_1_260' title='bbox 666 2780 704 2841; x_wconf 86' lang='lat' dir='ltr'>sd</span> <span class='ocrx_word' id='word_1_261' title='bbox 720 2781 974 2857; x_wconf 84' lang='lat' dir='ltr'>reprehendendos</span> <span class='ocrx_word' id='word_1_262' title='bbox 992 2798 1094 2840; x_wconf 91' lang='lat' dir='ltr'>omnes</span> <span class='ocrx_word' id='word_1_263' title='bbox 1109 2780 1239 2854; x_wconf 89' lang='lat' dir='ltr'>ordines,</span> <span class='ocrx_word' id='word_1_264' title='bbox 1257 2780 1294 2840; x_wconf 88' lang='lat' dir='ltr'>ad</span> <span class='ocrx_word' id='word_1_265' title='bbox 1312 2783 1429 2841; x_wconf 89' lang='lat' dir='ltr'>criticos</span> 
     </span>
     <span class='ocr_line' id='line_1_28' title="bbox 61 2865 1431 2943; baseline -0.001 -14"><span class='ocrx_word' id='word_1_266' title='bbox 61 2882 185 2940; x_wconf 55' lang='lat' dir='ltr'>norem</span> <span class='ocrx_word' id='word_1_267' title='bbox 209 2866 396 2927; x_wconf 86' lang='lat' dir='ltr'>haecomnia</span> <span class='ocrx_word' id='word_1_268' title='bbox 415 2865 522 2939; x_wconf 82' lang='lat' dir='ltr'>„nato“</span> <span class='ocrx_word' id='word_1_269' title='bbox 541 2868 687 2943; x_wconf 89' lang='lat' dir='ltr'>adjacent.</span> <span class='ocrx_word' id='word_1_270' title='bbox 716 2868 774 2928; x_wconf 89' lang='lat' dir='ltr'>Sed</span> <span class='ocrx_word' id='word_1_271' title='bbox 796 2867 880 2928; x_wconf 90' lang='lat' dir='ltr'>adest</span> <span class='ocrx_word' id='word_1_272' title='bbox 895 2872 983 2929; x_wconf 86' lang='lat' dir='ltr'>etiem</span> <span class='ocrx_word' id='word_1_273' title='bbox 999 2867 1169 2941; x_wconf 89' lang='lat' dir='ltr'>simulandi,</span> <span class='ocrx_word' id='word_1_274' title='bbox 1193 2866 1322 2940; x_wconf 85' lang='lat' dir='ltr'>fallendi,</span> <span class='ocrx_word' id='word_1_275' title='bbox 1344 2884 1431 2927; x_wconf 88' lang='lat' dir='ltr'>men-</span> 
     </span>
     <span class='ocr_line' id='line_1_29' title="bbox 62 2952 1429 3028; baseline -0.001 -13"><span class='ocrx_word' id='word_1_276' title='bbox 62 2952 163 3015; x_wconf 79' lang='lat' dir='ltr'>uendi</span> <span class='ocrx_word' id='word_1_277' title='bbox 179 2952 286 3028; x_wconf 86' lang='lat' dir='ltr'>libido;</span> <span class='ocrx_word' id='word_1_278' title='bbox 301 2954 462 3015; x_wconf 84' lang='lat' dir='ltr'>Mercuriur</span> <span class='ocrx_word' id='word_1_279' title='bbox 479 2955 535 3015; x_wconf 90' lang='lat' dir='ltr'>boc</span> <span class='ocrx_word' id='word_1_280' title='bbox 550 2956 653 3028; x_wconf 90' lang='lat' dir='ltr'>efficit,</span> <span class='ocrx_word' id='word_1_281' title='bbox 671 2972 689 3013; x_wconf 89' lang='lat' dir='ltr'>a</span> <span class='ocrx_word' id='word_1_282' title='bbox 704 2954 800 3015; x_wconf 80' lang='lat' dir='ltr'>Marta</span> <span class='ocrx_word' id='word_1_283' title='bbox 815 2955 961 3016; x_wconf 90' lang='lat' dir='ltr'>stimulus.</span> <span class='ocrx_word' id='word_1_284' title='bbox 996 2956 1055 3016; x_wconf 87' lang='lat' dir='ltr'>Sed</span> <span class='ocrx_word' id='word_1_285' title='bbox 1071 2954 1131 3013; x_wconf 91' lang='lat' dir='ltr'>duo</span> <span class='ocrx_word' id='word_1_286' title='bbox 1145 2954 1360 3016; x_wconf 84' lang='lat' dir='ltr'>stimulationes</span> <span class='ocrx_word' id='word_1_287' title='bbox 1375 2954 1429 3014; x_wconf 89' lang='lat' dir='ltr'>bes</span> 
     </span>
     <span class='ocr_line' id='line_1_30' title="bbox 60 3039 1430 3120; baseline -0.001 -19"><span class='ocrx_word' id='word_1_288' title='bbox 60 3039 247 3119; x_wconf 74' lang='lat' dir='ltr'>hapediantz</span> <span class='ocrx_word' id='word_1_289' title='bbox 259 3049 354 3102; x_wconf 84' lang='lat' dir='ltr'>suetos</span> <span class='ocrx_word' id='word_1_290' title='bbox 369 3044 507 3102; x_wconf 83' lang='lat' dir='ltr'>infamiae</span> <span class='ocrx_word' id='word_1_291' title='bbox 524 3050 552 3103; x_wconf 91' lang='lat' dir='ltr'>et</span> <span class='ocrx_word' id='word_1_292' title='bbox 567 3040 723 3117; x_wconf 88' lang='lat' dir='ltr'>singularis</span> <span class='ocrx_word' id='word_1_293' title='bbox 738 3058 846 3116; x_wconf 86' lang='lat' dir='ltr'>aarum,</span> <span class='ocrx_word' id='word_1_294' title='bbox 860 3046 1066 3120; x_wconf 86' lang='lat' dir='ltr'>etiemoptimc</span> <span class='ocrx_word' id='word_1_295' title='bbox 1081 3051 1111 3102; x_wconf 91' lang='lat' dir='ltr'>et</span> <span class='ocrx_word' id='word_1_296' title='bbox 1125 3044 1294 3103; x_wconf 80' lang='lat' dir='ltr'>cautissime</span> <span class='ocrx_word' id='word_1_297' title='bbox 1309 3045 1430 3101; x_wconf 89' lang='lat' dir='ltr'>institu-</span> 
     </span>
     <span class='ocr_line' id='line_1_31' title="bbox 59 3128 1430 3207; baseline -0.001 -18"><span class='ocrx_word' id='word_1_298' title='bbox 59 3136 168 3189; x_wconf 75' lang='lat' dir='ltr'>imur</span> <span class='ocrx_word' id='word_1_299' title='bbox 182 3128 347 3188; x_wconf 74' lang='lat' dir='ltr'>infelicitas.</span> <span class='ocrx_word' id='word_1_300' title='bbox 383 3131 435 3189; x_wconf 81' lang='lat' dir='ltr'>Est</span> <span class='ocrx_word' id='word_1_301' title='bbox 449 3132 578 3189; x_wconf 89' lang='lat' dir='ltr'>omnium</span> <span class='ocrx_word' id='word_1_302' title='bbox 594 3130 720 3189; x_wconf 86' lang='lat' dir='ltr'>maxime</span> <span class='ocrx_word' id='word_1_303' title='bbox 736 3146 825 3189; x_wconf 82' lang='lat' dir='ltr'>verce</span> <span class='ocrx_word' id='word_1_304' title='bbox 839 3128 937 3189; x_wconf 88' lang='lat' dir='ltr'>landis</span> <span class='ocrx_word' id='word_1_305' title='bbox 953 3130 1078 3207; x_wconf 89' lang='lat' dir='ltr'>cupidus</span> <span class='ocrx_word' id='word_1_306' title='bbox 1092 3139 1123 3189; x_wconf 88' lang='lat' dir='ltr'>et</span> <span class='ocrx_word' id='word_1_307' title='bbox 1139 3132 1233 3189; x_wconf 88' lang='lat' dir='ltr'>omnis</span> <span class='ocrx_word' id='word_1_308' title='bbox 1249 3132 1364 3206; x_wconf 90' lang='lat' dir='ltr'>generis</span> <span class='ocrx_word' id='word_1_309' title='bbox 1380 3133 1430 3187; x_wconf 81' lang='lat' dir='ltr'>ls-</span> 
     </span>
     <span class='ocr_line' id='line_1_32' title="bbox 60 3215 1429 3294; baseline -0.001 -17"><span class='ocrx_word' id='word_1_310' title='bbox 60 3216 225 3277; x_wconf 85' lang='lat' dir='ltr'>i&#39;amiarum</span> <span class='ocrx_word' id='word_1_311' title='bbox 249 3217 421 3292; x_wconf 74' lang='lat' dir='ltr'>impatiens,</span> <span class='ocrx_word' id='word_1_312' title='bbox 444 3220 577 3276; x_wconf 89' lang='lat' dir='ltr'>sinistros</span> <span class='ocrx_word' id='word_1_313' title='bbox 591 3233 721 3276; x_wconf 89' lang='lat' dir='ltr'>rumores</span> <span class='ocrx_word' id='word_1_314' title='bbox 739 3215 881 3276; x_wconf 90' lang='lat' dir='ltr'>levicuios</span> <span class='ocrx_word' id='word_1_315' title='bbox 898 3217 945 3277; x_wconf 80' lang='lat' dir='ltr'>uel</span> <span class='ocrx_word' id='word_1_316' title='bbox 969 3221 1097 3277; x_wconf 83' lang='lat' dir='ltr'>maxima</span> <span class='ocrx_word' id='word_1_317' title='bbox 1119 3219 1244 3294; x_wconf 87' lang='lat' dir='ltr'>pecunia</span> <span class='ocrx_word' id='word_1_318' title='bbox 1264 3218 1429 3293; x_wconf 89' lang='lat' dir='ltr'>redimeret,</span> 
     </span>
     <span class='ocr_line' id='line_1_33' title="bbox 59 3303 1428 3384; baseline -0.004 -17"><span class='ocrx_word' id='word_1_319' title='bbox 59 3310 97 3367; x_wconf 74' lang='lat' dir='ltr'>et</span> <span class='ocrx_word' id='word_1_320' title='bbox 113 3310 321 3380; x_wconf 80' lang='lat' dir='ltr'>paupertatem</span> <span class='ocrx_word' id='word_1_321' title='bbox 343 3305 418 3381; x_wconf 89' lang='lat' dir='ltr'>fugit</span> <span class='ocrx_word' id='word_1_322' title='bbox 440 3312 554 3364; x_wconf 90' lang='lat' dir='ltr'>tantum</span> <span class='ocrx_word' id='word_1_323' title='bbox 577 3304 616 3364; x_wconf 91' lang='lat' dir='ltr'>ab</span> <span class='ocrx_word' id='word_1_324' title='bbox 638 3305 788 3362; x_wconf 72' lang='lat' dir='ltr'>infamium</span> <span class='ocrx_word' id='word_1_325' title='bbox 812 3303 880 3381; x_wconf 88' lang='lat' dir='ltr'>(hoc</span> <span class='ocrx_word' id='word_1_326' title='bbox 895 3321 1016 3364; x_wconf 89' lang='lat' dir='ltr'>necesse</span> <span class='ocrx_word' id='word_1_327' title='bbox 1038 3314 1083 3365; x_wconf 87' lang='lat' dir='ltr'>est</span> <span class='ocrx_word' id='word_1_328' title='bbox 1107 3304 1219 3365; x_wconf 75' lang='lat' dir='ltr'>adore</span> <span class='ocrx_word' id='word_1_329' title='bbox 1243 3305 1335 3378; x_wconf 84' lang='lat' dir='ltr'>essc);</span> <span class='ocrx_word' id='word_1_330' title='bbox 1361 3307 1428 3384; x_wconf 81' lang='lat' dir='ltr'>„in-</span> 
     </span>
     <span class='ocr_line' id='line_1_34' title="bbox 59 3388 1428 3469; baseline -0.002 -16"><span class='ocrx_word' id='word_1_331' title='bbox 59 3388 220 3453; x_wconf 72' lang='lat' dir='ltr'>fdiuue‘</span> <span class='ocrx_word' id='word_1_332' title='bbox 243 3389 384 3467; x_wconf 89' lang='lat' dir='ltr'>pudorem</span> <span class='ocrx_word' id='word_1_333' title='bbox 407 3391 486 3452; x_wconf 89' lang='lat' dir='ltr'>elicit</span> <span class='ocrx_word' id='word_1_334' title='bbox 509 3400 538 3451; x_wconf 88' lang='lat' dir='ltr'>ot</span> <span class='ocrx_word' id='word_1_335' title='bbox 561 3389 720 3450; x_wconf 91' lang='lat' dir='ltr'>confundit.</span> <span class='ocrx_word' id='word_1_336' title='bbox 768 3390 804 3449; x_wconf 78' lang='lat' dir='ltr'>lit</span> <span class='ocrx_word' id='word_1_337' title='bbox 826 3396 911 3463; x_wconf 91' lang='lat' dir='ltr'>nota,</span> <span class='ocrx_word' id='word_1_338' title='bbox 942 3391 1053 3451; x_wconf 86' lang='lat' dir='ltr'>ireminf</span> <span class='ocrx_word' id='word_1_339' title='bbox 1077 3394 1128 3469; x_wconf 87' lang='lat' dir='ltr'>qui</span> <span class='ocrx_word' id='word_1_340' title='bbox 1150 3391 1231 3451; x_wconf 93' lang='lat' dir='ltr'>aliud</span> <span class='ocrx_word' id='word_1_341' title='bbox 1260 3392 1376 3469; x_wconf 89' lang='lat' dir='ltr'>judicat</span> <span class='ocrx_word' id='word_1_342' title='bbox 1398 3398 1428 3451; x_wconf 87' lang='lat' dir='ltr'>et</span> 
     </span>
     <span class='ocr_line' id='line_1_35' title="bbox 60 3475 1428 3561; baseline -0.001 -22"><span class='ocrx_word' id='word_1_343' title='bbox 60 3488 172 3539; x_wconf 79' lang='lat' dir='ltr'>tamen</span> <span class='ocrx_word' id='word_1_344' title='bbox 193 3494 309 3554; x_wconf 88' lang='lat' dir='ltr'>semper</span> <span class='ocrx_word' id='word_1_345' title='bbox 330 3478 485 3539; x_wconf 89' lang='lat' dir='ltr'>scribendo</span> <span class='ocrx_word' id='word_1_346' title='bbox 508 3480 611 3558; x_wconf 86' lang='lat' dir='ltr'>pergit,</span> <span class='ocrx_word' id='word_1_347' title='bbox 634 3478 814 3555; x_wconf 82' lang='lat' dir='ltr'>significetur</span> <span class='ocrx_word' id='word_1_348' title='bbox 836 3479 893 3538; x_wconf 90' lang='lat' dir='ltr'>iroc</span> <span class='ocrx_word' id='word_1_349' title='bbox 916 3497 934 3537; x_wconf 89' lang='lat' dir='ltr'>a</span> <span class='ocrx_word' id='word_1_350' title='bbox 956 3475 1028 3561; x_wconf 68' lang='lat' dir='ltr'>Qin</span> <span class='ocrx_word' id='word_1_351' title='bbox 1045 3481 1083 3554; x_wconf 74' lang='grc' dir='ltr'><strong>Π</strong></span> <span class='ocrx_word' id='word_1_352' title='bbox 1108 3488 1151 3552; x_wconf 62' lang='lat'>53</span> <span class='ocrx_word' id='word_1_353' title='bbox 1174 3478 1338 3540; x_wconf 89' lang='lat' dir='ltr'>Mercurius</span> <span class='ocrx_word' id='word_1_354' title='bbox 1352 3479 1428 3539; x_wconf 88' lang='lat' dir='ltr'>iiber</span> 
     </span>
     <span class='ocr_line' id='line_1_36' title="bbox 56 3562 1429 3645; baseline -0.001 -20"><span class='ocrx_word' id='word_1_355' title='bbox 56 3562 215 3645; x_wconf 67' lang='lat' dir='ltr'>indiciam</span> <span class='ocrx_word' id='word_1_356' title='bbox 237 3581 357 3642; x_wconf 87' lang='lat' dir='ltr'>purum,</span> <span class='ocrx_word' id='word_1_357' title='bbox 386 3566 439 3625; x_wconf 91' lang='lat' dir='ltr'>sed</span> <span class='ocrx_word' id='word_1_358' title='bbox 461 3566 636 3641; x_wconf 86' lang='lat' dir='ltr'>quadratum</span> <span class='ocrx_word' id='word_1_359' title='bbox 657 3562 764 3625; x_wconf 81' lang='lat' dir='ltr'>Martis</span> <span class='ocrx_word' id='word_1_360' title='bbox 786 3568 958 3643; x_wconf 89' lang='lat' dir='ltr'>praecipitat</span> <span class='ocrx_word' id='word_1_361' title='bbox 980 3567 1037 3628; x_wconf 89' lang='lat' dir='ltr'>boc</span> <span class='ocrx_word' id='word_1_362' title='bbox 1059 3579 1089 3628; x_wconf 89' lang='lat' dir='ltr'>et</span> <span class='ocrx_word' id='word_1_363' title='bbox 1112 3566 1215 3641; x_wconf 83' lang='lat' dir='ltr'>adigit,</span> <span class='ocrx_word' id='word_1_364' title='bbox 1238 3576 1271 3625; x_wconf 87' lang='lat' dir='ltr'>ut</span> <span class='ocrx_word' id='word_1_365' title='bbox 1293 3583 1350 3625; x_wconf 91' lang='lat' dir='ltr'>non</span> <span class='ocrx_word' id='word_1_366' title='bbox 1375 3582 1429 3624; x_wconf 80' lang='lat' dir='ltr'>er·</span> 
     </span>
     <span class='ocr_line' id='line_1_37' title="bbox 58 3651 1428 3733; baseline 0 -22"><span class='ocrx_word' id='word_1_367' title='bbox 58 3658 186 3733; x_wconf 77' lang='lat' dir='ltr'>spectet</span> <span class='ocrx_word' id='word_1_368' title='bbox 204 3651 364 3726; x_wconf 74' lang='lat' dir='ltr'>judiciumz</span> <span class='ocrx_word' id='word_1_369' title='bbox 394 3654 461 3713; x_wconf 90' lang='lat' dir='ltr'>hine</span> <span class='ocrx_word' id='word_1_370' title='bbox 491 3654 570 3712; x_wconf 82' lang='lat' dir='ltr'>illine</span> <span class='ocrx_word' id='word_1_371' title='bbox 599 3661 657 3712; x_wconf 83' lang='lat' dir='ltr'>tara</span> <span class='ocrx_word' id='word_1_372' title='bbox 686 3653 788 3713; x_wconf 81' lang='lat' dir='ltr'>erebm</span> <span class='ocrx_word' id='word_1_373' title='bbox 814 3656 1003 3730; x_wconf 89' lang='lat' dir='ltr'>poenitentia.</span> <span class='ocrx_word' id='word_1_374' title='bbox 1029 3690 1067 3700; x_wconf 87' lang='lat'>-</span> <span class='ocrx_word' id='word_1_375' title='bbox 1093 3653 1180 3729; x_wconf 83' lang='lat' dir='ltr'>Quod</span> <span class='ocrx_word' id='word_1_376' title='bbox 1210 3653 1302 3713; x_wconf 88' lang='lat' dir='ltr'>multe</span> <span class='ocrx_word' id='word_1_377' title='bbox 1325 3654 1428 3729; x_wconf 87' lang='lat' dir='ltr'>incipit</span> 
     </span>
     <span class='ocr_line' id='line_1_38' title="bbox 48 3738 1426 3819; baseline -0.004 -18"><span class='ocrx_word' id='word_1_378' title='bbox 48 3758 153 3819; x_wconf 53' lang='lat' dir='ltr'>,nura</span> <span class='ocrx_word' id='word_1_379' title='bbox 183 3740 330 3815; x_wconf 89' lang='lat' dir='ltr'>prioribus</span> <span class='ocrx_word' id='word_1_380' title='bbox 360 3741 551 3817; x_wconf 88' lang='lat' dir='ltr'>imperfectis,</span> <span class='ocrx_word' id='word_1_381' title='bbox 581 3756 689 3801; x_wconf 86' lang='lat' dir='ltr'>ceurae</span> <span class='ocrx_word' id='word_1_382' title='bbox 716 3740 867 3802; x_wconf 86' lang='lat' dir='ltr'>naturales</span> <span class='ocrx_word' id='word_1_383' title='bbox 895 3741 953 3801; x_wconf 86' lang='lat' dir='ltr'>hae</span> <span class='ocrx_word' id='word_1_384' title='bbox 982 3751 1066 3800; x_wconf 85' lang='lat' dir='ltr'>sunt:</span> <span class='ocrx_word' id='word_1_385' title='bbox 1101 3744 1130 3813; x_wconf 82' lang='lat'>1)</span> <span class='ocrx_word' id='word_1_386' title='bbox 1154 3738 1283 3798; x_wconf 90' lang='lat' dir='ltr'>taedium</span> <span class='ocrx_word' id='word_1_387' title='bbox 1306 3738 1426 3813; x_wconf 90' lang='lat' dir='ltr'>laboris,</span> 
     </span>
     <span class='ocr_line' id='line_1_39' title="bbox 58 3826 1427 3904; baseline -0.003 -15"><span class='ocrx_word' id='word_1_388' title='bbox 58 3830 135 3889; x_wconf 79' lang='lat' dir='ltr'>slve</span> <span class='ocrx_word' id='word_1_389' title='bbox 158 3826 247 3886; x_wconf 87' lang='lat' dir='ltr'>ardor</span> <span class='ocrx_word' id='word_1_390' title='bbox 268 3829 385 3888; x_wconf 85' lang='lat' dir='ltr'>subitus</span> <span class='ocrx_word' id='word_1_391' title='bbox 408 3837 438 3888; x_wconf 90' lang='lat' dir='ltr'>ot</span> <span class='ocrx_word' id='word_1_392' title='bbox 459 3846 517 3887; x_wconf 93' lang='lat' dir='ltr'>non</span> <span class='ocrx_word' id='word_1_393' title='bbox 540 3828 699 3903; x_wconf 88' lang='lat' dir='ltr'>durabilis;</span> <span class='ocrx_word' id='word_1_394' title='bbox 722 3844 791 3887; x_wconf 87' lang='lat' dir='ltr'>nam</span> <span class='ocrx_word' id='word_1_395' title='bbox 814 3830 950 3904; x_wconf 80' lang='lat' dir='ltr'>quamvis</span> <span class='ocrx_word' id='word_1_396' title='bbox 973 3835 1018 3887; x_wconf 89' lang='lat' dir='ltr'>est</span> <span class='ocrx_word' id='word_1_397' title='bbox 1043 3828 1305 3897; x_wconf 87' lang='lat' dir='ltr'>laboriosissimus,</span> <span class='ocrx_word' id='word_1_398' title='bbox 1329 3835 1427 3885; x_wconf 80' lang='lat' dir='ltr'>tannen</span> 
     </span>
     <span class='ocr_line' id='line_1_40' title="bbox 58 3912 1427 3992; baseline -0.001 -15"><span class='ocrx_word' id='word_1_399' title='bbox 58 3921 115 3977; x_wconf 82' lang='lat' dir='ltr'>aar</span> <span class='ocrx_word' id='word_1_400' title='bbox 136 3912 250 3973; x_wconf 88' lang='lat' dir='ltr'>laboris</span> <span class='ocrx_word' id='word_1_401' title='bbox 274 3930 342 3974; x_wconf 87' lang='lat' dir='ltr'>osor</span> <span class='ocrx_word' id='word_1_402' title='bbox 364 3918 538 3992; x_wconf 81' lang='lat' dir='ltr'>acerrimns3</span> <span class='ocrx_word' id='word_1_403' title='bbox 561 3915 677 3975; x_wconf 90' lang='lat' dir='ltr'>laborat</span> <span class='ocrx_word' id='word_1_404' title='bbox 698 3922 798 3975; x_wconf 89' lang='lat' dir='ltr'>autem</span> <span class='ocrx_word' id='word_1_405' title='bbox 820 3924 940 3991; x_wconf 87' lang='lat' dir='ltr'>propter</span> <span class='ocrx_word' id='word_1_406' title='bbox 962 3914 1152 3990; x_wconf 87' lang='lat' dir='ltr'>cupiditatem</span> <span class='ocrx_word' id='word_1_407' title='bbox 1166 3914 1277 3973; x_wconf 75' lang='lat' dir='ltr'>suendi</span> <span class='ocrx_word' id='word_1_408' title='bbox 1296 3921 1325 3973; x_wconf 90' lang='lat' dir='ltr'>et</span> <span class='ocrx_word' id='word_1_409' title='bbox 1340 3930 1427 3975; x_wconf 60' lang='lat' dir='ltr'>amo</span> 
     </span>
     <span class='ocr_line' id='line_1_41' title="bbox 60 4000 1428 4077; baseline -0.002 -14"><span class='ocrx_word' id='word_1_410' title='bbox 60 4018 135 4063; x_wconf 79' lang='lat' dir='ltr'>rem</span> <span class='ocrx_word' id='word_1_411' title='bbox 160 4000 289 4077; x_wconf 88' lang='lat' dir='ltr'>fingendi</span> <span class='ocrx_word' id='word_1_412' title='bbox 313 4010 342 4062; x_wconf 88' lang='lat' dir='ltr'>et</span> <span class='ocrx_word' id='word_1_413' title='bbox 364 4002 506 4062; x_wconf 87' lang='lat' dir='ltr'>fictorum.</span> <span class='ocrx_word' id='word_1_414' title='bbox 553 4003 585 4077; x_wconf 77' lang='lat'>2)</span> <span class='ocrx_word' id='word_1_415' title='bbox 609 4002 708 4061; x_wconf 86' lang='lat' dir='ltr'>Causa</span> <span class='ocrx_word' id='word_1_416' title='bbox 738 4001 799 4061; x_wconf 85' lang='lat' dir='ltr'>alia</span> <span class='ocrx_word' id='word_1_417' title='bbox 824 4005 853 4060; x_wconf 93' lang='lat' dir='ltr'>in</span> <span class='ocrx_word' id='word_1_418' title='bbox 877 4004 1011 4061; x_wconf 90' lang='lat' dir='ltr'>fortunae</span> <span class='ocrx_word' id='word_1_419' title='bbox 1040 4004 1161 4062; x_wconf 90' lang='lat' dir='ltr'>arbitrio</span> <span class='ocrx_word' id='word_1_420' title='bbox 1191 4010 1236 4060; x_wconf 88' lang='lat' dir='ltr'>cst</span> <span class='ocrx_word' id='word_1_421' title='bbox 1257 4001 1305 4060; x_wconf 86' lang='lat' dir='ltr'>rel</span> <span class='ocrx_word' id='word_1_422' title='bbox 1329 4003 1428 4077; x_wconf 91' lang='lat' dir='ltr'>potius</span> 
     </span>
     <span class='ocr_line' id='line_1_42' title="bbox 57 4087 1428 4166; baseline -0.003 -15"><span class='ocrx_word' id='word_1_423' title='bbox 57 4092 95 4151; x_wconf 83' lang='lat' dir='ltr'>ln</span> <span class='ocrx_word' id='word_1_424' title='bbox 122 4087 294 4149; x_wconf 90' lang='lat' dir='ltr'>conditione</span> <span class='ocrx_word' id='word_1_425' title='bbox 315 4099 447 4149; x_wconf 90' lang='lat' dir='ltr'>naturae.</span> <span class='ocrx_word' id='word_1_426' title='bbox 477 4091 553 4150; x_wconf 86' lang='lat' dir='ltr'>Narn</span> <span class='ocrx_word' id='word_1_427' title='bbox 576 4088 758 4166; x_wconf 89' lang='lat' dir='ltr'>impossibile</span> <span class='ocrx_word' id='word_1_428' title='bbox 780 4095 833 4161; x_wconf 89' lang='lat' dir='ltr'>cst,</span> <span class='ocrx_word' id='word_1_429' title='bbox 857 4096 890 4148; x_wconf 92' lang='lat' dir='ltr'>ut</span> <span class='ocrx_word' id='word_1_430' title='bbox 912 4091 1010 4149; x_wconf 88' lang='lat' dir='ltr'>omnia</span> <span class='ocrx_word' id='word_1_431' title='bbox 1034 4092 1097 4165; x_wconf 76' lang='lat' dir='ltr'>cius</span> <span class='ocrx_word' id='word_1_432' title='bbox 1119 4091 1237 4165; x_wconf 88' lang='lat' dir='ltr'>incepta</span> <span class='ocrx_word' id='word_1_433' title='bbox 1258 4096 1319 4147; x_wconf 89' lang='lat' dir='ltr'>tam</span> <span class='ocrx_word' id='word_1_434' title='bbox 1334 4089 1428 4147; x_wconf 91' lang='lat' dir='ltr'>muita</span> 
     </span>
     <span class='ocr_line' id='line_1_43' title="bbox 55 4173 1429 4253; baseline -0.003 -14"><span class='ocrx_word' id='word_1_435' title='bbox 55 4173 240 4250; x_wconf 69' lang='lat' dir='ltr'>accedant,</span> <span class='ocrx_word' id='word_1_436' title='bbox 262 4185 353 4252; x_wconf 89' lang='lat' dir='ltr'>atque</span> <span class='ocrx_word' id='word_1_437' title='bbox 376 4180 464 4236; x_wconf 85' lang='lat' dir='ltr'>etiarn</span> <span class='ocrx_word' id='word_1_438' title='bbox 488 4196 523 4237; x_wconf 83' lang='lat' dir='ltr'>ex</span> <span class='ocrx_word' id='word_1_439' title='bbox 546 4177 648 4237; x_wconf 85' lang='lat' dir='ltr'>ardore</span> <span class='ocrx_word' id='word_1_440' title='bbox 664 4178 762 4237; x_wconf 89' lang='lat' dir='ltr'>omnia</span> <span class='ocrx_word' id='word_1_441' title='bbox 777 4177 835 4235; x_wconf 90' lang='lat' dir='ltr'>sibi</span> <span class='ocrx_word' id='word_1_442' title='bbox 850 4177 948 4237; x_wconf 83' lang='lat' dir='ltr'>facilia</span> <span class='ocrx_word' id='word_1_443' title='bbox 964 4176 1130 4253; x_wconf 88' lang='lat' dir='ltr'>persuadet,</span> <span class='ocrx_word' id='word_1_444' title='bbox 1153 4194 1231 4252; x_wconf 85' lang='lat' dir='ltr'>qrrae</span> <span class='ocrx_word' id='word_1_445' title='bbox 1245 4185 1314 4235; x_wconf 91' lang='lat' dir='ltr'>sunt</span> <span class='ocrx_word' id='word_1_446' title='bbox 1329 4184 1429 4236; x_wconf 88' lang='lat' dir='ltr'>tamen</span> 
     </span>
     <span class='ocr_line' id='line_1_44' title="bbox 55 4264 1427 4341; baseline -0.003 -14"><span class='ocrx_word' id='word_1_447' title='bbox 55 4270 96 4327; x_wconf 76' lang='lat' dir='ltr'>h</span> <span class='ocrx_word' id='word_1_448' title='bbox 122 4278 214 4339; x_wconf 82' lang='lat' dir='ltr'>opere</span> <span class='ocrx_word' id='word_1_449' title='bbox 242 4264 415 4323; x_wconf 89' lang='lat' dir='ltr'>difficillima</span> <span class='ocrx_word' id='word_1_450' title='bbox 443 4275 495 4326; x_wconf 88' lang='lat' dir='ltr'>aut</span> <span class='ocrx_word' id='word_1_451' title='bbox 524 4266 686 4341; x_wconf 87' lang='lat' dir='ltr'>longissimi</span> <span class='ocrx_word' id='word_1_452' title='bbox 718 4266 865 4339; x_wconf 90' lang='lat' dir='ltr'>temporis.</span> <span class='ocrx_word' id='word_1_453' title='bbox 911 4264 945 4340; x_wconf 77' lang='lat' dir='ltr'>c)</span> <span class='ocrx_word' id='word_1_454' title='bbox 969 4264 1112 4339; x_wconf 82' lang='lat' dir='ltr'>Quamvis</span> <span class='ocrx_word' id='word_1_455' title='bbox 1139 4265 1302 4323; x_wconf 81' lang='lat' dir='ltr'>absterrere</span> <span class='ocrx_word' id='word_1_456' title='bbox 1331 4265 1427 4340; x_wconf 87' lang='lat' dir='ltr'>ipsum</span> 
     </span>
     <span class='ocr_line' id='line_1_45' title="bbox 57 4350 1428 4428; baseline -0.002 -13"><span class='ocrx_word' id='word_1_457' title='bbox 57 4352 211 4425; x_wconf 70' lang='lat' dir='ltr'>deberet,</span> <span class='ocrx_word' id='word_1_458' title='bbox 245 4350 325 4427; x_wconf 88' lang='lat' dir='ltr'>quod</span> <span class='ocrx_word' id='word_1_459' title='bbox 352 4355 450 4428; x_wconf 86' lang='lat' dir='ltr'>priora</span> <span class='ocrx_word' id='word_1_460' title='bbox 473 4361 541 4411; x_wconf 89' lang='lat' dir='ltr'>sunt</span> <span class='ocrx_word' id='word_1_461' title='bbox 564 4351 748 4428; x_wconf 85' lang='lat' dir='ltr'>imperfecta,</span> <span class='ocrx_word' id='word_1_462' title='bbox 780 4350 926 4427; x_wconf 76' lang='lat' dir='ltr'>cupiditas</span> <span class='ocrx_word' id='word_1_463' title='bbox 949 4358 1046 4411; x_wconf 90' lang='lat' dir='ltr'>tamen</span> <span class='ocrx_word' id='word_1_464' title='bbox 1074 4368 1153 4411; x_wconf 83' lang='lat' dir='ltr'>nova</span> <span class='ocrx_word' id='word_1_465' title='bbox 1176 4350 1319 4411; x_wconf 90' lang='lat' dir='ltr'>tractandi</span> <span class='ocrx_word' id='word_1_466' title='bbox 1342 4352 1428 4427; x_wconf 83' lang='lat' dir='ltr'>louge</span> 
     </span>
     <span class='ocr_line' id='line_1_46' title="bbox 54 4438 1429 4516; baseline -0.005 -13"><span class='ocrx_word' id='word_1_467' title='bbox 54 4440 175 4503; x_wconf 68' lang='lat' dir='ltr'>tutior</span> <span class='ocrx_word' id='word_1_468' title='bbox 203 4445 258 4499; x_wconf 86' lang='lat' dir='ltr'>esi.</span> <span class='ocrx_word' id='word_1_469' title='bbox 302 4438 479 4516; x_wconf 83' lang='lat' dir='ltr'>Cupiditatis</span> <span class='ocrx_word' id='word_1_470' title='bbox 502 4439 590 4516; x_wconf 88' lang='lat' dir='ltr'>hujus</span> <span class='ocrx_word' id='word_1_471' title='bbox 612 4439 768 4499; x_wconf 88' lang='lat' dir='ltr'>illecebrae</span> <span class='ocrx_word' id='word_1_472' title='bbox 797 4447 866 4497; x_wconf 85' lang='lat' dir='ltr'>surrt</span> <span class='ocrx_word' id='word_1_473' title='bbox 897 4441 957 4497; x_wconf 85' lang='lat' dir='ltr'>rite</span> <span class='ocrx_word' id='word_1_474' title='bbox 986 4438 1163 4499; x_wconf 89' lang='lat' dir='ltr'>scholastica</span> <span class='ocrx_word' id='word_1_475' title='bbox 1191 4451 1221 4497; x_wconf 91' lang='lat' dir='ltr'>cr</span> <span class='ocrx_word' id='word_1_476' title='bbox 1247 4438 1429 4513; x_wconf 77' lang='lat' dir='ltr'>umbratifm3</span> 
     </span>
     <span class='ocr_line' id='line_1_47' title="bbox 56 4524 1429 4603; baseline -0.005 -12"><span class='ocrx_word' id='word_1_477' title='bbox 56 4544 140 4591; x_wconf 78' lang='lat' dir='ltr'>mm</span> <span class='ocrx_word' id='word_1_478' title='bbox 164 4526 191 4585; x_wconf 85' lang='lat' dir='ltr'>si</span> <span class='ocrx_word' id='word_1_479' title='bbox 214 4525 325 4587; x_wconf 86' lang='lat' dir='ltr'>difficili</span> <span class='ocrx_word' id='word_1_480' title='bbox 346 4544 434 4586; x_wconf 84' lang='lat' dir='ltr'>onere</span> <span class='ocrx_word' id='word_1_481' title='bbox 467 4528 623 4587; x_wconf 89' lang='lat' dir='ltr'>functionis</span> <span class='ocrx_word' id='word_1_482' title='bbox 651 4526 854 4600; x_wconf 84' lang='lat' dir='ltr'>distineretur,</span> <span class='ocrx_word' id='word_1_483' title='bbox 882 4542 941 4586; x_wconf 91' lang='lat' dir='ltr'>uon</span> <span class='ocrx_word' id='word_1_484' title='bbox 970 4534 1071 4601; x_wconf 89' lang='lat' dir='ltr'>posset</span> <span class='ocrx_word' id='word_1_485' title='bbox 1095 4524 1245 4602; x_wconf 87' lang='lat' dir='ltr'>indulgere</span> <span class='ocrx_word' id='word_1_486' title='bbox 1275 4524 1429 4603; x_wconf 87' lang='lat' dir='ltr'>cupiditati</span> 
     </span>
     <span class='ocr_line' id='line_1_48' title="bbox 55 4612 1428 4691; baseline -0.004 -14"><span class='ocrx_word' id='word_1_487' title='bbox 55 4616 141 4677; x_wconf 75' lang='lat' dir='ltr'>baio</span> <span class='ocrx_word' id='word_1_488' title='bbox 164 4613 346 4689; x_wconf 88' lang='lat' dir='ltr'>speculandi,</span> <span class='ocrx_word' id='word_1_489' title='bbox 370 4622 403 4673; x_wconf 91' lang='lat' dir='ltr'>ut</span> <span class='ocrx_word' id='word_1_490' title='bbox 425 4631 478 4673; x_wconf 92' lang='lat' dir='ltr'>nee</span> <span class='ocrx_word' id='word_1_491' title='bbox 498 4624 572 4687; x_wconf 86' lang='lat' dir='ltr'>turn,</span> <span class='ocrx_word' id='word_1_492' title='bbox 595 4614 620 4673; x_wconf 90' lang='lat' dir='ltr'>si</span> <span class='ocrx_word' id='word_1_493' title='bbox 644 4621 776 4689; x_wconf 83' lang='lat' dir='ltr'>egestate</span> <span class='ocrx_word' id='word_1_494' title='bbox 797 4621 985 4690; x_wconf 87' lang='lat' dir='ltr'>premeretur.</span> <span class='ocrx_word' id='word_1_495' title='bbox 1030 4613 1242 4691; x_wconf 82' lang='lat' dir='ltr'>(Cupiditatem</span> <span class='ocrx_word' id='word_1_496' title='bbox 1264 4612 1342 4672; x_wconf 86' lang='lat' dir='ltr'>banc</span> <span class='ocrx_word' id='word_1_497' title='bbox 1361 4614 1428 4672; x_wconf 82' lang='lat' dir='ltr'>exi-</span> 
     </span>
     <span class='ocr_line' id='line_1_49' title="bbox 55 4698 1430 4780; baseline -0.006 -15"><span class='ocrx_word' id='word_1_498' title='bbox 55 4706 158 4765; x_wconf 81' lang='lat' dir='ltr'>stimo</span> <span class='ocrx_word' id='word_1_499' title='bbox 182 4701 338 4777; x_wconf 87' lang='lat' dir='ltr'>significari</span> <span class='ocrx_word' id='word_1_500' title='bbox 361 4719 381 4760; x_wconf 90' lang='lat' dir='ltr'>a</span> <span class='ocrx_word' id='word_1_501' title='bbox 396 4700 542 4761; x_wconf 85' lang='lat' dir='ltr'>Mercurio</span> <span class='ocrx_word' id='word_1_502' title='bbox 566 4701 677 4775; x_wconf 86' lang='lat' dir='ltr'>veloce,</span> <span class='ocrx_word' id='word_1_503' title='bbox 701 4700 835 4761; x_wconf 89' lang='lat' dir='ltr'>orientali</span> <span class='ocrx_word' id='word_1_504' title='bbox 858 4703 888 4759; x_wconf 91' lang='lat' dir='ltr'>in</span> <span class='ocrx_word' id='word_1_505' title='bbox 905 4698 987 4780; x_wconf 90' lang='lat' dir='ltr'>vii.)</span> <span class='ocrx_word' id='word_1_506' title='bbox 1023 4698 1081 4760; x_wconf 89' lang='lat' dir='ltr'>Sed</span> <span class='ocrx_word' id='word_1_507' title='bbox 1104 4699 1273 4760; x_wconf 80' lang='lat' dir='ltr'>accenditur</span> <span class='ocrx_word' id='word_1_508' title='bbox 1289 4707 1320 4759; x_wconf 93' lang='lat' dir='ltr'>ut</span> <span class='ocrx_word' id='word_1_509' title='bbox 1335 4699 1430 4777; x_wconf 89' lang='lat' dir='ltr'>pluti-</span> 
     </span>
    </p>
   </div>
   <div class='ocr_carea' id='block_1_3' title="bbox 55 4786 1428 4924">
    <p class='ocr_par' dir='ltr' id='par_1_4' title="bbox 55 4786 1428 4924">
     <span class='ocr_line' id='line_1_50' title="bbox 55 4786 1428 4865; baseline -0.006 -10"><span class='ocrx_word' id='word_1_510' title='bbox 55 4806 151 4855; x_wconf 69' lang='lat' dir='ltr'>us·</span> <span class='ocrx_word' id='word_1_511' title='bbox 175 4787 250 4849; x_wconf 79' lang='lat' dir='ltr'>baec</span> <span class='ocrx_word' id='word_1_512' title='bbox 272 4789 417 4865; x_wconf 88' lang='lat' dir='ltr'>cupiditas</span> <span class='ocrx_word' id='word_1_513' title='bbox 439 4788 580 4865; x_wconf 87' lang='lat' dir='ltr'>exemplis</span> <span class='ocrx_word' id='word_1_514' title='bbox 603 4789 727 4850; x_wconf 64' lang='lat' dir='ltr'>diorum</span> <span class='ocrx_word' id='word_1_515' title='bbox 749 4796 780 4849; x_wconf 86' lang='lat' dir='ltr'>et</span> <span class='ocrx_word' id='word_1_516' title='bbox 801 4790 866 4865; x_wconf 86' lang='lat' dir='ltr'>ipsa</span> <span class='ocrx_word' id='word_1_517' title='bbox 889 4786 1060 4849; x_wconf 86' lang='lat' dir='ltr'>difficultate</span> <span class='ocrx_word' id='word_1_518' title='bbox 1082 4804 1177 4849; x_wconf 90' lang='lat' dir='ltr'>rerum</span> <span class='ocrx_word' id='word_1_519' title='bbox 1201 4786 1295 4864; x_wconf 90' lang='lat' dir='ltr'>(quod</span> <span class='ocrx_word' id='word_1_520' title='bbox 1311 4789 1428 4865; x_wconf 90' lang='lat' dir='ltr'>proprie</span> 
     </span>
     <span class='ocr_line' id='line_1_51' title="bbox 1165 4886 1221 4924; baseline -0.054 0"><span class='ocrx_word' id='word_1_521' title='bbox 1165 4886 1221 4924; x_wconf 68' lang='lat' dir='ltr'>u·</span> 
     </span>
    </p>
   </div>
   <div class='ocr_carea' id='block_1_4' title="bbox 0 0 1658 5534">
    <p class='ocr_par' dir='ltr' id='par_1_5' title="bbox 0 0 1658 5534">
     <span class='ocr_line' id='line_1_52' title="bbox 0 0 1658 5534; baseline 0 2"><span class='ocrx_word' id='word_1_522' title='bbox 0 0 1658 5534; x_wconf 95' lang='lat' dir='ltr'> </span> 
     </span>
    </p>
   </div>
  </div>
 </body>
</html>
