3322 5534
520 388 555 447 In
572 388 682 447 oricum
699 388 733 447 D.
752 388 889 461 il'yohonia
904 389 1004 449 Bralre.

298 570 363 632 Has
386 572 473 631 etiam
496 573 640 648 ingenuas
660 572 692 629 in
713 576 829 648 sceptra
849 584 990 646 reponere
1012 584 1097 630 curas
1138 616 1141 623 .

384 657 508 736 Quoque
530 665 615 737 potes
637 665 734 719 mous
754 656 932 735 ampllllcare
955 655 1054 720 modo.

297 746 443 827 'l'cmpora
464 746 613 806 nobilibus
636 746 766 806 condunt
786 746 938 825 pereuntia
959 747 1060 822 sigale,

386 836 521 894 Aetatem
544 833 644 893 mundi
666 843 786 914 pectora
808 833 894 892 bruta
915 831 1030 907 docent,

301 920 418 996 Quanta
440 925 479 980 sit
501 921 659 1000 expediunt
681 920 831 982 coelorum
853 920 972 980 condita
991 919 1084 981 moles

388 1007 543 1085 Quamque
565 1012 603 1069 sit
624 1009 770 1069 numanae
793 1007 949 1069 commoda
970 1007 1063 1069 forma
1085 1007 1197 1083 domus,

301 1096 347 1156 Ne
372 1096 452 1155 velut
474 1098 576 1172 ignota
597 1099 682 1156 vivat
702 1099 872 1176 peregrinus
895 1097 924 1154 ln
947 1096 1020 1157 urbe

387 1182 554 1260 'scrupeum
577 1183 697 1262 hospiti!
718 1184 835 1244 nactus
856 1186 921 1261 lpse
942 1185 997 1243 sul.
1042 1198 1045 1205 ·

301 1269 410 1348 Incipe,
432 1271 572 1345 mortalis,
595 1272 718 1330 stolidos
741 1271 886 1350 deponere
908 1270 1014 1330 fastus:

388 1355 538 1434 Quantula
560 1357 596 1418 de
618 1358 728 1420 mundo
749 1362 853 1438 portio,
877 1375 997 1434 quaeso,
1021 1364 1072 1417 tua
1094 1359 1152 1418 esti

302 1441 379 1520 Quin
402 1448 490 1506 etiam
512 1445 655 1506 humanos
679 1445 812 1522 adjurant
835 1448 970 1522 gnaviter
993 1463 1064 1505 nans

388 1530 429 1607 (0
451 1551 497 1592 res
520 1536 641 1610 ingratis
663 1551 753 1610 saepe
775 1532 909 1593 iteranda
931 1535 1030 1609 viris);

301 1617 428 1681 Uranien
450 1621 594 1680 loeeunda
617 1621 705 1681 Ceres
728 1620 920 1697 Bacchusque
942 1620 1111 1698 loquuntur,

389 1707 484 1766 Fauni
507 1708 685 1785 (lapripedea
708 1709 911 1785 Arcadiusque
934 1707 1025 1767 Deus.

304 1792 410 1855 Uranie
434 1796 600 1855 instabilem
622 1799 794 1856 constrinxit
814 1796 909 1856 Nerea
931 1799 1037 1871 nautis,

387 1882 493 1942 Aeolia
515 1880 622 1943 Uranie
644 1884 793 1961 subjuga
816 1894 911 1943 cestra
933 1882 1023 1944 dedit.

301 1968 386 2030 Haec
408 1973 472 2030 aris
493 1969 643 2047 Hispanos
666 1971 756 2031 alium
779 1969 900 2031 deduxit
921 1972 951 2028 iu
975 1972 1084 2043 orbem,

388 2056 466 2117 Huic
488 2062 578 2118 cessit
600 2056 715 2120 clausas
737 2076 810 2135 gena
832 2058 1002 2119 tremefacta
1023 2059 1109 2133 lorea,

304 2141 411 2205 Uranie
432 2145 565 2205 Batavos
587 2163 680 2206 saera
701 2149 831 2206 servavit
854 2147 892 2206 ab
915 2154 1005 2218 arcto,
1032 2156 1035 2161 ·

390 2231 471 2308 Quos
493 2234 569 2311 legit
590 2232 682 2293 multo
704 2240 835 2310 ternpore
858 2232 961 2293 clausa
983 2233 1054 2309 dies,

304 2319 399 2380 Tanta
422 2320 502 2379 dedit
524 2321 672 2397 qnondam
696 2321 799 2381 cultori
820 2323 952 2398 praemia
974 2321 1067 2396 dives,

388 2407 454 2467 Non
478 2408 613 2485 equidem
635 2417 764 2483 cunctas,
789 2408 906 2483 credite,
929 2408 1004 2467 ludit
1027 2425 1106 2486 opes.

307 2494 425 2555 Clandit
447 2496 651 2557 inexhaustam
672 2499 781 2573 maenio
804 2495 968 2574 praedivite
989 2512 1103 2573 guam,

391 2582 453 2642 Dat
474 2600 554 2645 nova
576 2601 634 2643 non
656 2586 747 2661 pigris
769 2602 889 2644 munera
912 2583 992 2643 culta
1014 2585 1094 2645 uiris.

305 2669 373 2729 Vim
398 2671 473 2730 coeli
495 2681 620 2732 reserate
645 2674 708 2745 riri,
732 2674 814 2732 venit
836 2672 936 2749 agnita
958 2671 996 2730 ad
1019 2687 1115 2745 mum,

390 2757 514 2833 Ignotae
538 2758 639 2818 videas
661 2758 814 2819 commoda
835 2758 917 2819 nulla
938 2760 989 2818 rei.

305 2843 412 2904 Clausa
434 2848 547 2921 aperire
568 2846 662 2919 labor,
685 2846 738 2906 sed
759 2848 868 2923 apertis
891 2863 949 2905 nou
972 2845 1055 2906 labor
1077 2847 1135 2920 uti3

390 2932 518 2992 Naturae
541 2935 658 3010 ingenio
681 2937 742 2994 vim
764 2943 890 2994 reserate
911 2935 976 2995 viri.

305 3018 348 3077 Mi
370 3036 497 3097 quoque,
522 3021 600 3079 Diva
622 3028 735 3097 potens,
759 3024 878 3099 propius
900 3022 1032 3098 perculta
1055 3020 1169 3095 dedisti,

392 3107 437 3167 Nc
460 3110 569 3167 cruciet
590 3116 716 3168 mentem
739 3127 818 3169 vana
839 3111 1017 3185 superstitio.

306 3192 414 3253 Dulcia
436 3212 495 3253 non
517 3202 631 3272 poterat
654 3213 838 3272 compescere
860 3199 974 3256 somnia
996 3196 1105 3270 Moses,

392 3281 526 3358 Suspicio
550 3301 671 3360 magnos
693 3285 802 3344 lecerat
825 3292 904 3345 astra
926 3284 1023 3359 Deos;

307 3369 393 3429 Forte
416 3372 505 3429 etiam
527 3373 657 3447 magicas
680 3373 826 3431 venissem
848 3379 1000 3448 promptus
1022 3370 1059 3431 ad
1083 3379 1169 3445 artes,

391 3456 519 3517 Elicieus
543 3456 628 3531 Orco,
652 3476 726 3535 quos
748 3477 847 3536 regere
871 3468 950 3519 astra
971 3466 1084 3536 putant.

307 3542 413 3602 lntima
436 3546 606 3622 quantisper
626 3563 685 3605 non
708 3546 745 3606 ad
767 3547 929 3624 penetralia
950 3550 1028 3621 veni,

395 3631 556 3709 Explorans
580 3636 656 3693 vires
679 3632 729 3693 lux
752 3637 885 3694 animosa
906 3644 982 3708 tuas,

308 3717 449 3779 Consulat
471 3730 614 3780 astrorum
638 3723 724 3794 vires,
748 3725 914 3799 quicunque
937 3722 1052 3781 laborat

396 3806 468 3866 Cum
492 3809 587 3867 lructu
610 3811 708 3868 vetitis
732 3810 837 3869 obvius
860 3812 901 3869 ire
925 3808 1016 3869 libris.

309 3893 412 3970 Tuque
436 3894 510 3954 adeo
534 3898 674 3955 immanes
697 3899 779 3956 terris
801 3904 933 3957 avertere
956 3904 1052 3975 pestes

278 4010 283 4021 ·
395 3981 426 4041 Si
449 3978 542 4064 (quod
566 3982 656 4042 Sacra
675 3980 795 4065 jubent)
818 3984 897 4044 Dirc
919 3982 1075 4061 Rudolphe
1097 3983 1194 4060 cupls3

308 4066 340 4127 Si
362 4069 415 4150 tibi
438 4079 507 4129 sunt
529 4070 608 4130 cordi
631 4073 753 4131 miserae
775 4089 855 4132 ruova
877 4071 1030 4130 commoda
1052 4071 1142 4145 vitae,

399 4155 500 4218 Gloria
522 4160 547 4217 si
571 4161 675 4217 summi
699 4158 794 4218 cultus
817 4176 958 4234 amorque
980 4159 1046 4232 Dei,

308 4242 395 4304 Hanc
417 4247 505 4305 etiam
528 4245 654 4306 clemens
676 4246 839 4306 studiorum
862 4246 1036 4324 amplectere
1059 4251 1179 4323 partem,

395 4331 549 4392 Consciam
573 4342 602 4393 et
624 4342 767 4393 astrorum
789 4353 876 4412 perge
899 4336 998 4394 lovere
1021 4333 1126 4393 Deam.

311 4419 446 4479 stravisti
469 4420 638 4498 Scythicum
661 4438 719 4480 uon
742 4440 800 4481 una
824 4423 906 4483 clade
929 4431 1099 4500 tyrannum:

396 4507 548 4568 lmbellcm
571 4526 713 4587 exsupera
736 4509 853 4569 taudem
878 4513 966 4569 etiam
988 4509 1138 4567 iuvidiam.

310 4593 405 4656 Millia
427 4596 577 4669 militibus,
602 4599 722 4657 veniant
742 4597 831 4657 modo
854 4596 971 4674 singula
992 4595 1103 4670 Musis;

394 4683 505 4743 Neutra
526 4692 651 4761 gravant
672 4683 791 4759 reditus,
814 4686 916 4745 invida
937 4686 1047 4759 lingua,
1072 4691 1147 4742 tuos.

311 4770 343 4832 Si
364 4777 461 4832 umen
485 4790 577 4849 usque
600 4772 674 4832 adeo
697 4773 805 4832 multus
828 4777 904 4852 rapit
927 4774 1025 4832 omnia
1047 4769 1140 4847 miles,

397 4858 430 4921 Si
453 4868 572 4923 cunctas
592 4861 668 4922 adeo
690 4860 771 4922 Mars
793 4862 951 4943 populatur
973 4875 1054 4941 opes,
