3308 5534
147 440 192 510 70
705 434 820 493 loannis
838 432 951 506 Kepleri

147 617 277 675 abrasam
295 613 323 668 in
341 611 432 669 Albim
451 610 568 667 derexit.
605 612 679 669 Saxa
696 611 813 681 denique
831 618 908 677 sunt,
932 609 998 666 olim
1016 610 1125 679 quidem
1144 611 1336 679 subterranea,
1353 627 1428 668 nnnc
1444 626 1510 669 sero

148 705 223 753 terra
241 692 384 754 subducta,
403 700 544 759 moutam,
563 708 634 760 qnae
652 691 751 748 duritie
769 706 819 746 sua
835 688 1033 759 perdurarunt,
1052 689 1132 756 gleba
1149 690 1251 748 circum
1269 690 1304 747 ob
1321 690 1510 749 triabffitaten

147 776 304 831 fatiscente.
331 772 407 825 Haec
423 784 507 825 causa
524 778 579 837 est,
597 789 646 828 cnr
662 771 690 825 in
714 770 853 839 plerisque
875 768 1007 823 montium
1031 769 1191 825 culminibus
1209 770 1362 826 inveniatur
1378 782 1510 826 saxornnr

150 852 302 922 congeries.
320 866 398 904 arces
417 848 482 903 olim
500 846 536 901 ibi
554 847 639 904 luisse
656 849 849 905 inconsiderati
869 848 1051 905 affirmabunt.
1087 847 1162 903 Haec
1181 854 1333 915 causaest,
1352 861 1423 917 qnae
1440 860 1511 901 saxa

149 932 246 989 erebra
263 946 313 1000 per
331 944 443 997 campos
468 942 599 981 arenosos
616 927 729 983 Silesias
753 926 891 996 dispersit.
928 928 995 981 Cum
1013 928 1082 983 enim
1102 927 1183 997 plena
1201 928 1238 982 sit
1254 936 1340 995 terra,
1363 925 1510 982 duriorum

149 1013 268 1080 impetus
286 1023 402 1077 magnus
420 1022 475 1061 nou
493 1014 551 1074 est3
576 1006 705 1063 eluuntur
722 1007 804 1077 igitur
822 1006 923 1077 pssum
941 1005 1016 1061 solae
1033 1004 1183 1061 valleeulae
1201 1020 1251 1059 ceu
1268 1004 1361 1061 lassae
1377 1018 1396 1059 a
1412 1018 1509 1073 peen-

149 1090 229 1146 nibus
247 1084 458 1157 scaturiginibus
478 1085 607 1154 sontium,
631 1086 752 1155 parcitur
769 1085 933 1155 planitiebus
952 1083 1159 1149 elevationibus,
1183 1082 1236 1137 nisi
1254 1090 1385 1151 quantum
1408 1082 1511 1139 imbres

149 1168 285 1239 abradunt
311 1167 344 1223 de
363 1166 423 1235 ipsa
441 1164 586 1219 latitudine
604 1163 669 1231 agri.
706 1164 858 1218 Exhanaris
877 1162 945 1224 illis,
970 1162 1013 1217 bis
1032 1162 1169 1231 depressis
1192 1161 1274 1232 longo
1297 1163 1359 1218 aeri
1380 1161 1510 1231 decursu,

149 1245 323 1304 denudantur
340 1259 414 1309 saxa,
433 1258 503 1313 quae
522 1240 585 1295 olim
603 1252 675 1296 terra
690 1242 820 1310 jacebant
839 1241 945 1298 obruta.

253 1322 327 1378 x1x.
347 1322 415 1377 Cum
439 1336 514 1375 mens
538 1319 575 1374 sit
596 1327 691 1374 auctor
715 1319 830 1381 ordinis.
856 1336 907 1376 nec
934 1321 1079 1390 quiequam
1103 1318 1285 1375 inordinatum
1307 1326 1335 1375 et
1352 1318 1510 1387 wasnaum,

151 1402 224 1475 qnod
243 1410 334 1457 mente
353 1398 514 1468 dispositum
533 1406 589 1466 eat,
612 1399 665 1453 uisi
684 1398 795 1453 arbitrio
814 1415 864 1455 uas
881 1400 1035 1471 permiserit
1052 1399 1172 1456 babeuas
1190 1399 1281 1457 causis
1298 1400 1510 1457 instrumentall·

149 1485 202 1539 bus
219 1497 236 1536 a
254 1496 285 1537 ae
304 1478 432 1535 dirersis:
451 1476 582 1547 sequitur.
601 1484 630 1531 ut
643 1492 683 1539 ea,
703 1492 773 1545 quae
792 1486 857 1533 sunt
874 1478 1035 1544 inordinata,
1053 1480 1081 1535 in
1099 1486 1231 1549 qnantum
1243 1477 1406 1549 inordinata,
1425 1479 1510 1537 ainta

150 1569 227 1619 motu
245 1560 439 1616 elementorum
459 1565 486 1612 et
504 1557 667 1611 necessitate
685 1557 823 1614 materiae.

252 1638 314 1693 XX.
333 1638 401 1693 Cum
419 1636 503 1707 igitur
520 1636 547 1689 in
567 1636 711 1705 superficie
730 1636 852 1706 corporis
870 1637 981 1707 lunaris,
1000 1645 1133 1705 quantum
1150 1634 1185 1690 ad
1203 1638 1296 1705 partes
1313 1631 1506 1703 evidentiores,

149 1716 274 1779 eouinaio
298 1716 391 1784 aliqua
409 1714 606 1784 conspiciatur,
629 1716 738 1784 aliquae
755 1724 848 1785 partes
862 1716 953 1785 ¹altae,
979 1717 1048 1772 aliea
1066 1715 1227 1784 depressae,
1251 1713 1321 1767 aliae
1339 1711 1509 1783 aequabiles,

148 1798 218 1855 alise
236 1810 365 1867 asperae,
388 1808 499 1848 necesse
525 1801 567 1847 eat
585 1793 614 1847 in
630 1792 719 1848 lunari
743 1808 858 1863 corpora
881 1810 943 1850 esse
966 1794 1069 1865 aliquid
1087 1791 1221 1861 analogon
1245 1792 1346 1847 nostris
1364 1790 1508 1849 elementia

149 1890 298 1946 eorumque
323 1870 503 1941 qualitatibus
528 1870 616 1926 dictis.
653 1872 710 1927 Eas
734 1871 817 1927 liccat
834 1870 912 1927 uobis
930 1872 1070 1942 appellare
1094 1872 1247 1927 nominibus
1264 1872 1375 1927 iisdem:
1400 1878 1434 1929 nt
1454 1868 1510 1927 sint

151 1959 256 2023 durum,
275 1948 390 2017 friabile,
409 1948 523 2017 andum,
542 1949 647 2004 bumor.

252 2028 327 2087 XXI.
346 2028 415 2083 bunt
432 2027 514 2095 igitur
531 2027 654 2083 maculae
673 2028 770 2083 Lunae
793 2027 890 2083 humor
913 2028 1025 2097 aliquis,
1051 2030 1097 2099 qui
1123 2046 1174 2084 aua
1196 2027 1329 2084 tinctione
1347 2035 1375 2083 et
1393 2028 1509 2084 mollitis

147 2115 240 2170 lumen
259 2109 330 2165 Solis
348 2106 468 2171 bebetat,
489 2107 536 2175 qui
554 2106 634 2175 lapan
653 2106 790 2177 aequabili
809 2108 882 2162 circa
900 2116 1023 2162 centrum
1041 2107 1115 2175 globi
1133 2116 1263 2163 causatur
1280 2112 1307 2160 et
1325 2104 1510 2165 humilitatem

148 2202 177 2249 et
195 2186 417 2259 aequabilitatem
437 2186 608 2253 superficiei3
628 2195 693 2241 sunt
709 2195 825 2255 montes,
844 2187 891 2257 qui
910 2194 937 2242 ει
955 2187 1144 2241 claritudinem
1163 2184 1257 2241 aSolc
1276 2194 1418 2255 acceptam
1433 2188 1511 2243 aieei·

146 2280 204 2329 tate
229 2276 258 2323 et
276 2265 374 2322 duritie
400 2278 450 2317 aua
476 2264 549 2318 clara
574 2265 657 2321 etiam
681 2265 832 2334 revibrant,
859 2265 906 2335 qui
924 2266 952 2319 in
971 2265 1056 2320 altum
1079 2281 1162 2333 supra
1180 2279 1313 2333 aquarum
1335 2264 1510 2336 superficiem

146 2352 301 2415 assurgunt,
320 2341 366 2411 qui
386 2348 413 2395 et
430 2340 567 2411 inaequali
586 2343 704 2412 partium
723 2341 873 2397 elevatione
892 2343 1063 2412 superficiem
1082 2352 1220 2412 ceperant.

253 2418 341 2475 Xllll.
360 2419 538 2486 apparentia.
564 2420 640 2475 luter
651 2419 772 2475 maculas
785 2429 827 2474 est
840 2420 979 2476 distinctio
993 2436 1077 2476 causa
1089 2420 1274 2485 obscuritatis,
1291 2436 1353 2475 cum
1371 2418 1428 2475 sint
1439 2418 1512 2477 allae

148 2500 208 2557 aliis
231 2497 370 2568 nigriores.
412 2496 464 2551 Eat
486 2497 557 2552 enim
576 2515 630 2553 una
647 2496 755 2553 macula
773 2515 789 2554 a
807 2506 900 2554 centro
925 2498 993 2554 disci
1016 2516 1110 2555 tersus
1133 2498 1273 2555 meridiem
1296 2506 1414 2566 εεηιοιε,
1439 2515 1511 2568 quas

147 2577 266 2648 speciem
284 2590 349 2645 prae
362 2589 392 2628 ae
404 2573 456 2628 lert
468 2573 558 2646 clypei
576 2577 704 2631 austriaci
723 2585 824 2637 (satura
843 2578 914 2632 enim
933 2586 976 2632 est
993 2577 1106 2645 nigredo
1125 2594 1208 2648 supra
1225 2585 1253 2634 et
1271 2576 1360 2644 inira),
1378 2578 1406 2633 in
1420 2578 1511 2635 medlo

149 2672 213 2713 sero
238 2654 326 2709 divisa
344 2662 387 2707 eat
410 2652 492 2709 limbo
516 2654 667 2724 aequaliter
685 2657 756 2723 lato,
780 2655 862 2725 paulo
881 2654 970 2711 minus
995 2658 1111 2711 obscuro
1129 2672 1211 2725 quam
1229 2656 1364 2725 reliquum
1382 2656 1511 2726 spatium,

149 2735 240 2791 rainus
258 2742 350 2787 tamen
369 2730 469 2800 lucido,
488 2748 567 2803 quam
587 2744 680 2802 partes
699 2734 793 2790 Lunae
813 2732 927 2789 lucidae.

253 2812 356 2869 XXlll.
375 2813 405 2866 ln
424 2812 504 2869 Luna
522 2812 605 2882 igitur
622 2823 715 2883 partes
734 2814 904 2879 maculosae,
924 2814 977 2869 boc
995 2820 1038 2868 est
1056 2814 1181 2883 regiones
1199 2815 1358 2881 bumentea,
1381 2812 1513 2871 dilierunt

150 2891 280 2963 gradibus
298 2890 428 2951 bnmoris.
447 2901 474 2945 et
493 2900 557 2948 stent
575 2891 645 2947 aliae
664 2894 806 2951 sicciores.
827 2894 898 2951 aliae
914 2893 1091 2951 humidiores.
1127 2895 1179 2949 Est
1197 2895 1279 2963 igitur
1297 2892 1400 2963 aliquid
1418 2892 1512 2949 anala-

148 2987 204 3041 gou
222 2970 323 3025 nostris
342 2967 519 3039 palustribus,
539 2969 641 3039 aliquid
660 2971 738 3041 puris
757 2973 886 3029 maribus.
922 2974 968 3030 Sic
987 2975 1058 3030 enim
1076 2975 1158 3030 etiam
1177 2973 1204 3028 in
1223 2973 1324 3028 nostris
1343 2971 1513 3041 palustribus

148 3055 278 3105 crescunt
295 3049 430 3117 granrina.
449 3048 585 3115 calamus,
600 3048 711 3119 juncus,
729 3050 847 3120 arundo,
865 3052 1024 3121 passimque
1041 3060 1152 3108 exstant
1169 3058 1197 3107 et
1214 3050 1327 3120 glebae,
1352 3066 1424 3120 quaa
1447 3058 1514 3109 sunl

148 3128 235 3186 durae
254 3136 282 3181 et
300 3128 389 3181 siccae
407 3134 434 3181 et
453 3124 614 3192 albicantes,
633 3145 704 3198 quae
724 3129 823 3185 clarius
842 3130 980 3186 revibrant
998 3131 1070 3188 Solis
1089 3131 1189 3187 radios.

252 3204 354 3260 xxtv.
373 3207 547 3275 apparentia.
586 3207 696 3277 Species
714 3208 896 3278 macularum,
921 3210 992 3265 circa
1016 3209 1115 3265 lineam
1134 3208 1290 3264 biaectiouis
1308 3208 1513 3279 collocatarum,

149 3300 199 3356 per
216 3284 350 3353 dioptram
370 3284 500 3353 optimam
525 3282 638 3339 offertur
656 3285 734 3343 oculo
753 3286 827 3342 baud
846 3286 977 3342 absimilis
1002 3287 1084 3343 faciei
1101 3287 1192 3357 pueri,
1212 3285 1320 3341 rarlolis
1343 3284 1512 3341 deformatas

148 3362 177 3418 ln
201 3362 287 3417 altum
312 3360 568 3430 protuberantibus,
596 3362 730 3431 siquidem
754 3363 826 3419 banc
851 3363 948 3419 facicm
974 3365 1109 3433 turgidam
1131 3366 1251 3421 illustret
1272 3366 1364 3421 lumen
1390 3366 1511 3423 radiiaa

149 3438 236 3497 latere
255 3440 387 3495 alterutro
406 3439 588 3507 venientibus,
606 3440 682 3496 rcrbi
700 3457 784 3497 cansa
796 3442 942 3511 asininam,
963 3454 993 3498 nt
1011 3444 1047 3498 sit
1059 3444 1085 3496 in
1099 3458 1132 3497 es
1144 3445 1250 3514 species
1262 3446 1365 3515 primae
1378 3446 1510 3515 quadrae,

148 3521 281 3576 adextro
305 3534 382 3585 vero,
406 3528 437 3573 ut
462 3518 607 3574 secundae.
647 3518 724 3575 Sicut
750 3522 820 3574 enim
847 3521 873 3575 io
899 3523 946 3577 tall
969 3522 1040 3577 lacie
1065 3522 1208 3578 tubercula
1231 3524 1395 3581 variolorum
1419 3528 1512 3583 omnia

149 3599 304 3657 clarescunt
322 3596 357 3653 ab
375 3597 423 3652 illo
442 3596 543 3665 latere,
567 3598 640 3667 quod
659 3607 701 3653 est
719 3615 814 3656 uersus
832 3600 936 3670 lumen,
960 3602 1001 3657 sie
1018 3601 1100 3657 etiam
1118 3602 1146 3657 in
1164 3601 1287 3670 partibus
1306 3602 1402 3657 Lunae
1419 3619 1512 3659 macn-

149 3678 215 3735 losls
234 3676 410 3734 disseminata
427 3686 576 3733 cernuntur
593 3676 713 3746 spatiola
730 3678 862 3747 rotunda,
880 3694 951 3748 quae
967 3680 1058 3735 omnia
1075 3678 1111 3735 ab
1123 3696 1178 3735 una
1189 3679 1271 3750 plaga
1288 3678 1364 3736 clara
1381 3690 1456 3751 aunt,
1474 3684 1512 3739 ab

149 3757 277 3829 opposita
295 3755 430 3812 umbrosa.

254 3837 338 3893 xxv,
358 3835 462 3905 Quodsi
481 3838 564 3891 etiam
583 3832 617 3889 ad
637 3834 705 3889 haec
722 3834 841 3904 spatiola
858 3852 892 3891 er
911 3836 958 3891 illa
974 3836 1066 3908 plaga,
1084 3852 1101 3892 a
1119 3852 1174 3908 qua
1191 3836 1359 3906 clarescunt,
1379 3837 1452 3893 Solia
1469 3838 1513 3895 ln·

149 3932 211 3973 men
229 3916 412 3977 allaberetur.
438 3911 656 3969 concludendum
681 3919 767 3979 esset,
792 3928 855 3969 rere
878 3923 920 3969 tot
943 3929 1005 3971 esse
1023 3916 1051 3970 in
1069 3914 1147 3971 Luna
1171 3914 1327 3984 tubercula,
1353 3924 1422 3986 quot
1445 3922 1512 3973 sunl

149 3994 307 4063 bujrrsrnodi
324 3993 449 4062 areolae,
468 4008 539 4063 quae
557 3992 584 4046 in
603 3990 688 4045 altum
707 3990 792 4045 ardua
811 3990 902 4047 lumen
921 3993 993 4050 Solis
1012 3993 1149 4063 excipiant
1167 3994 1369 4065 projiciensque
1387 3995 1512 4053 umbram

150 4070 178 4127 in
196 4072 304 4141 plagam
324 4090 341 4126 a
359 4071 424 4129 Sole
442 4087 573 4127 aversam.
611 4070 663 4127 Sed
683 4072 746 4141 quia
764 4074 931 4129 contrarium
950 4072 1094 4137 cernimus,
1112 4080 1205 4144 partes
1224 4087 1260 4127 sc.
1275 4071 1427 4129 maclarum
1440 4072 1511 4145 illas,

150 4166 221 4220 quae
240 4162 304 4206 sunt
320 4167 415 4206 semus
428 4150 528 4219 Solem,
547 4150 731 4218 obumbratas,
751 4162 843 4221 partes
856 4168 919 4207 sero
938 4152 965 4206 in
984 4154 1126 4209 adversam
1140 4152 1211 4208 Solis
1230 4153 1340 4224 plagam
1359 4162 1513 4227 sergentes,

149 4228 271 4286 lucidas:
291 4232 428 4287 contraria
446 4230 528 4285 etiam
546 4232 631 4301 priori
649 4232 737 4299 ligura
754 4231 899 4286 tribuenda
917 4241 960 4288 εει
978 4232 1032 4288 ἰΙΙίε
1045 4232 1178 4302 spatiolis,
1199 4240 1229 4286 ut
1247 4248 1301 4288 non
1319 4241 1466 4303 amarunt
1483 4234 1513 4291 ln

150 4308 307 4376 colliculos,
333 4308 381 4362 sed
401 4308 532 4379 depressa
550 4309 649 4364 sintin
669 4309 801 4363 cavitates
820 4310 960 4364 rotundas.
997 4310 1041 4367 Sic
1061 4312 1131 4366 enim
1149 4310 1195 4378 lit,
1219 4318 1251 4365 ut
1272 4312 1370 4367 limbus
1389 4311 1447 4369 Soli
1464 4312 1514 4369 ob-

150 4404 244 4445 versus
263 4387 385 4443 umbram
404 4404 482 4444 suam
494 4387 620 4458 projiciat
639 4390 665 4443 io
684 4387 796 4443 lundam
815 4388 948 4455 caritatis,
966 4388 1067 4443 limbus
1086 4404 1150 4443 sero
1168 4390 1320 4458 oppositus,
1331 4388 1403 4445 Solis
1420 4390 1514 4447 radies

153 4468 316 4523 rectioribus
334 4466 443 4537 angulis
461 4466 610 4536 excipiens,
629 4468 762 4523 clarescat
779 4468 870 4533 magis.

260 4546 359 4603 xxvi.
378 4544 505 4603 Axioma.
536 4545 579 4599 Ea
597 4563 667 4615 quae
686 4555 750 4602 sunt
767 4544 898 4615 ordinata,
917 4546 940 4599 si
959 4544 1061 4600 ordinis
1079 4562 1164 4603 causa
1182 4546 1280 4603 deduci
1299 4546 1514 4617 nequitarnotn

151 4624 347 4684 elementorum
370 4632 419 4678 aut
436 4639 454 4677 a
472 4626 637 4679 necessitate
659 4624 802 4691 materiae,
826 4623 903 4677 ualde
927 4622 1068 4693 probabile
1091 4634 1148 4697 eat,
1173 4642 1235 4683 esse
1252 4627 1287 4682 ab
1310 4625 1405 4695 aliqua
1426 4644 1513 4685 cansa

151 4704 249 4761 mentis
266 4709 403 4772 compote.
438 4702 554 4756 Asioms
578 4699 770 4757 declarandum
788 4710 831 4755 eat
849 4701 990 4771 exemplis.
1026 4702 1113 4758 Linea
1130 4714 1207 4759 recta
1229 4714 1273 4759 est
1290 4704 1444 4761 ordinatum
1462 4705 1512 4763 all·

152 4780 225 4853 quid,
243 4781 342 4853 globus
361 4779 521 4851 plumbeus.
538 4782 654 4837 emissus
672 4796 687 4835 e
706 4780 838 4851 sclopeto,
862 4780 948 4837 ienur
965 4782 993 4837 in
1012 4782 1084 4839 linea
1102 4792 1184 4839 recta
1221 4784 1273 4839 llic
1290 4794 1378 4838 motus
1396 4800 1453 4841 non
1470 4792 1515 4843 ast

152 4878 171 4921 s
187 4870 278 4919 mente
294 4860 394 4931 aliqua,
412 4858 463 4917 aed
479 4860 673 4919 aneeeaaitate
691 4860 832 4919 materiali.
857 4860 975 4917 Materia
991 4862 1064 4919 ειιὶιε
1080 4862 1185 4923 nitrma
1203 4862 1324 4937 pulsetis
1341 4862 1511 4923 bombardinl
