3308 5534
484 384 574 443 uoce
589 384 618 441 iu
635 384 774 445 Somnium
790 382 1019 443 astronomicum.
1393 380 1437 453 41
1467 422 1470 427 .

80 564 177 639 placuit
196 561 263 619 mihi
284 562 445 634 proloemro
465 562 496 619 in
518 564 626 621 hunam
656 562 827 637 potissimum
844 576 879 619 ex
897 561 1019 619 lalandia
1040 560 1155 620 soluere.
1190 561 1280 633 Μιὶοι
1295 560 1380 633 huius
1396 562 1439 617 in·

82 646 153 703 aulae
171 642 372 700 commendatio
390 642 442 698 init
459 656 476 698 a
493 646 649 701 narratione
666 642 805 714 vlyclsonia
825 642 934 712 Brahei,
953 642 988 697 de
1005 656 1060 713 qua
1076 641 1157 701 inira.
1185 642 1245 699 Nec
1262 642 1330 698 nihil
1347 642 1440 711 potuit

77 722 226 781 recordatio
248 721 376 778 lectionis
398 721 531 779 historiae
555 724 589 780 de
612 722 802 779 hibernatlone
826 719 1025 777 llollandorum
1046 720 1075 775 in
1099 719 1207 789 glaciali
1223 720 1302 777 Nora
1319 720 1437 791 Sembla,

77 818 144 873 quae
169 808 198 857 et
214 802 277 871 ipae
299 800 419 872 plurima
440 803 555 871 praebet
577 803 708 859 exercitia
730 801 915 859 astronomica
937 818 955 857 a
975 815 1020 855 ma
1042 799 1177 857 translata
1198 800 1228 856 in
1247 798 1440 855 Astronomiae

75 882 181 937 Partem
199 879 328 951 Opticam
345 895 418 935 anno
438 882 516 939 tuot.

177 963 206 1020 3.
224 961 258 1016 In
275 960 447 1017 habitatione
463 976 540 1031 mea,
563 978 618 1033 qus
642 963 741 1017 utebar
763 975 798 1016 ex
823 959 1001 1017 concessione
1018 957 1131 1014 Martini
1147 956 1302 1025 Bacchatii,
1323 956 1440 1013 rectoria

73 1040 230 1099 academiae
248 1039 408 1110 Catulinae,
432 1040 570 1110 pendebat
586 1042 622 1097 ad
638 1042 770 1111 parietem
788 1039 884 1095 charta
901 1036 1084 1111 geographica
1100 1036 1229 1106 Europae
1246 1042 1390 1106 pervetus,
1411 1035 1440 1091 in

74 1137 126 1191 qua
148 1117 316 1175 vocabulum
332 1118 420 1175 diota
437 1118 574 1175 islandiae
595 1118 664 1174 locis
686 1118 854 1189 adscriptum
879 1124 947 1173 erat
982 1116 1016 1171 Id
1039 1113 1168 1185 quicquid
1190 1121 1314 1179 suamet,
1336 1111 1442 1183 placuit

73 1198 138 1253 mihi
156 1196 233 1253 truci
251 1212 329 1266 sono,
349 1196 496 1265 addidique
513 1196 645 1253 usitatum
662 1195 771 1253 semino
788 1196 816 1251 in
834 1196 921 1252 veteri
938 1195 1031 1264 lingua
1053 1193 1216 1249 vocabulum
1232 1193 1342 1263 Hsldis3
1366 1188 1441 1247 unde

74 1274 255 1343 Braabiidia,
274 1276 433 1345 Moibaidia,
451 1276 615 1346 Rumpere,
633 1276 753 1333 Hdtrscd
769 1280 798 1331 ei
814 1273 922 1331 similia

177 1356 207 1411 t.
226 1355 299 1423 Quia
316 1354 486 1411 verisimilius
499 1354 553 1411 hoc
565 1356 599 1410 de
617 1356 683 1425 filio,
700 1354 794 1411 matris
812 1354 911 1409 artium
928 1353 1140 1426 promulgatore,
1158 1350 1278 1423 quamsi
1295 1364 1329 1405 ea
1345 1364 1441 1419 super·

75 1436 137 1491 etite
155 1433 280 1490 scribere
297 1432 454 1503 tingeretur.
478 1431 533 1489 Sed
551 1440 580 1488 et
597 1433 651 1489 hoc
667 1434 782 1488 innuere
799 1433 938 1505 uolebam,
956 1433 1083 1503 imperita
1100 1431 1278 1503 experientia,
1296 1444 1345 1485 seu
1358 1429 1440 1485 medi·

78 1530 172 1569 corum
190 1528 246 1569 usu
269 1512 414 1583 loquendi,
439 1513 569 1583 empirica
585 1512 781 1569 exercitatione
799 1511 930 1579 genitrice
949 1510 1025 1567 nasci
1046 1510 1151 1579 prolem
1170 1508 1332 1576 scientiam,
1357 1516 1441 1576 atque

74 1592 111 1649 dii
128 1608 187 1647 uon
206 1598 299 1647 tutum
317 1606 387 1657 esse,
405 1608 486 1661 quam
504 1592 552 1647 diu
569 1597 695 1661 superest
711 1590 783 1645 inter
800 1590 927 1647 homines
945 1598 1033 1646 mater
1050 1590 1214 1661 ignorantia,
1232 1604 1323 1644 rerum
1341 1599 1441 1642 cautae

75 1669 277 1725 occultissimas
295 1669 323 1723 in
341 1669 439 1739 vulgus
450 1672 609 1742 propalare,
627 1672 693 1742 quin
711 1673 803 1743 potius
821 1674 987 1744 parcendum
1006 1668 1187 1727 verecundiae
1201 1665 1381 1737 antiquitatis,
1394 1679 1441 1719 ex·

76 1750 257 1820 spectandam
274 1764 407 1804 annorum
424 1752 622 1819 maturitatem,
645 1766 700 1820 qua
717 1750 803 1808 veluti
825 1752 902 1808 aenio
919 1751 1044 1807 coniecta
1061 1748 1219 1817 Ignorantia
1240 1744 1351 1801 tandem
1368 1758 1442 1799 emo·

75 1830 173 1885 natur.
210 1828 280 1883 Cum
297 1826 381 1897 igitur
393 1827 496 1882 Samnii
512 1828 565 1884 mei
581 1843 684 1898 scopus
703 1830 748 1900 sit,
766 1836 955 1897 argumentum
974 1846 1026 1899 pro
1043 1836 1120 1885 motu
1135 1827 1244 1895 Terrae,
1262 1838 1312 1879 eeu
1330 1822 1442 1880 solutio·

76 1922 136 1963 aem
154 1906 252 1975 potius
270 1904 454 1974 objectionum
473 1904 508 1961 ab
526 1904 672 1961 universali
690 1908 904 1964 contradictione
923 1910 1013 1978 gentis
1030 1907 1167 1961 humanae
1182 1905 1368 1961 desumtarum
1385 1918 1443 1960 mo·

76 1988 117 2042 liri
135 1984 267 2055 exemplo
286 1983 395 2054 Lunae,
415 1983 473 2052 jam
498 1990 565 2041 tunc
589 1986 752 2041 exstinctam
773 1988 841 2042 eatis
865 1986 1018 2043 arbitrabar
1036 2000 1125 2056 exque
1142 1983 1274 2039 memoria
1290 1981 1443 2050 ingenioso·

74 2083 133 2122 rum
152 2065 299 2121 hominum
317 2064 482 2119 eradicatam
500 2072 619 2119 veterent
638 2064 710 2121 hanc
728 2066 928 2135 ignorantiam,
952 2067 1004 2121 etsi
1024 2064 1132 2135 quidem
1155 2062 1276 2119 luctetur
1295 2062 1443 2117 etiamnum

75 2146 165 2201 anima
181 2145 211 2200 in
230 2160 305 2199 nexu
322 2152 432 2198 anuum
455 2146 510 2195 mm
534 2142 697 2214 multorum,
724 2149 767 2197 tot
788 2142 889 2199 seculis
906 2143 1060 2198 firmissime
1077 2141 1192 2207 coalito,
1216 2146 1397 2210 superestque
1413 2140 1444 2195 in

74 2224 224 2281 academiis
247 2237 352 2277 annosa
372 2230 475 2288 mater,
502 2221 552 2277 sed
574 2219 615 2275 ita
637 2219 716 2288 sirit,
741 2226 773 2276 ut
789 2236 864 2276 mors
882 2222 907 2276 ei
924 2222 982 2277 vita
998 2221 1106 2278 felicior
1123 2218 1293 2275 aestimanda
1308 2219 1443 2276 uideatur.

75 2308 180 2374 (bunut.
199 2308 217 2356 b
237 2302 416 2368 desideratur.)

181 2382 208 2437 θ.
228 2380 262 2435 ld
279 2380 346 2435 mihi
363 2380 390 2436 in
409 2382 627 2453 peregrinatione
651 2398 713 2439 meo
734 2398 839 2453 nupera
862 2384 903 2439 sic
920 2384 1024 2455 evenit,
1049 2397 1205 2454 quenquam
1225 2396 1281 2437 non
1305 2379 1369 2447 soli,
1393 2377 1444 2435 sed

73 2458 166 2517 coetui
190 2457 312 2529 plurium
336 2461 572 2517 consentientium.
609 2460 676 2516 Cum
695 2461 766 2516 enlm
785 2476 836 2515 nos
852 2460 1011 2531 theologus,
1036 2465 1225 2533 augustanam
1243 2458 1444 2516 confessionem

72 2537 234 2609 protessus,
257 2535 363 2603 ingenti
380 2552 442 2593 cnm
459 2538 518 2593 aelo
536 2538 680 2594 inuasisset
698 2553 788 2607 exque
806 2538 949 2608 Scriptura
967 2540 1019 2595 sibi
1039 2541 1177 2597 rideretur
1194 2540 1332 2596 machinas
1349 2545 1445 2608 petere

73 2620 106 2675 ad
124 2633 181 2673 nos
199 2616 410 2685 oppugnandos,
429 2615 539 2671 tandem
558 2632 691 2673 accensus
709 2617 810 2671 nostris
829 2617 1034 2674 defensionibus
1051 2620 1161 2675 sublata
1178 2636 1245 2677 voce
1262 2624 1445 2676 contestatus·

74 2714 126 2769 que
144 2694 243 2751 omnia
260 2709 353 2759 sacra,
377 2694 476 2764 dogma
494 2694 547 2749 boc
564 2702 664 2751 contro
681 2712 787 2751 omnem
803 2698 940 2753 rationem
962 2714 1087 2767 pugnare
1106 2700 1275 2755 exclamavit
1304 2698 1373 2753 Tum
1393 2712 1444 2766 ego

74 2785 156 2848 rupto
183 2774 305 2842 denique
323 2772 433 2831 silentio
455 2775 610 2831 contumaci
629 2774 771 2844 (hactenus
790 2775 862 2830 enim
880 2776 1037 2832 assederam
1059 2777 1169 2833 auditor
1186 2780 1287 2847 merus)
1303 2770 1444 2845 aimirara,

75 2862 196 2927 inquam,
214 2853 270 2911 boc
286 2858 336 2919 est,
353 2853 428 2923 qood
444 2862 551 2911 oeatreae
567 2856 700 2923 [odionis
717 2855 841 2911 homines
858 2862 937 2927 argei
954 2857 997 2911 oei
1012 2857 1137 2928 ignaros.
1166 2857 1200 2913 st
1217 2858 1289 2913 enies
1306 2854 1446 2927 ᾱοῃιιιαιίι

76 2938 158 3008 tejaa
175 2934 340 2999 ιιιιῖίίαίιιιι,
357 2934 544 2989 accersitoteae
562 2939 588 2990 et
604 2934 817 3003 possibilitatem
827 2934 949 2989 smmis
959 2941 1066 2991 cestrae
1077 2937 1216 3005 oapastiie
1226 2937 1368 3007 cuperetis,
1380 2933 1445 3003 jora

76 3018 182 3074 ὼᾱιιιιι
198 3014 258 3068 ciat
275 3018 497 3082 argumentorum
514 3029 533 3067 o
550 3012 699 3082 Scriptura
716 3014 869 3081 petitorum
886 3028 935 3067 oos
952 3013 1009 3083 ipsi
1025 3014 1213 3082 declinaretis,
1231 3017 1358 3085 quaesito
1373 3030 1445 3071 cort·

78 3096 160 3151 nodo
179 3090 422 3159 interpretatione,
440 3096 471 3145 at
489 3091 563 3147 ulica
580 3091 675 3147 soletis
691 3107 750 3145 stoa
767 3106 843 3146 roro.
873 3090 913 3145 At
929 3108 1005 3147 aeae
1021 3097 1103 3148 teate
1120 3099 1160 3149 est
1177 3095 1297 3149 roboris
1314 3099 1379 3148 tace
1395 3094 1445 3147 ira·

79 3177 224 3241 adustus,
243 3176 276 3227 ot
294 3188 351 3225 aon
367 3172 470 3241 citieus,
488 3175 572 3228 etium
585 3190 671 3243 peaes
688 3188 740 3228 etos
753 3173 924 3242 paneadam
941 3174 1064 3242 aliquem
1082 3174 1283 3228 esserationis.
1310 3173 1378 3227 Nora
1394 3172 1446 3242 ipi-

79 3264 123 3313 tar
140 3259 246 3312 coatm
263 3266 370 3305 omnem
386 3252 523 3309 rationem
541 3254 641 3323 dopmo
653 3258 772 3323 pugnet,
791 3250 866 3320 qaod
883 3258 982 3306 contro
994 3258 1216 3307 astronomorum
1228 3259 1253 3308 et
1267 3250 1445 3323 physicorum

78 3336 214 3391 rationem
241 3346 300 3384 aon
319 3336 436 3398 pugnat.
472 3330 553 3401 Quod
576 3332 648 3385 euim
672 3346 729 3385 aaa
746 3330 824 3399 capit
840 3346 927 3396 anm,
950 3331 1028 3399 capit
1050 3331 1121 3385 alter
1137 3332 1169 3385 ira
1186 3332 1305 3386 materia
1317 3330 1445 3399 peritior.

181 3413 210 3469 7.
232 3411 290 3466 Sua
308 3411 406 3479 cuique
425 3410 528 3480 injuria.
561 3412 594 3465 In
613 3410 755 3478 Copernici
780 3425 849 3478 opos
868 3409 1079 3463 Revolutionum
1102 3409 1170 3463 hacc
1193 3408 1319 3477 capitalis
1345 3414 1388 3463 est
1403 3406 1445 3459 in·

76 3494 156 3565 juria,
176 3490 253 3561 quod
272 3490 391 3559 imperiti
408 3504 499 3543 rerum
517 3488 759 3542 astronomicarum
779 3490 918 3553 (censuras
936 3486 1067 3542 librorum
1085 3502 1140 3541 non
1159 3504 1192 3542 ex
1211 3492 1302 3541 monte
1320 3501 1377 3556 sua,
1396 3484 1444 3539 scd

78 3588 223 3645 perperam
241 3568 426 3641 interpretati)
445 3565 609 3634 existimant,
628 3581 682 3619 non
702 3580 763 3619 esse
781 3565 928 3634 legendum
945 3564 973 3618 id
993 3580 1071 3634 opus,
1089 3565 1141 3620 nisi
1159 3566 1235 3635 prius
1248 3572 1355 3621 exemto
1368 3570 1445 3617 motu

79 3655 194 3720 Terrae,
221 3650 297 3721 quod
315 3645 474 3703 tantundem
493 3650 536 3697 est
562 3657 594 3697 ac
618 3644 641 3696 si
660 3642 778 3712 diceres,
802 3660 856 3697 nou
875 3643 1019 3711 legendum
1039 3658 1100 3698 esse
1117 3644 1207 3712 prius,
1232 3660 1312 3714 quam
1330 3641 1444 3697 flammis

80 3733 159 3788 inerit
171 3735 309 3786 exustum.
334 3725 393 3780 Hos
411 3725 505 3791 itaque
516 3736 571 3776 non
584 3723 751 3791 argumentis
770 3738 829 3792 ogo,
847 3722 896 3778 aed
913 3724 971 3779 rien
990 3722 1150 3779 refutandos
1167 3730 1255 3793 ratus,
1273 3722 1328 3778 tale
1347 3718 1445 3789 scripsi

83 3812 262 3881 epigramma:

394 3881 437 3938 Ne
453 3881 605 3947 lasciviret,
624 3887 752 3950 poterant
770 3888 891 3937 castrare
908 3886 1026 3952 poetam,

465 3958 612 4014 Teuticulis
632 3958 729 4013 demus
747 3958 803 4013 vitu
822 3968 962 4027 superstes
981 3965 1048 4015 erat.

395 4036 453 4093 Vae
468 4039 519 4093 tibi
537 4038 704 4107 Pythagora,
722 4038 832 4094 cerebro
852 4039 899 4106 qui
917 4039 998 4095 ferris
1016 4042 1128 4110 abusus,

462 4117 554 4171 Vitam
572 4114 733 4183 concedunt,
753 4124 816 4171 ante
835 4117 885 4171 sed
904 4121 1093 4175 excerebraut.

182 4196 213 4253 8.
230 4192 326 4250 Fallor
344 4208 378 4247 an
397 4200 492 4249 auctor
508 4203 618 4263 satyrae
635 4195 774 4264 procacis,
792 4195 836 4247 cui
850 4211 946 4250 nomeu
960 4196 1095 4252 conclave
1107 4197 1286 4265 ignatianum,
1306 4196 1446 4265 exemplar

81 4284 174 4333 nudus
191 4279 253 4329 crat
269 4272 353 4340 hedua
371 4273 509 4344 opusculi;
526 4273 624 4343 pungit
643 4273 713 4327 enim
730 4288 774 4327 me
791 4273 950 4328 nominatim
969 4275 1049 4329 etiam
1068 4276 1095 4329 in
1113 4275 1175 4345 ipso
1193 4277 1336 4347 principio.
1372 4278 1443 4331 Nam

81 4354 274 4425 inprogressu
296 4351 424 4404 miserum
443 4350 624 4420 Copernicum
651 4350 761 4405 adducit
787 4350 822 4405 ad
845 4351 971 4406 Plutonis
992 4351 1127 4415 tribuual.
1156 4355 1192 4409 ad
1219 4355 1292 4424 quod
1316 4356 1343 4409 ni
1365 4353 1444 4409 fallor

79 4439 166 4494 aditus
190 4440 237 4491 eat
259 4450 311 4504 per
331 4434 435 4489 Hcclae
457 4435 608 4505 voragines.
627 4433 663 4503 (2,
682 4436 707 4498 5,
725 4435 761 4503 9.)
800 4435 857 4491 Vos
881 4435 973 4497 amici,
999 4435 1046 4503 qui
1070 4434 1194 4489 notitiam
1219 4433 1326 4489 habetis
1350 4448 1442 4486 rerum

80 4533 197 4575 mearum
218 4519 248 4568 et
264 4528 337 4583 quae
355 4513 421 4567 mihi
440 4528 523 4568 causa
541 4510 623 4565 suerit
641 4511 866 4581 peregrinationis
884 4510 1024 4578 proximae
1042 4510 1069 4563 in
1088 4511 1223 4581 Surculum,
1241 4509 1401 4580 praesertim
1419 4510 1444 4562 si

82 4596 124 4663 qui
142 4600 266 4648 restrum
284 4592 401 4647 antehac
418 4592 634 4659 manuscriptum
652 4590 726 4645 nacti
744 4590 868 4653 inerunt,
893 4588 1014 4643 libellum
1038 4590 1134 4656 istum,
1160 4591 1283 4644 ominosa
1305 4589 1359 4642 ista
1377 4588 1442 4641 mihi

81 4677 201 4744 meisque
218 4672 306 4727 fuisse
324 4670 480 4727 censebitis.
515 4669 575 4723 Nec
594 4684 644 4737 ego
664 4669 804 4724 dissentio.
840 4669 970 4735 blagnum
992 4668 1119 4736 equidem
1143 4675 1186 4723 est
1204 4666 1297 4722 mortis
1315 4680 1394 4719 omen
1414 4666 1442 4719 in

81 4754 189 4809 mlnere
206 4751 306 4809 lethali
322 4750 435 4819 inflicto,
455 4748 481 4803 in
499 4764 604 4805 veneno
623 4756 713 4819 epoto,
732 4766 783 4805 nco
800 4749 889 4805 minua
907 4748 992 4802 tuisse
1010 4748 1118 4803 videtur
1135 4747 1220 4804 cladis
1233 4743 1396 4800 domesticae
1413 4742 1442 4797 in

82 4833 271 4907 propalatione
294 4830 379 4901 huius
401 4828 505 4899 scripti.
541 4828 696 4886 Credideria
714 4828 860 4887 scintillam
878 4827 1018 4898 delapsam
1036 4829 1064 4883 in
1081 4828 1223 4885 matonam
1245 4823 1362 4892 asidam,
1390 4821 1443 4877 hoo
