3308 5534
151 388 217 457 102
669 385 834 445 Plutarchus
853 386 887 443 tle
906 384 987 443 Facie

151 584 248 645 nequa
271 565 394 627 densum
417 582 512 641 neque
536 574 624 625 tenue
648 566 695 627 rel
717 584 813 627 rarum
840 568 938 643 ipsum
960 584 993 628 se
1015 566 1079 647 ipso
1103 584 1197 645 capax
1219 584 1284 629 esse
1306 568 1435 629 mimae.
1471 566 1513 629 Et

149 653 284 715 bunede
307 656 473 714 substantia
497 654 608 713 Lunae.

255 741 394 801 Latitudo
418 756 488 799 reto
511 751 542 799 et
563 738 735 815 magnitudo
757 739 822 816 ejus
844 757 904 799 nou
926 748 972 800 est
994 740 1054 815 illu,
1077 758 1165 815 quam
1188 750 1358 818 geometrae
1380 739 1511 817 uadunt,

150 825 203 887 sed
225 829 318 887 multo
341 828 444 904 major.
490 826 577 901 Quod
601 844 671 887 reto
694 828 827 887 umbram
849 827 956 887 Tenue
979 829 1113 904 pauculis
1135 831 1180 887 sui
1205 831 1334 906 corporis
1356 830 1511 901 magnitu-

149 914 267 973 dinibus
283 915 480 983 dimetiuutur,
505 915 534 972 id
550 932 608 973 non
624 923 668 974 est
683 926 801 991 propter
818 918 993 991 parvitatem
1008 933 1101 987 suam,
1125 914 1177 977 sed
1199 919 1270 993 quia
1293 915 1511 977 ferventissimo

150 1011 232 1061 utottt
255 1006 427 1073 concitatur,
452 1012 485 1059 ut
506 1001 638 1060 celeriter
659 1002 787 1077 trajiciat
809 1002 906 1062 locum
928 1003 1114 1062 tenebrosum
1127 998 1193 1078 ¹²⁰),
1218 1001 1394 1063 subtrabens
1409 1012 1440 1063 et
1454 1020 1510 1065 es-

149 1100 270 1167 purtaus
300 1094 414 1166 piorum
441 1092 556 1147 animas
586 1088 708 1165 cupidas
738 1098 768 1149 et
796 1088 953 1148 clamorem
985 1088 1177 1149 intendentes.
1222 1090 1298 1149 llam
1321 1092 1350 1149 in
1373 1090 1510 1150 umbram

152 1175 268 1236 delutue
291 1194 349 1235 non
372 1176 499 1252 amplius
522 1175 681 1235 exaudiunt
713 1185 885 1235 concentum
909 1176 1065 1236 coelorum.
1109 1176 1202 1236 Simnl
1226 1188 1325 1238 autem
1347 1180 1439 1237 etiam
1461 1178 1511 1237 in·

152 1264 240 1325 serius
269 1264 311 1339 (in
334 1262 485 1341 profundis
511 1262 610 1321 launna
640 1261 801 1345 specubus)
832 1281 947 1336 eorum,
978 1266 1029 1339 qui
1051 1266 1154 1341 poenis
1177 1263 1360 1341 plectuntur,
1391 1266 1511 1327 animae

149 1352 291 1426 tantisper
314 1350 383 1409 dnm
406 1353 434 1408 in
458 1353 561 1409 umbra
584 1360 651 1409 sunt
675 1349 824 1426 plorantes
846 1350 975 1409 lamenta
997 1349 1088 1410 edunt
1118 1350 1309 1411 incredibilia.
1346 1349 1511 1429 Propterea

149 1440 238 1497 etium
261 1438 378 1513 pulsare
400 1436 496 1497 solent
517 1436 649 1514 plerique
664 1437 815 1495 bominum
831 1440 860 1495 in
876 1435 1013 1513 deliquiis
1036 1455 1123 1497 aerea
1139 1455 1211 1497 rasa
1233 1440 1415 1515 tinnitusque
1430 1440 1509 1501 ciete

149 1534 178 1583 et
201 1528 339 1600 strepitus
354 1520 407 1603 ¹⁸¹)
437 1524 578 1583 adt-ersus
600 1518 789 1603 animuum).
834 1524 1042 1601 Expavescunt
1064 1527 1141 1584 enim
1168 1525 1249 1585 illam
1272 1526 1380 1585 dictam
1405 1526 1510 1589 Lunae

149 1611 264 1684 taciem,
289 1614 339 1671 ubi
362 1613 671 1689 appropinquaverint,
694 1628 771 1689 quae
794 1623 879 1670 torro
901 1622 931 1671 et
953 1611 1083 1671 horribili
1106 1620 1152 1671 est
1173 1624 1305 1689 aspectu.
1352 1610 1416 1673 Etsi
1440 1612 1511 1673 talis

148 1697 269 1775 quidem
292 1698 345 1759 illa
366 1716 425 1759 uon
448 1712 504 1773 est,
536 1698 588 1757 sed
617 1701 694 1758 sicut
721 1708 821 1757 nostru
849 1698 923 1759 haec
945 1698 1036 1759 Terra
1065 1702 1146 1757 sinus
1173 1698 1264 1759 babet
1292 1699 1455 1777 profundos
1479 1708 1512 1761 et

149 1785 274 1863 amplos,
297 1804 387 1845 uuum
410 1785 528 1862 quidem
552 1786 599 1845 bic
621 1802 673 1862 per
695 1783 845 1844 columnas
861 1784 998 1845 Herculis
1021 1786 1096 1845 intro
1118 1784 1157 1845 ad
1171 1803 1226 1845 uos
1249 1786 1355 1860 iusum,
1378 1790 1511 1849 exterior

153 1890 224 1933 reru
248 1868 460 1953 caspium¹²³),
483 1889 593 1947 eosque
613 1876 663 1948 qui
686 1882 754 1930 sunt
777 1877 854 1932 circa
876 1890 954 1933 mare
977 1872 1109 1940 rubrum,
1138 1874 1181 1933 sic
1205 1876 1279 1934 istas
1301 1872 1419 1949 (Lunae
1441 1892 1511 1935 111-

148 1954 247 2041 11111)
274 1960 488 2037 profunditates
516 1972 545 2019 et
576 1962 785 2019 excusationes
815 1960 914 2020 Lunae
945 1968 1013 2019 sunt
1027 1955 1089 2037 m).
1135 1960 1177 2018 Er
1201 1963 1237 2020 iis
1266 1978 1355 2020 uttam
1385 1960 1511 2038 quidem

148 2051 307 2107 maximam
330 2048 458 2107 llecatcs
481 2045 630 2123 penetrale
654 2046 841 2122 appellitant,
873 2048 922 2107 ttbi
946 2064 1057 2123 poenas
1072 2056 1102 2105 et
1118 2047 1275 2107 exsolvunt
1297 2057 1326 2108 et
1349 2056 1512 2125 tepescunt

148 2138 264 2195 animae
287 2152 340 2213 pro
364 2138 409 2205 iis,
433 2152 509 2211 quae
525 2152 591 2193 cum
611 2134 673 2209 jans
687 2144 784 2193 esseut
800 2144 887 2193 natae
905 2132 951 2193 cel
966 2132 1147 2210 pertulerunt
1163 2134 1209 2194 tel
1225 2137 1432 2195 commiserunt
1443 2130 1510 2213 Ι15),

151 2221 227 2282 duae
252 2240 321 2281 reto
344 2225 471 2281 minores
501 2218 643 2287 summi.
689 2220 886 2297 Trajiciuntur
914 2222 990 2281 enim
1019 2224 1133 2279 animae
1157 2223 1186 2280 in
1209 2220 1267 2280 illis
1289 2238 1367 2281 nune
1387 2221 1509 2301 quidem

149 2312 179 2369 in
202 2320 303 2386 partes
325 2309 445 2381 Lunae,
477 2326 553 2384 quue
583 2326 685 2367 sersus
711 2308 826 2367 eoelum
848 2316 996 2384 spectant,
1025 2326 1137 2367 rursum
1167 2310 1195 2367 in
1219 2326 1270 2369 eus
1296 2326 1374 2385 quae
1404 2326 1510 2371 tersus

151 2396 274 2457 Terram
288 2392 351 2463 Ἠ).
391 2396 427 2453 Et
450 2413 527 2471 quae
550 2394 588 2453 ud
612 2394 727 2454 coelum
749 2405 884 2472 spectant
899 2412 1019 2471 campus
1035 2394 1145 2472 elysius
1168 2403 1320 2465 tueantur,
1343 2414 1421 2471 quaa
1436 2414 1509 2460 sero

149 2484 188 2543 ad
210 2501 265 2543 nos
287 2493 433 2562 spectant,
456 2482 657 2559 Proserpinae,
681 2500 740 2542 nott
763 2501 833 2541 acro
857 2482 1090 2542 Contra-Terrae
1112 2498 1231 2557 tuamen
1255 2483 1413 2555 obtinent).

254 2570 320 2631 b'on
343 2587 457 2645 semper
489 2588 558 2629 reru
587 2579 683 2629 terunt
706 2571 746 2628 ibi
769 2580 883 2646 tempus
906 2572 999 2645 genii,
1028 2568 1081 2627 sed
1108 2569 1166 2628 buc
1194 2568 1375 2629 descendunt
1407 2587 1510 2631 cutam

149 2662 260 2737 gesturi
285 2658 485 2727 oraculorum,
509 2659 710 2733 intereuntque
733 2666 762 2717 et
785 2659 840 2733 ipsi
863 2656 1012 2715 sacrificiis
1035 2654 1266 2725 sublimissimis,
1289 2664 1319 2715 et
1342 2657 1426 2731 orgia
1448 2675 1510 2719 utta

149 2748 300 2807 celebrant
329 2744 518 2820 vindicesque
549 2745 676 2803 existunt
700 2753 730 2803 et
752 2743 889 2804 custodes
911 2742 1051 2803 scelerum
1082 2752 1112 2802 et
1139 2752 1315 2803 sert-atores.
1359 2742 1400 2803 Hi
1424 2754 1452 2805 et
1477 2747 1508 2805 lu

148 2833 235 2895 bellis
257 2841 286 2892 et
310 2835 338 2889 itt
362 2834 434 2890 utari
457 2832 536 2889 luces
558 2832 737 2908 praeletnnn
760 2833 877 2907 quoties
899 2848 968 2891 sero
991 2828 1062 2907 quid
1084 2830 1187 2889 lterum
1210 2848 1268 2889 non
1292 2830 1368 2891 betta
1383 2834 1508 2907 egerint,

147 2920 333 2981 sedantes
357 2922 400 2979 ira
429 2929 480 2977 aut
510 2916 547 2977 ad
576 2922 700 2994 gratiam
724 2918 861 2995 injustam
891 2927 942 2977 aut
973 2936 1007 2977 er
1038 2916 1164 2991 insidia,
1196 2936 1307 2995 poenas
1337 2918 1507 2993 exsolvunt,

148 3005 749 3077 11111111111111111111111111111,
781 3008 904 3064 contorti
935 3007 963 3060 in
993 3004 1122 3063 ltuntana
1151 3022 1283 3082 corpora.
1329 3004 1372 3063 Er
1403 3024 1507 3067 eorum

149 3113 219 3155 reto
242 3111 332 3155 censu
362 3096 412 3170 qui
446 3094 598 3163 meliores,
628 3092 671 3152 illi
702 3095 752 3169 qui
784 3094 860 3152 circu
889 3090 1047 3151 Saturnum
1076 3104 1159 3161 sunt,
1188 3094 1277 3151 etiam
1306 3110 1338 3151 se
1370 3092 1508 3155 dixerunt

151 3200 233 3253 esse,
263 3194 292 3241 ct
315 3184 395 3257 prius
418 3178 537 3255 quidem
568 3182 597 3236 itt
621 3180 708 3239 Crctu
730 3182 819 3239 etiam
842 3177 984 3255 Duetylos
1015 3177 1082 3236 illos
1105 3176 1229 3252 Idaeos,
1261 3186 1290 3239 et
1321 3180 1350 3236 iu
1375 3178 1506 3257 Phrygia

148 3270 334 3347 Corybantas
363 3281 392 3329 et
415 3265 640 3342 Trophonisdas
670 3270 698 3324 in
724 3265 854 3326 Lebadia
877 3266 1018 3325 Boeotico
1046 3275 1074 3323 ct
1098 3266 1226 3325 infinitos
1255 3266 1330 3325 alios
1355 3268 1384 3323 in
1408 3266 1505 3344 pluri-

150 3359 206 3415 mis
234 3355 307 3413 locis
336 3356 415 3413 orbis
444 3353 586 3413 habitati.
617 3370 739 3425 qttontnt
768 3370 851 3411 sacra
874 3363 903 3410 et
925 3352 1050 3410 bonores
1079 3362 1107 3411 et
1130 3352 1345 3429 appellationes
1367 3366 1506 3431 manent;

151 3442 316 3519 aliquorum
339 3460 409 3501 reto
432 3453 594 3517 potestates
617 3440 793 3511 deiecerunt,
816 3442 867 3514 qui
891 3442 920 3497 in
944 3440 1019 3497 tulius
1034 3438 1115 3497 locos
1132 3440 1264 3500 translati
1279 3442 1420 3516 optimam
1436 3460 1507 3519 per·

148 3532 341 3589 mutationem
363 3540 430 3587 sunt
454 3530 542 3587 nacti.
588 3526 653 3586 lloc
677 3546 746 3587 reto
769 3530 912 3599 contingit
935 3526 1001 3583 aliis
1022 3528 1117 3602 prius,
1147 3527 1213 3587 aliis
1240 3530 1352 3599 serius,
1384 3530 1505 3605 quando

148 3635 230 3677 mens
253 3618 291 3677 ab
314 3610 726 3691 11111111111111111111“2“);
749 3616 909 3673 secernitur
931 3626 1029 3673 nutent
1052 3631 1150 3673 umore
1166 3616 1311 3691 itnaginis,
1335 3632 1412 3689 quse
1428 3620 1507 3679 cirea

147 3704 246 3767 Solem
269 3718 312 3763 est
328 3700 398 3785 ¹²³),
427 3720 478 3778 per
500 3719 589 3778 quam
611 3702 731 3779 udttlget
755 3700 799 3773 itl,
823 3700 902 3779 quod
925 3712 968 3761 eat
991 3701 1149 3778 expetibile
1172 3712 1201 3763 et
1223 3702 1354 3761 divinum
1378 3704 1506 3765 111111-

148 3805 220 3863 tum,
243 3794 328 3869 cujus
351 3804 494 3867 appetens
516 3800 560 3849 est
583 3792 676 3847 otonis
699 3798 811 3859 tratura,
835 3789 894 3849 alio
917 3787 1035 3865 quidem
1058 3788 1151 3847 aliter.
1197 3789 1272 3849 Sam
1295 3792 1388 3866 ipsum
1413 3794 1505 3851 etiam

149 3880 262 3939 Lunam
293 3895 393 3937 umore
415 3878 495 3935 Solis
525 3878 783 3937 circunmmlntlare
811 3894 925 3954 semper
955 3887 983 3935 et
1007 3878 1084 3935 coire
1107 3894 1172 3935 cnm
1195 3876 1261 3947 illo,
1289 3880 1505 3953 coucupiscen-

147 3977 206 4027 tem
229 3968 267 4025 ub
291 3968 355 4042 ipso
378 3964 438 4023 lieri
470 3982 557 4040 quum
581 3964 846 4025 sttccundisslmam.
893 3961 1077 4039 llelinquitttr
1105 3973 1203 4023 autem
1227 3968 1256 4024 in
1280 3963 1364 4023 Luna
1386 3968 1505 4027 animae

148 4066 262 4125 natura,
286 4069 464 4111 conservans
487 4052 578 4111 veluti
603 4054 728 4125 vestigia
751 4050 897 4127 quaedam
920 4050 966 4110 rel
990 4052 1104 4109 somnis
1127 4054 1215 4115 ritae.
1255 4052 1291 4113 Et
1314 4050 1349 4111 de
1364 4048 1421 4115 hae
1435 4055 1505 4131 qui·

150 4141 216 4202 dem
239 4154 316 4201 reete
338 4152 456 4199 eeuscto
480 4140 588 4199 dictum
612 4138 699 4197 illud:

395 4232 579 4287 ,1111111111
602 4234 636 4285 ut
659 4242 784 4283 somnus
808 4226 925 4283 tulttcsn'
946 4232 1025 4282 secut
1046 4228 1122 4281 11111
1144 4238 1246 4281 mrsu.

254 4314 357 4389 licque
380 4318 457 4373 enim
481 4314 530 4371 illa
552 4316 650 4371 statim
665 4322 744 4383 tunc,
768 4328 862 4387 neque
877 4315 1001 4389 primum
1024 4322 1112 4387 atquc
1135 4326 1255 4385 corpore
1276 4310 1332 4369 luit
1354 4312 1501 4385 exsoluta,

146 4402 202 4462 ltoc
225 4410 270 4461 est
293 4420 397 4477 patus.
420 4399 472 4461 sed
495 4404 658 4477 posterius,
687 4398 806 4474 quando
829 4398 944 4457 «lescrts
966 4407 995 4457 et
1017 4397 1081 4457 sols
1104 4397 1349 4456 meritamente
1372 4399 1503 4461 ret-uisa.

147 4490 183 4548 1“,1
213 4488 359 4547 liemarus
387 4490 516 4547 omniurn
546 4506 624 4565 quse
652 4486 726 4547 dixit
756 4486 812 4545 boc
840 4488 965 4545 maxime
995 4484 1059 4545 Deo
1087 4483 1215 4543 dictante
1246 4483 1360 4545 uidetur
1391 4484 1503 4547 dixisse

147 4576 183 4638 de
207 4578 322 4637 inieris:

400 4660 562 4721 ,1111111111
587 4660 735 4721 1111111111
758 4662 898 4737 superior
917 4678 977 4735 pro
1000 4660 1105 4717 robore
1129 4668 1216 4717 tertre

403 4748 514 4819 instar,
537 4758 570 4809 11
592 4752 655 4827 ipse
677 4748 747 4807 Dt't's
767 4766 826 4805 sete
849 4747 1071 4805 immortalibus
1094 4740 1262 4827 infert'³⁰).

147 4836 225 4899 11111
246 4838 448 4915 11111111111
469 4844 600 4899 aurbum
622 4852 681 4897 uon
702 4844 865 4915 utusque
888 4836 946 4908 ira,
969 4852 1065 4911 neque
1087 4844 1198 4909 matus,
1224 4850 1320 4911 usque
1342 4832 1500 4914 cupiditas,
