3308 5534
146 430 212 502 838
657 425 721 483 Vita
737 424 853 483 ioannis
871 422 991 496 Kepleri.

146 604 252 660 intento
270 604 414 660 isaccutus
430 600 523 673 tuero,
547 617 601 658 non
620 601 691 657 enlm
708 601 762 657 nisi
784 600 900 658 bauain
917 603 1000 659 rebus
1018 602 1131 659 medicis
1156 606 1287 660 versatus
1305 602 1456 663 datm·
1475 636 1497 649 -

149 692 293 763 ,Gaudeo,
316 691 413 746 viduas
436 696 464 746 at
481 689 600 759 virginee
617 689 704 745 bonas
724 695 752 744 et
769 688 901 758 plurimas
919 688 993 759 apud
1011 705 1059 745 vos
1078 691 1190 747 venales
1210 708 1289 761 esse,
1316 708 1400 748 unam
1423 700 1500 749 tames

146 796 197 852 pro
215 795 259 835 mc
276 793 350 834 emas
368 778 461 845 aelim,
489 776 614 848 pluribus
637 776 709 832 enim
731 791 787 830 non
804 768 914 846 indigeo
937 784 965 832 et
981 776 1058 846 prius
1083 778 1117 833 de
1137 778 1308 835 domuncula
1328 780 1501 851 prospiciam.

147 868 195 927 ubi
213 882 273 923 cam
291 865 432 922 includere
450 864 562 935 possim,
581 880 642 919 cum
660 879 769 920 venero.
806 863 844 918 At
861 862 924 917 binc
943 864 996 918 nisi
1015 864 1098 920 fallor
1115 865 1202 933 vides,
1218 866 1280 935 jam
1297 874 1330 922 te
1348 866 1428 923 nimis
1442 884 1502 937 usp

148 972 213 1013 num
230 964 320 1010 vatem
338 952 436 1022 tuisse,
456 952 503 1021 qni
521 950 615 1006 dixisti
632 948 768 1017 tutorum,
788 954 820 1004 ut
837 948 985 1019 aliquando
1002 949 1090 1006 limos
1107 950 1157 1008 ille
1174 952 1375 1023 Samogeticns
1391 956 1501 1019 (tratum

148 1045 220 1112 dicit)
237 1043 277 1097 ita
293 1046 474 1109 mansuescat,
494 1044 526 1093 ut
537 1037 625 1093 serico
644 1035 691 1090 iilo
710 1051 741 1091 se
759 1035 912 1090 industria
930 1037 1037 1107 alligari
1050 1038 1179 1107 patiatur.
1206 1037 1287 1094 'l'nae
1299 1036 1502 1095 benevolentiae.

146 1136 262 1202 patrone
281 1141 393 1195 summa,
412 1126 465 1181 erit
482 1122 597 1180 consilio
616 1130 643 1179 et
662 1122 765 1179 auxilio
782 1124 849 1179 mihi
867 1139 1034 1180 succurrere.
1070 1125 1150 1179 blitto
1173 1124 1226 1179 tibi
1252 1124 1401 1197 exemplar
1418 1127 1503 1197 scripti

146 1216 175 1272 in
193 1228 247 1284 quo
266 1213 300 1269 D.
312 1211 392 1282 Papii
409 1211 517 1267 theoria
535 1208 635 1278 lapidis
653 1210 837 1280 philosophici
849 1209 985 1266 refutatur
1003 1218 1031 1266 et
1049 1210 1118 1281 lapis
1137 1210 1182 1266 ille
1201 1210 1340 1267 aurificus
1359 1210 1502 1268 daudet.

146 1300 243 1371 ljam,
262 1297 306 1353 dic
325 1297 472 1369 chymistas
491 1313 545 1352 nou
565 1312 647 1365 posse
665 1296 777 1352 metalla
794 1299 822 1353 iu
840 1314 937 1355 aurum
950 1305 1064 1354 mutare.
1089 1297 1232 1365 iudicium
1250 1307 1334 1354 tuum
1352 1298 1464 1356 libenter
1475 1296 1503 1353 de

147 1400 181 1443 eo
199 1384 296 1442 audire
313 1384 438 1438 vellem.“
475 1384 572 1437 Mense
591 1382 705 1439 Octobri
722 1383 821 1439 iterum
839 1383 896 1439 adit
907 1384 1057 1454 Keplernm
1077 1385 1190 1441 crusina
1210 1387 1357 1444 scribens:
1376 1388 1503 1459 Epiro-er

147 1483 223 1533 tuam
241 1475 339 1529 vellem
358 1472 483 1527 emissam
504 1485 574 1526 esso.
592 1473 649 1526 -At
672 1471 771 1526 desunt
792 1470 919 1526 fortassis
942 1469 1082 1539 adjutores
1105 1480 1134 1527 et
1155 1472 1277 1528 ministri
1302 1474 1445 1541 editionis,
1464 1476 1501 1543 qai

147 1564 182 1619 ad
202 1559 391 1632 corrigendum
410 1559 532 1614 subsidio
551 1572 612 1612 esse
630 1558 747 1627 possint.
777 1557 840 1613 Etsi
858 1574 908 1626 ego
925 1556 982 1627 jorn
1001 1557 1036 1612 ad
1054 1574 1102 1612 vos
1119 1560 1262 1628 proticisci
1275 1578 1330 1617 nec
1348 1562 1448 1633 possin
1462 1576 1501 1617 aee

149 1646 276 1714 debeam,
296 1645 448 1702 studiosum
466 1652 558 1699 tamen
581 1642 800 1711 mathematicos,
829 1643 938 1700 Gallum
956 1645 1082 1713 natione,
1107 1645 1204 1713 paucis
1230 1646 1338 1703 abhinc
1363 1648 1501 1719 septimanis

147 1734 276 1804 habebis,
302 1732 349 1802 qui
373 1747 482 1801 operam
507 1746 584 1785 suam
608 1730 796 1787 lubentissime
821 1738 849 1784 et
873 1730 900 1785 in
924 1728 1036 1785 Tabulis
1059 1730 1245 1801 Redolpbinis
1270 1734 1448 1790 conficiendis
1462 1734 1501 1789 roi

148 1818 258 1887 afferet3
277 1824 321 1874 cst
333 1818 404 1873 enim
421 1818 502 1873 borno
522 1818 589 1873 satis
607 1816 730 1873 eruditus
750 1824 778 1872 et
795 1818 961 1886 ingeniosus,
980 1822 1009 1871 et
1026 1817 1186 1872 celebritate
1199 1819 1323 1873 nominis
1336 1822 1378 1877 tui
1394 1818 1501 1877 mm

147 1915 224 1964 tuam
242 1905 387 1962 amicitiam
406 1919 510 1960 summe
530 1905 644 1974 expetit.
673 1908 753 1970 (Dicit
770 1906 873 1956 drusius
892 1905 1130 1969 Grlngallatum
1148 1909 1323 1969 sabaudum.)
1360 1906 1419 1963 llae
1439 1922 1501 1963 aem

147 1995 226 2050 sione
243 1991 370 2048 fortassis
390 1997 417 2045 et
435 1990 514 2058 plura
527 2007 641 2060 operum
654 1998 763 2045 tuorum
776 1989 865 2045 lucem
877 1989 969 2044 videre
982 1997 1120 2060 poterunt.
1145 1990 1376 2048 stereometriam
1392 2003 1462 2051 tuam
1475 1994 1495 2049 li

149 2080 337 2149 Berneggerus
362 2078 473 2132 summis
501 2092 584 2133 ame
602 2078 729 2146 precibus
753 2078 882 2147 extorsit,
905 2085 1075 2148 quapropter
1103 2095 1183 2150 rogo,
1207 2088 1241 2136 ut
1268 2082 1414 2151 exemplar
1435 2098 1500 2137 ιιιι

150 2166 341 2239 germanicum,
360 2164 477 2219 alterum
496 2165 609 2220 latinum
629 2166 720 2220 statim
739 2178 871 2234 seponas,
890 2171 922 2219 ut
941 2164 1055 2220 eumad
1073 2181 1122 2220 vos
1140 2182 1243 2223 seuero
1262 2166 1409 2224 ius-eniam

254 2253 322 2308 Post
334 2250 472 2307 silentium
484 2252 546 2321 plus
559 2269 641 2322 quom
658 2251 786 2308 biennale
799 2253 937 2323 Keplerns
955 2252 1145 2309 Maestlino
1164 2254 1236 2309 baec
1255 2255 1335 2311 dedit
1355 2256 1382 2313 d.
1396 2256 1497 2325 hlefi:

150 2338 212 2398 Diu
232 2336 295 2413 jam
318 2337 485 2395 intermisso
512 2338 588 2396 iuter
618 2355 672 2397 nos
702 2337 848 2399 scribendi
879 2338 975 2397 oiiioio
1004 2356 1069 2398 sese
1093 2338 1179 2399 offert
1207 2339 1288 2400 lator
1310 2344 1499 2419 pneumon,

151 2425 195 2485 M.
218 2423 240 2484 J
248 2440 276 2487 o.
299 2422 460 2482 Strauss
482 2422 697 2498 Dentiscanus,
730 2428 779 2501 qui
803 2425 985 2500 aliquamdiu
1007 2426 1151 2503 collegam
1175 2429 1240 2501 egit
1266 2429 1302 2487 iu
1323 2428 1427 2491 schole
1444 2445 1498 2509 pte·

152 2509 288 2582 vluclall,
317 2509 531 2570 matbematum
561 2529 664 2571 amaus
687 2520 716 2572 ct
739 2511 845 2572 calculi
866 2515 994 2590 peritus,
1018 2515 1073 2572 etsi
1096 2515 1241 2589 quamdin
1264 2514 1317 2576 bic
1339 2518 1395 2577 init
1414 2532 1497 2597 pn

152 2617 199 2660 me
219 2599 326 2675 juvare
348 2600 445 2673 potuit
468 2601 532 2669 (cir.
550 2603 603 2658 vol.
625 2603 670 2657 Vl.
697 2621 722 2673 p.
744 2603 800 2672 15).
814 2644 820 2656 .
836 2643 842 2656 .
857 2642 885 2659 ..
930 2599 1080 2676 Superiori
1102 2617 1180 2659 anuo
1204 2600 1445 2665 stereometriam
1462 2606 1497 2677 eni

152 2695 187 2747 ut
208 2685 332 2745 materia
354 2684 490 2760 populari
513 2685 741 2762 typographum,
766 2688 816 2763 qui
840 2693 901 2744 tum
923 2686 981 2746 buc
1005 2696 1135 2760 venerat,
1155 2689 1308 2764 juvarem,
1333 2710 1372 2753 ne
1393 2710 1426 2752 es
1444 2692 1497 2751 adr

153 2774 303 2835 Caesarea
323 2773 508 2830 resisteretur
531 2774 594 2848 ejus
618 2775 675 2832 arti
697 2772 746 2832 bic
769 2772 975 2833 instituendae.
1007 2774 1187 2851 Scripseram
1211 2786 1283 2837 autc
1308 2783 1496 2857 aaronem·

154 2860 193 2922 ad
215 2876 269 2920 sex
290 2860 415 2935 paginas
439 2875 505 2917 eum
529 2866 631 2937 typum
662 2861 775 2936 incepi,
805 2877 904 2919 verrem
936 2861 1011 2920 adeo
1042 2862 1112 2920 mibi
1135 2878 1195 2922 nou
1226 2866 1433 2925 satisfecerunt
1451 2864 1496 2929 th

153 2957 187 3008 ut
209 2964 333 3018 novem,
355 2944 536 3022 prohdolor,
560 2950 689 3021 integros
705 2964 820 3007 menses
844 2950 1050 3007 consumserim
1073 2950 1234 3025 ungendis,
1258 2956 1426 3028 germanice
1444 2968 1495 3011 rer·

154 3035 259 3107 tendis,
277 3031 460 3093 emendando
477 3039 557 3109 typo,
575 3034 757 3094 delineandis
773 3033 894 3094 rudibus
909 3037 1022 3095 seilicet
1036 3037 1248 3097 schematibus.
1267 3072 1309 3083 —
1329 3042 1495 3101 Anuoltit.

154 3139 208 3200 per
231 3128 373 3181 aestatem
404 3123 544 3178 suecessit
574 3120 751 3180 inveneris
779 3121 908 3194 theoria,
940 3140 1018 3182 anuo
1050 3130 1141 3185 1615.
1171 3124 1271 3186 bieme
1302 3130 1332 3185 in
1357 3128 1495 3189 liercmio:

154 3209 229 3267 nibil
253 3208 363 3268 babent
393 3200 513 3284 praei),
535 3202 570 3286 Ἃ
595 3216 618 3277 <5
639 3207 797 3285 peculiare.
842 3206 949 3269 Omnia
977 3211 1070 3270 efficio
1100 3212 1171 3272 orbe
1202 3231 1317 3290 magno
1340 3215 1495 3277 Tellurirc.

157 3295 282 3372 simplici
306 3296 477 3367 eccentrico,
501 3294 618 3370 qualern
634 3296 730 3355 babeo
754 3299 782 3353 in
800 3294 905 3359 Marte.
937 3296 1056 3356 Adoruo
1071 3316 1148 3358 ronne
1165 3300 1374 3376 Epitomes
1389 3305 1495 3363 detre-

157 3384 310 3442 nomiae
333 3381 623 3458 Coperuicanae
646 3383 813 3456 editionem,
837 3383 889 3443 sed
913 3383 981 3443 dum
998 3385 1034 3444 ad
1053 3385 1165 3444 hunam
1183 3391 1284 3457 senio,
1310 3390 1381 3467 plus
1399 3388 1496 3449 aad·

157 3470 292 3529 laborum
316 3485 404 3543 quam
428 3485 574 3544 unquam,
606 3484 672 3528 cum
695 3478 792 3528 tamen
815 3473 969 3549 potissima
990 3491 1008 3533 a
1031 3472 1173 3551 'l’ycirone
1196 3475 1321 3537 Brabeo
1350 3481 1408 3538 siut
1425 3476 1495 3537 site

157 3557 230 3618 luta.
275 3555 333 3614 llla
355 3555 433 3614 levia
455 3564 541 3628 eunt,
574 3557 652 3632 quod
685 3557 820 3615 diametri
848 3557 990 3618 luminum
1019 3568 1048 3620 et
1070 3563 1191 3621 umbrae
1221 3563 1305 3639 apud
1338 3567 1430 3643 ipsun
1450 3578 1494 3621 ιιι

155 3642 392 3719 correspondent,
417 3643 511 3718 maior
526 3650 570 3702 cst
585 3661 655 3702 cura
670 3646 855 3719 aequationis
870 3649 1009 3723 temporis
1030 3660 1057 3708 ct
1074 3648 1152 3706 iliius
1168 3651 1407 3727 inaequalitatis.
1426 3666 1494 3727 qus·

163 3731 375 3791 Vcrintioaem
399 3729 481 3788 dixit.
525 3731 601 3788 Nam
625 3748 684 3807 quo
708 3731 806 3807 plures
828 3733 892 3808 ejus
916 3736 1051 3793 examino
1074 3736 1322 3817 observationea,
1346 3739 1403 3801 boe
1420 3741 1495 3798 ndu

155 3817 327 3894 Tycbouica
350 3815 484 3875 Variatio
507 3817 665 3893 respondet
687 3820 865 3889 observatis,
896 3821 972 3880 adeo
1001 3829 1033 3879 nt
1056 3822 1093 3880 ad
1120 3826 1260 3885 12-15‘
1285 3826 1435 3887 dissideat.
1470 3822 1493 3882 tr

155 3903 202 3964 his
225 3903 322 3962 adbuc
345 3901 461 3963 haereo.
492 3904 525 3961 ln
550 3908 654 3964 ceteris
676 3907 719 3964 sic
741 3923 773 3965 se
796 3924 842 3966 res
865 3907 970 3967 babet:
993 3908 1079 3967 Luna
1102 3917 1146 3969 est
1170 3915 1259 3987 qnasi
1274 3913 1389 3991 duplex
1410 3926 1495 3987 cm

154 3991 303 4066 babetque
326 3990 472 4065 duplicem
495 3990 638 4051 theoriam
661 3992 822 4070 physicam.
869 3992 944 4053 Nam
968 3998 997 4052 in
1020 4006 1161 4071 quantum
1190 4008 1238 4058 est
1262 4000 1376 4075 globus
1397 4004 1494 4073 berger.

154 4077 246 4137 babet
260 4093 315 4136 sua
331 4077 480 4137 filameuta
494 4082 668 4154 magnetica,
686 4082 793 4156 quibus
809 4080 933 4141 efficitur
948 4082 1012 4157 ejus
1027 4095 1124 4141 motus
1145 4090 1333 4148 eccentricua
1348 4088 1493 4148 alem...

154 4167 349 4239 inquantum
381 4181 451 4223 cero
475 4165 560 4225 Luna
587 4183 624 4226 ex
647 4166 768 4226 dimidio
799 4177 843 4227 est
871 4170 1052 4242 illuminata,
1082 4178 1115 4228 ut
1146 4179 1176 4229 et
1198 4173 1310 4247 Terra,
1340 4176 1494 4235 mndsdt!

154 4251 292 4310 virtutem
315 4251 405 4310 aliam
435 4258 652 4329 temporaneam
675 4261 731 4314 etc.
776 4257 827 4311 Die
841 4261 865 4314 o.
879 4258 955 4328 Sept.
974 4260 1189 4328 prioribushaec
1209 4263 1290 4318 addit
1303 4266 1477 4337 liepterasz..

156 4334 258 4396 Lunae
282 4340 442 4398 varietates
468 4357 568 4399 omues
592 4341 629 4399 ad
654 4358 759 4400 causas
775 4340 913 4418 physicas
929 4344 1062 4418 traduri;
1087 4352 1118 4403 ut
1141 4347 1234 4419 igitur
1256 4358 1357 4408 certus
1372 4342 1492 4409 ene-fl

156 4438 300 4482 consensu
324 4442 390 4482 eum
406 4425 547 4503 Tycbone
568 4429 598 4485 iu
621 4428 735 4502 effectu,
758 4429 913 4488 scribenda
926 4430 982 4489 luit
997 4432 1175 4508 premeria,
1200 4432 1255 4493 red
1276 4434 1343 4509 tila,
1366 4434 1491 4496 nm

153 4510 217 4569 elue
238 4511 450 4572 sufficientibus
474 4514 598 4587 tabuiis,
629 4518 692 4575 sino
716 4515 884 4576 diductione
906 4534 959 4575 seu
983 4522 1170 4595 expansione.
1216 4520 1245 4579 Ο
1267 4520 1374 4581 duram
1394 4522 1491 4599 pret*

156 4596 249 4654 ciamt
295 4597 419 4657 Absolvi
443 4600 566 4674 Lunam,
590 4610 702 4662 restant
725 4607 855 4680 quinque
877 4602 1024 4682 planetae.
1055 4605 1159 4665 blartis
1182 4607 1306 4683 quidem
1329 4609 1490 4669 motuum

156 4682 174 4737 8
197 4679 295 4755 boras,
319 4686 345 4741 ei
367 4688 495 4760 annitar,
519 4706 639 4765 possum
664 4691 820 4767 conticere,
845 4691 990 4752 Saturnus
1013 4701 1043 4753 ct
1065 4693 1184 4771 Jupiter
1206 4712 1337 4771 parrum
1359 4692 1488 4757 milti

154 4780 253 4825 arcum
275 4786 334 4830 uuo
357 4788 434 4831 anuo
457 4776 623 4851 conticium,
648 4778 807 4839 invenere
830 4789 859 4838 et
876 4779 1023 4841 Mercurio
1044 4784 1218 4858 potissimus
1242 4786 1298 4843 erit
1322 4784 1411 4851 labos.
1429 4794 1487 4837 Ι*

153 4848 225 4913 dum
246 4856 324 4915 enlm
346 4857 503 4922 absolutae
524 4873 594 4924 sunt
615 4864 755 4941 tabulae,
785 4866 933 4947 agendum
954 4884 1008 4949 per
1029 4868 1195 4951 mongus,
1219 4878 1252 4935 et
1273 4875 1306 4933 h
1326 4880 1406 4935 mot·
1421 4882 1486 4929 fl·
