3322 5534
155 1798 211 1913 le
245 1804 378 1915 nora
414 1800 590 1915 ratione
635 1801 852 1917 contenti
889 1718 1317 1945 prorttrptrrreses
1359 1804 1512 1948 plano·

568 1947 729 2073 urum,
765 1950 816 2057 ut
844 1947 941 2087 ten
978 1943 1099 2059 lotis,

375 2148 565 2219 (Praeparatle
583 2146 618 2202 nd
636 2156 741 2218 partem
760 2151 809 2209 lll.
829 2158 856 2208 et
873 2154 919 2208 tv.
938 2152 998 2207 libri
1020 2152 1054 2207 de
1071 2158 1147 2207 metu
1166 2154 1286 2223 blattis.)

254 2452 464 2533 Experimento
487 2471 546 2514 uno
568 2455 725 2530 probatum
745 2454 853 2526 habeo,
876 2454 994 2533 quando
1017 2456 1060 2515 sic
1083 2456 1297 2529 consumimus,
1320 2473 1385 2516 esso
1399 2473 1510 2516 moram

150 2538 290 2617 planetae
314 2544 344 2599 in
366 2542 500 2621 quolibet
520 2541 613 2619 gradu
637 2544 790 2603 eccentrici
813 2543 851 2601 ud
875 2560 985 2601 meram
1009 2544 1039 2599 in
1063 2541 1123 2601 alio
1137 2541 1240 2617 gradu,
1264 2551 1297 2600 ut
1311 2552 1358 2605 est
1372 2542 1511 2605 distantia

151 2626 230 2687 illius
257 2628 370 2707 gradus
392 2648 412 2689 a
433 2628 503 2689 Sole
525 2628 563 2687 ad
593 2628 761 2689 distantiam
792 2628 928 2703 alteriue,
958 2631 1164 2705 aequationem
1195 2631 1352 2691 maximam
1379 2633 1511 2707 praecise

150 2714 276 2777 bisecari
300 2719 341 2775 ab
363 2726 486 2793 utraque
509 2734 614 2777 cauea:
639 2718 715 2776 utel
735 2719 875 2793 aequatio
897 2719 937 2775 sit
958 2726 992 2775 ut
1013 2719 1044 2773 iu
1060 2715 1131 2776 Sole
1155 2712 1190 2775 2⁰
1214 2716 1334 2793 3‘18“,
1358 2717 1511 2779 dimidium

152 2798 186 2863 1⁰
211 2802 239 2863 1¹
263 2808 331 2863 39¹¹
352 2807 407 2865 erit
428 2811 547 2881 propter
568 2806 823 2877 eocentricitatem,
848 2803 997 2863 residuum
1020 2812 1137 2881 propter
1160 2802 1321 2879 longiorem
1344 2822 1457 2865 moram
1480 2808 1510 2865 io

150 2890 334 2950 semicirculo
364 2891 472 2951 altiori.
517 2890 651 2949 Assumsi
682 2898 758 2950 enirn
789 2893 1034 2950 eecentricitatem
1063 2896 1160 2962 2041,
1193 2891 1271 2965 quod
1302 2892 1452 2951 subtendit
1477 2890 1511 2952 1⁰

153 2982 202 3037 10’
228 2978 301 3038 10”.
346 2978 455 3039 Postea
477 2979 613 3037 constitui
638 2978 792 3037 distantiae
814 2977 949 3053 planetae
974 2977 1011 3037 ud
1034 2995 1135 3043 omncs
1156 2977 1264 3053 gradum
1287 2982 1440 3038 eccentrici
1456 2996 1510 3039 seu

151 3064 320 3125 anomaliae
342 3066 469 3124 eccentri
492 3066 621 3140 integros
644 3074 673 3123 et
695 3067 794 3141 posui,
825 3074 935 3124 rrtotnm
959 3083 1011 3141 per
1042 3067 1187 3140 integrum
1216 3064 1338 3140 gradum
1366 3067 1422 3125 sibl
1452 3069 1509 3144 ipsi

151 3170 268 3211 manere
290 3152 433 3227 similem,
457 3152 535 3228 quod
560 3170 578 3211 a
601 3168 670 3210 vero
694 3170 781 3228 qnam
804 3155 956 3211 minimum
980 3151 1090 3223 dillert,
1114 3153 1140 3209 ei
1166 3168 1234 3210 rere
1257 3156 1398 3228 tempori,
1429 3152 1509 3229 quod

152 3238 272 3315 planeta
295 3240 412 3299 conticit
442 3242 471 3297 in
495 3256 552 3297 uno
575 3238 667 3314 gradu
692 3242 860 3313 ecccrrtrici‚
892 3239 1010 3315 quando
1039 3240 1134 3299 estin
1166 3238 1304 3297 mediocri
1328 3258 1346 3298 a
1368 3239 1437 3299 Sole
1462 3240 1509 3298 di-

152 3330 271 3400 stantia‚
294 3343 401 3387 nomen
424 3326 492 3386 dedi
515 3329 601 3386 unius
623 3326 741 3403 gradus.
779 3326 890 3386 Postea
913 3328 1048 3387 outnibus
1071 3325 1212 3401 gradibus
1235 3344 1290 3385 sua
1312 3336 1444 3405 tempora
1468 3326 1506 3387 nd

152 3410 208 3473 boc
226 3413 291 3489 jaun
315 3417 505 3475 coustitutum
526 3432 610 3474 suam
633 3416 849 3491 proportionem
868 3414 979 3489 justam
1003 3413 1144 3471 babentia
1165 3430 1217 3488 per
1236 3414 1366 3490 regulam
1397 3415 1433 3473 de
1454 3414 1504 3473 l'ri

153 3502 312 3576 arrignani.

255 3587 403 3663 Tempora
425 3590 685 3661 omniaacerrari‚
709 3607 824 3649 suutma
845 3588 939 3663 major
960 3589 1017 3647 luit
1039 3605 1128 3663 quarn
1145 3594 1217 3659 300,
1241 3586 1321 3663 quod
1343 3589 1429 3648 lacilc
1453 3588 1506 3647 de-

152 3676 305 3733 monstrari
332 3684 439 3751 potest.
487 3674 563 3749 Quia
592 3678 667 3736 enim
691 3686 724 3735 ut
751 3675 904 3737 mediocris
934 3674 1075 3733 distantia
1100 3681 1225 3734 100000
1257 3674 1295 3733 ad
1324 3686 1439 3752 tompus
1466 3673 1506 3750 1⁰,

153 3762 191 3819 ita
214 3779 330 3823 nummu
353 3764 482 3821 oninium
507 3763 709 3823 distantiarum
732 3763 770 3823 ad
793 3780 936 3821 sumniam
960 3765 1089 3821 omnium
1106 3771 1283 3837 temporum,
1306 3780 1421 3823 summa
1437 3780 1507 3822 vero

153 3852 280 3907 omniurn
311 3849 514 3909 distantiarum
543 3858 662 3926 superat
691 3867 835 3910 summam
863 3856 924 3909 300
956 3849 1157 3909 distantiarum
1194 3848 1401 3907 mediocrium:
1435 3867 1504 3924 ergo

153 3946 179 3993 et
200 3952 316 3995 summa
339 3946 503 4012 temporum
524 3939 674 4013 superabit
699 3955 841 3997 summam
859 3944 922 3997 360
946 3946 1108 4013 temporum
1131 3935 1329 3995 rrrcdiocrium.
1359 3936 1504 4012 Superare

153 4039 220 4083 rero
241 4042 387 4083 summam
411 4042 544 4083 verarum
568 4024 773 4083 distantiarum
797 4032 858 4084 300
883 4023 1004 4083 totidem
1028 4023 1225 4094 mediocrium,
1249 4026 1292 4082 sic
1315 4025 1417 4098 probo.

254 4110 329 4170 Cum
352 4113 430 4169 enim
453 4111 599 4184 litigantnr
625 4113 738 4186 ejectae
762 4117 824 4172 300
849 4130 884 4170 ex
909 4120 1007 4170 centro
1036 4112 1188 4170 cccentrici
1213 4109 1250 4169 ad
1280 4110 1506 4187 0000100300-

151 4211 213 4253 rum
233 4199 379 4273 graduum
403 4202 538 4272 eccentri,
562 4199 619 4257 duo
642 4199 766 4274 quilibet
787 4208 872 4259 eruut
895 4200 1019 4257 invicem
1042 4200 1169 4273 oppositi
1187 4199 1423 4273 constitueritque
1448 4216 1506 4256 una

151 4298 237 4341 naam
261 4286 369 4346 lineam
391 4293 511 4345 rectam.
556 4285 663 4344 Iterum
688 4304 753 4345 cum
777 4286 923 4361 linguntur
945 4284 1021 4344 aliac
1045 4292 1107 4343 300
1133 4284 1245 4359 ejectae
1261 4302 1296 4343 cx
1313 4296 1411 4345 centro
1428 4284 1506 4345 Solis

149 4368 187 4427 sd
209 4373 330 4433 eosdem
356 4374 604 4433 circumferentiae
634 4375 787 4447 terminos,
816 4381 945 4431 centrum
977 4390 1045 4431 vcro
1069 4371 1147 4432 Solis
1175 4375 1213 4429 sit
1242 4372 1442 4431 tautummodo
1475 4375 1505 4431 in

149 4458 235 4517 noim
257 4460 402 4521 diametro
435 4458 472 4521 do
493 4478 582 4537 supra
605 4460 760 4521 delibratis
786 4466 863 4533 180,
895 4469 977 4518 extra
1000 4476 1068 4519 rere
1093 4467 1204 4519 ceteras
1227 4473 1345 4533 omncs,
1377 4460 1427 4518 liet
1449 4458 1506 4519 boc

147 4556 250 4619 pacto,
275 4559 307 4607 ut
331 4550 390 4608 bini
414 4565 451 4606 ex
474 4558 571 4606 centro
595 4549 747 4606 occentrici
771 4549 899 4624 oppositi
923 4547 1030 4621 gradus
1054 4565 1118 4605 curn
1135 4545 1204 4605 Sole
1225 4549 1348 4606 connexi
1371 4549 1505 4619 triangu-

146 4630 207 4691 lum
229 4634 372 4707 forment,
403 4634 489 4710 eujus
512 4634 570 4694 duo
593 4633 686 4693 latera
712 4652 748 4695 cx
772 4634 840 4695 Sole
865 4634 1044 4709 egredientia
1074 4634 1137 4693 basi
1166 4650 1218 4709 per
1246 4642 1377 4693 centrum
1399 4649 1504 4692 eccen-

146 4722 319 4796 nidenan,
341 4722 372 4784 b.
389 4740 415 4781 e.
432 4721 518 4781 binae
542 4721 698 4781 distantiae
722 4739 810 4784 verae
833 4722 909 4783 binis
923 4720 1119 4782 mediocribus
1134 4728 1201 4780 suut
1215 4719 1371 4799 longiores.
1407 4717 1505 4795 Quare

148 4816 177 4867 rt
200 4824 301 4870 omnes
325 4810 461 4869 omnibus
485 4818 568 4870 erunt
591 4807 747 4887 longiores.

197 4914 291 4965 reprom
306 4910 384 4963 open
398 4908 462 4951 ιἰιι.
1265 4892 1295 4946 16
