3322 5534
222 370 268 439 80
742 364 905 422 Plutarchus
922 366 957 422 tie
974 366 997 422 F
998 366 1056 423 acie

223 560 320 610 toturn
342 558 387 609 eet
409 546 572 625 agendum,
595 564 653 605 non
684 556 716 605 nt
743 566 811 608 cum
838 549 1061 608 accusatoribus
1090 551 1117 609 ei
1139 550 1191 623 qui
1213 547 1250 607 sd
1278 547 1501 626 disceptandum
1523 530 1580 611 e'd—

223 642 314 697 venit.
360 637 409 695 hle
433 640 521 712 igitur
543 634 632 694 hodie
653 652 803 711 nunqnam
826 653 862 695 eo
885 635 1032 713 redigetis,
1055 652 1088 695 nt
1110 640 1252 695 rationem
1271 637 1392 696 reddam
1407 656 1519 711 eornm,
1540 638 1579 699 de

222 727 330 802 quibus
351 728 462 782 stoicos
483 726 639 793 accusatis,
661 725 717 780 nisi
730 726 810 798 prius
826 741 846 782 a
861 726 947 782 robis
961 742 1072 802 poenas
1088 728 1203 800 erigam
1227 726 1291 799 ejus
1313 730 1364 797 rei,
1388 726 1477 801 quod,
1501 743 1579 802 qnae

222 830 329 889 supera
350 821 428 883 suut,
452 812 544 869 iulera
565 810 662 868 facitis
685 813 713 866 in
737 811 856 869 mundo.
887 811 934 868 sid
958 812 1031 870 haec
1056 811 1201 872 Lucina
1223 812 1392 871 subridens:
1416 812 1505 871 modo
1520 830 1580 871 non

222 903 321 969 nobis,
351 902 460 969 amice,
489 896 586 956 dicatu
613 899 725 956 scribas
747 900 923 974 impietatis,
953 898 1199 973 quemadmodum
1223 900 1423 959 Aristarchum
1445 900 1579 959 Samium

224 987 381 1047 Cleanthes
404 988 517 1045 censuit
539 984 683 1043 laesarum
705 985 879 1061 religionum
902 985 1111 1062 postulandum
1133 1005 1152 1044 a
1174 985 1296 1045 Graecis
1324 1004 1405 1055 csse.
1436 996 1581 1063 tanquam

223 1078 274 1150 qui
296 1073 395 1132 mundi
419 1076 516 1131 iocum
539 1085 568 1131 ct
584 1073 705 1131 l'estam
728 1074 757 1129 iu
779 1086 860 1130 motu
883 1077 1083 1132 constituerit:
1106 1076 1177 1149 quia
1198 1077 1332 1131 nimirum
1356 1078 1401 1133 vir
1415 1073 1464 1133 hic
1481 1092 1580 1151 appa·

223 1166 332 1220 rentias
354 1163 469 1219 salrarc
491 1170 656 1219 tentaverat
678 1160 889 1236 supponendo,
923 1160 1037 1219 coelum
1067 1164 1231 1236 quiescere,
1263 1161 1382 1219 Terram
1411 1178 1482 1221 rero
1511 1178 1581 1238 per·

223 1268 321 1308 meare
344 1248 483 1307 circulum
505 1248 657 1324 obliquum
679 1248 826 1323 simulque
849 1260 877 1307 et
900 1250 977 1306 circa
1002 1266 1088 1306 suum
1110 1266 1195 1306 axem
1223 1252 1361 1323 torqueri.
1405 1249 1468 1308 llos
1491 1252 1583 1326 igitur

222 1338 296 1395 nihil
319 1354 371 1412 pro
394 1337 540 1394 nobismet
564 1338 636 1411 ipsis
665 1334 811 1407 dicemus,
834 1349 865 1392 at
889 1334 944 1405 illi,
968 1337 1019 1409 qni
1043 1334 1155 1394 Lunam
1178 1348 1347 1411 supponunt
1369 1355 1434 1396 esse
1449 1336 1580 1409 Tetratn,

222 1441 306 1501 rogo,
329 1426 379 1499 qui
403 1426 497 1498 magis
519 1439 608 1497 quatu
631 1440 685 1480 nos
707 1440 815 1497 supera
837 1424 947 1479 iaciunt
964 1422 1063 1491 infera,
1087 1440 1153 1479 cunt
1168 1441 1222 1480 nos
1237 1423 1356 1481 Terram
1379 1423 1427 1481 hic
1449 1423 1582 1483 locemus

223 1516 252 1568 in
276 1516 345 1570 aire
375 1528 564 1585 suspensam,
597 1527 673 1585 quae
705 1510 798 1567 multo
827 1510 921 1583 major
952 1520 996 1567 est
1024 1526 1112 1584 quam
1139 1509 1238 1581 Luna,
1271 1510 1518 1585 quemadmodum
1551 1510 1581 1568 id

224 1599 423 1657 mathematici
455 1615 490 1655 es
514 1597 650 1671 deliquiis
678 1614 773 1672 esque
801 1599 963 1654 incessione
987 1596 1088 1655 Latiae
1117 1614 1168 1672 per
1197 1599 1341 1667 umbram,
1373 1598 1582 1673 applicationis

222 1703 276 1745 sen
298 1703 398 1743 morae
421 1684 650 1760 magnitudinem
666 1683 858 1755 dimetientes,
878 1678 1121 1764 (demonstrant).
1150 1683 1225 1742 h'am
1249 1696 1278 1743 ct
1292 1691 1386 1743 minor
1401 1689 1464 1761 ipsa
1479 1685 1582 1756 Terra,

224 1792 244 1831 a
260 1776 364 1847 maiori
388 1775 497 1848 quippe
520 1771 711 1839 illuminante,
735 1770 868 1845 dirigitur
889 1773 1000 1831 umbra.
1024 1782 1053 1829 ct
1076 1771 1163 1845 hujus
1180 1774 1271 1848 ipsius
1287 1768 1409 1851 [conum
1425 1774 1585 1847 pertransit

224 1860 325 1933 Luna)
349 1874 464 1919 tenuem
488 1860 659 1917 existentem
682 1860 710 1913 in
733 1860 882 1935 superiore
904 1861 950 1915 sni
973 1872 1055 1934 parte
1073 1870 1102 1917 et
1116 1861 1256 1917 strictum.
1287 1858 1353 1918 Hoc
1367 1877 1404 1918 ne
1419 1858 1583 1918 Homerum

223 1950 352 2024 quidem,
377 1957 408 2005 ut
424 1946 556 2031 perhibet
573 1942 757 2026 (interpres),
774 1946 869 2011 latuit,
885 1944 936 2003 scd
953 1956 1067 2003 noctem
1083 1948 1205 2016 isjsculi
1224 1950 1345 2019 epitheto
1373 1946 1583 2006 scuti-volan·

222 2046 282 2095 tem
305 2034 475 2112 appellarit,
498 2048 617 2110 propter
638 2034 759 2091 umbrae
781 2033 904 2109 liguram
926 2036 1132 2093 acuminatam.
1164 2033 1201 2091 Et
1216 2043 1313 2091 tumen
1328 2034 1367 2092 ab
1387 2034 1443 2093 hoc
1458 2034 1583 2095 umbrae

222 2140 360 2182 mucrone
383 2125 544 2197 intercepta
567 2120 652 2179 Luna
682 2121 730 2176 sir
752 2137 839 2195 aegre
869 2121 962 2177 tribus
991 2124 1121 2195 corporis
1151 2123 1195 2178 sui
1219 2123 1363 2180 mensuris
1385 2140 1417 2181 se
1440 2122 1581 2198 explicat.

222 2210 388 2288 l'erpeude,
412 2226 537 2284 quaeso,
561 2220 633 2282 quot
655 2206 755 2266 Lunae
779 2207 869 2265 Terra
891 2216 1011 2281 aequet,
1035 2210 1059 2265 si
1083 2208 1158 2266 hacc
1179 2211 1311 2267 umbram
1333 2210 1465 2284 projicit,
1494 2210 1581 2284 cujus
1631 2228 1635 2233 ·

222 2299 377 2373 traJectus,
410 2314 468 2372 qua
497 2308 581 2371 parte
604 2297 629 2352 is
651 2298 770 2353 omnino
803 2296 1006 2361 brer-issimus,
1036 2296 1164 2371 spatium
1193 2305 1290 2353 tamen
1319 2300 1405 2353 tritnn
1427 2295 1580 2354 Lnnarum

222 2394 340 2460 aequat.
386 2383 452 2441 lloc
474 2396 573 2441 tamen
599 2398 657 2439 non
688 2390 800 2439 attento
833 2400 887 2440 vos
918 2382 954 2439 dc
978 2382 1062 2440 Luna
1091 2382 1210 2457 quidem
1238 2385 1309 2441 estis
1340 2383 1458 2441 solliciti
1481 2400 1518 2441 ne
1542 2380 1580 2443 de

222 2472 305 2532 coelo
319 2471 406 2530 cadat
419 2472 455 2547 lsi
470 2482 564 2528 terrea
578 2468 629 2527 illa
644 2478 813 2543 statuatur),
837 2469 873 2528 de
889 2469 979 2527 Terra
995 2487 1065 2528 reto
1080 2472 1144 2546 ipsa
1160 2468 1324 2547 Aeschylus
1340 2472 1432 2543 robis,
1454 2470 1579 2547 scilicet,

221 2561 378 2637 persuasit,
401 2557 481 2634 quod
505 2556 590 2616 Atlas

524 2644 635 2702 Terrae
654 2644 779 2719 polique
799 2650 854 2700 stet
875 2644 1051 2701 columnam
1073 2643 1203 2719 fulciens

518 2732 660 2790 Immune
681 2734 766 2804 stipis
786 2730 908 2804 pondus
930 2730 1064 2787 humeris
1085 2735 1245 2789 sustinens.

223 2820 336 2897 Quodsi
359 2819 461 2880 Lunae
482 2818 600 2894 quidem
623 2826 671 2891 tut
692 2817 836 2893 objicitis)
859 2816 930 2875 nihil
953 2818 1069 2876 substat
1089 2820 1146 2876 nisi
1167 2817 1327 2894 perflabilis
1348 2823 1407 2893 a'e'r,
1431 2820 1482 2894 qui
1496 2817 1580 2878 nulla

222 2910 361 2968 laenitate
383 2908 475 2984 pollet
496 2906 687 2982 supportandi
711 2904 817 2962 molent
840 2904 969 2980 aliquam
999 2904 1142 2976 solidam,
1173 2905 1292 2965 Terram
1320 2921 1390 2965 rere
1417 2904 1580 2966 seeundum

222 2997 381 3056 Pindarum
404 2996 564 3055 columnae
584 2994 720 3067 fulciunt
739 2992 894 3050 laterculis
915 2992 1125 3050 adamantinis
1139 2998 1376 3053 statuminatae:
1398 3010 1523 3070 eamque
1539 2995 1579 3053 ob

223 3102 341 3145 causam
364 3083 531 3141 Pharnaces
562 3084 624 3156 ipsc
652 3080 770 3156 quidem
793 3096 912 3137 securus
934 3088 980 3137 cst
1002 3097 1173 3156 vacuusque
1196 3095 1276 3140 metu
1302 3098 1389 3139 casus
1411 3080 1579 3155 Terrarum,

221 3184 253 3230 at
275 3189 328 3247 pro
350 3173 386 3228 iis
409 3169 547 3246 trepidat,
581 3171 687 3242 quibus
711 3168 844 3241 trajectio
867 3169 997 3242 corporis
1020 3166 1129 3226 lunaris
1153 3171 1298 3233 imminet,
1328 3164 1525 3245 Aethiopibus
1548 3176 1580 3227 et

224 3259 441 3334 Taprobanen,
463 3274 500 3315 nc
523 3266 635 3313 tantum
660 3258 739 3330 ipsos
762 3253 876 3329 pondus
899 3253 1051 3329 delapsum
1074 3259 1228 3330 opprimat.
1274 3257 1358 3313 Enim
1381 3273 1450 3315 vero
1475 3256 1579 3315 Lunae

223 3345 262 3404 ad
285 3346 349 3414 troc,
372 3364 409 3404 ne
432 3342 557 3411 decidat,
579 3343 710 3401 subsidio
733 3345 813 3401 verrit
836 3344 898 3417 ipse
921 3352 1017 3400 motus
1033 3352 1247 3418 contentusque
1263 3344 1423 3401 volutionis
1439 3346 1577 3419 impetus,

225 3446 257 3491 ut
279 3432 311 3491 tte
334 3436 362 3489 iu
386 3435 430 3501 iis,
454 3449 530 3506 quae
555 3429 661 3489 luridae
685 3432 858 3501 inseruntur,
882 3431 989 3504 quibus
1010 3432 1164 3488 rotationis
1186 3433 1342 3505 pernicitas
1365 3439 1496 3505 praestat
1518 3430 1578 3489 im·

225 3521 433 3597 pedimentum,
457 3536 492 3577 nc
516 3518 552 3576 de
575 3517 664 3575 lunda
686 3515 824 3575 defluant.
869 3514 1060 3591 Unaquucris
1083 3520 1159 3574 eninr
1182 3534 1228 3575 res
1251 3535 1269 3575 a
1292 3528 1373 3576 tuctu
1396 3516 1461 3588 illo,
1489 3534 1579 3593 quern

224 3606 316 3666 habet
337 3626 356 3667 a
378 3618 483 3664 natura
509 3606 664 3675 tributum,
695 3607 818 3677 regitur,
848 3605 872 3660 si
900 3603 972 3661 nihil
1000 3607 1189 3669 interveniat,
1219 3605 1298 3679 quod
1328 3607 1421 3681 ipsam
1451 3612 1577 3664 avertat.

224 3695 385 3770 Propterea
408 3694 491 3752 Lutra
513 3710 570 3750 non
594 3694 702 3766 regitur
724 3709 743 3748 a
765 3708 819 3749 suo
842 3690 987 3766 pondere,
1017 3702 1049 3749 ut
1079 3693 1163 3766 cnjus
1185 3691 1339 3750 illecebrae
1362 3692 1400 3751 ad
1422 3698 1577 3750 motuma

224 3782 491 3841 circumvolutionis
514 3783 623 3855 impetu
647 3779 848 3836 discutiuntur.
894 3777 970 3836 lllud
993 3782 1092 3854 potius
1124 3796 1178 3837 nos
1206 3782 1304 3837 mirari
1337 3781 1520 3851 conveniret,
1552 3780 1579 3839 si

225 3868 310 3929 Luna
332 3880 365 3927 ut
386 3869 476 3927 Terra
500 3882 599 3925 nostra
621 3867 686 3926 loco
715 3869 886 3924 consisteret
914 3869 1031 3942 penitus
1059 3867 1275 3941 immobilisque
1305 3876 1391 3925 essct
1438 3871 1476 3925 st
1498 3882 1580 3925 nnnc

224 3955 311 4015 Luna
332 3957 448 4031 quidem
472 3971 591 4013 causam
614 3954 703 4011 habet
725 3952 833 4028 oppido
858 3971 1004 4027 mugitum,
1028 3970 1079 4011 cur
1094 3954 1150 4012 huc
1167 3958 1195 4011 in
1212 3954 1331 4014 Terram
1347 3971 1405 4012 nou
1421 3952 1579 4025 deleratur,

224 4042 315 4103 Terra
338 4061 417 4113 vero,
441 4060 506 4101 cum
530 4042 641 4100 nullum
663 4040 754 4098 alium
776 4050 886 4099 motum
909 4044 947 4099 sit
969 4052 1106 4099 auctura
1128 4044 1240 4109 sortita,
1264 4041 1365 4100 debuit
1388 4043 1489 4117 utique
1510 4040 1580 4101 loeo

225 4134 383 4190 consistere
406 4130 561 4189 ubsolam
583 4140 755 4205 gravantem
778 4130 938 4186 materiam.
971 4129 1023 4186 Est
1045 4140 1142 4187 autem
1159 4130 1276 4202 gravior
1297 4146 1385 4203 quam
1400 4128 1494 4199 huna,
1517 4145 1579 4188 non

224 4228 337 4277 tantum
360 4232 471 4294 quanto
494 4229 540 4275 est
562 4218 663 4291 major,
687 4214 739 4274 scd
762 4214 854 4273 multo
877 4218 980 4291 magis,
1004 4219 1112 4292 quippe
1136 4217 1209 4274 hacc
1230 4233 1282 4291 per
1304 4217 1430 4275 calorem
1452 4223 1482 4275 et
1503 4232 1580 4275 exn·

224 4310 359 4373 ationem,
378 4306 526 4363 secuudum
545 4307 655 4361 stoicos.
675 4302 767 4362 levior
789 4312 833 4360 est
855 4304 943 4362 lacta.
975 4303 1072 4378 Atque
1095 4307 1211 4362 omnino
1234 4321 1269 4361 er
1286 4306 1330 4373 iis,
1354 4320 1432 4378 quae
1447 4312 1478 4360 tu
1495 4303 1579 4376 dicis,

224 4391 359 4452 concludi
383 4394 507 4463 vitietur,
531 4391 653 4460 hunam,
676 4389 819 4465 siquidem
843 4392 999 4465 igniscat,
1024 4400 1106 4449 tanto
1129 4392 1222 4467 magis
1245 4389 1374 4465 indigere
1389 4390 1489 4459 Terra,
1512 4408 1580 4450 ma·

226 4484 299 4541 teria
320 4482 454 4537 nimirum
477 4498 564 4555 quatu
589 4480 665 4553 iguis
687 4478 830 4537 inhabitet
853 4488 883 4535 et
905 4480 952 4537 cui
975 4477 1101 4537 adnatus
1123 4481 1169 4550 sit,
1194 4481 1222 4536 in
1247 4495 1306 4554 qua
1328 4485 1357 4537 et
1379 4479 1528 4537 contineat
1550 4486 1581 4538 et

225 4570 383 4627 exsuscitet
411 4568 578 4627 facultatem
607 4583 700 4627 suam.
745 4564 834 4623 Nullo
863 4568 939 4623 enitn
963 4569 1092 4642 cogitatu
1121 4574 1218 4642 potest
1245 4564 1399 4642 explicari,
1429 4563 1580 4640 quomodo

226 4658 303 4731 iguis
331 4655 439 4731 aliquis
469 4657 531 4713 sinc
564 4656 686 4713 materia
716 4655 810 4729 possit
837 4655 1013 4714 conservari.
1060 4655 1161 4714 Dicitis
1184 4670 1254 4712 rero
1277 4669 1345 4727 vos,
1371 4652 1492 4712 Tenum
1514 4654 1580 4713 sine

225 4742 414 4803 fundamento
440 4742 486 4802 vel
509 4742 605 4801 radice
628 4744 796 4801 consistere.

331 4830 457 4893 Omnino
475 4846 554 4907 sero,
577 4828 727 4906 respondit
748 4827 989 4905 Pharnaces,
1012 4831 1121 4907 quippe
1144 4844 1210 4888 cum
1225 4830 1373 4906 proprium
1394 4827 1529 4888 obtineat
1549 4834 1581 4888 et
