<?xml version="1.0" encoding="UTF-8"?>
<!DOCTYPE html PUBLIC "-//W3C//DTD XHTML 1.0 Transitional//EN"
    "http://www.w3.org/TR/xhtml1/DTD/xhtml1-transitional.dtd">
<html xmlns="http://www.w3.org/1999/xhtml" xml:lang="en" lang="en">
 <head>
  <title>
</title>
<meta http-equiv="Content-Type" content="text/html;charset=utf-8" />
  <meta name='ocr-system' content='tesseract 3.04.00' />
  <meta name='ocr-capabilities' content='ocr_page ocr_carea ocr_par ocr_line ocrx_word'/>
</head>
<body>
  <div class='ocr_page' id='page_1' title='image "./joanniskepleria00frisgoog/joanniskepleria00frisgoog_0044.png"; bbox 0 0 3308 5534; ppageno 0'>
   <div class='ocr_carea' id='block_1_1' title="bbox 615 367 1450 435">
    <p class='ocr_par' dir='ltr' id='par_1_1' title="bbox 615 367 1450 435">
     <span class='ocr_line' id='line_1_1' title="bbox 615 367 1450 435; baseline -0.002 -12"><span class='ocrx_word' id='word_1_1' title='bbox 615 367 927 424; x_wconf 74' lang='lat' dir='ltr'><strong>astronomislmnaris.</strong></span> <span class='ocrx_word' id='word_1_2' title='bbox 1409 367 1450 435; x_wconf 87' lang='lat'><strong>31</strong></span> 
     </span>
    </p>
   </div>
   <div class='ocr_carea' id='block_1_2' title="bbox 90 537 1453 4287">
    <p class='ocr_par' dir='ltr' id='par_1_2' title="bbox 90 537 1452 797">
     <span class='ocr_line' id='line_1_2' title="bbox 90 537 1452 623; baseline -0.001 -18"><span class='ocrx_word' id='word_1_3' title='bbox 90 554 206 605; x_wconf 88' lang='lat' dir='ltr'><strong>menter</strong></span> <span class='ocrx_word' id='word_1_4' title='bbox 227 552 413 623; x_wconf 67' lang='lat' dir='ltr'><strong>aegrotarem</strong></span> <span class='ocrx_word' id='word_1_5' title='bbox 434 563 470 605; x_wconf 85' lang='lat' dir='ltr'><strong>ex</strong></span> <span class='ocrx_word' id='word_1_6' title='bbox 489 545 651 622; x_wconf 84' lang='lat' dir='ltr'><strong>jactatione</strong></span> <span class='ocrx_word' id='word_1_7' title='bbox 673 554 703 607; x_wconf 89' lang='lat' dir='ltr'><strong>et</strong></span> <span class='ocrx_word' id='word_1_8' title='bbox 726 562 815 606; x_wconf 89' lang='lat' dir='ltr'><strong>aurae</strong></span> <span class='ocrx_word' id='word_1_9' title='bbox 837 551 938 623; x_wconf 88' lang='lat' dir='ltr'><strong>tepore</strong></span> <span class='ocrx_word' id='word_1_10' title='bbox 960 537 1145 620; x_wconf 78' lang='lat' dir='ltr'><strong>insueto²⁰),</strong></span> <span class='ocrx_word' id='word_1_11' title='bbox 1177 546 1286 622; x_wconf 87' lang='lat' dir='ltr'><strong>qnippe</strong></span> <span class='ocrx_word' id='word_1_12' title='bbox 1308 554 1452 621; x_wconf 90' lang='lat' dir='ltr'><strong>quatuor·</strong></span> 
     </span>
     <span class='ocr_line' id='line_1_3' title="bbox 91 631 1452 710; baseline 0.001 -19"><span class='ocrx_word' id='word_1_13' title='bbox 91 631 186 693; x_wconf 89' lang='lat' dir='ltr'><strong>decim</strong></span> <span class='ocrx_word' id='word_1_14' title='bbox 210 651 355 693; x_wconf 81' lang='lat' dir='ltr'><strong>annorum</strong></span> <span class='ocrx_word' id='word_1_15' title='bbox 378 632 562 693; x_wconf 81' lang='lat' dir='ltr'><strong>adoleseeusr</strong></span> <span class='ocrx_word' id='word_1_16' title='bbox 584 635 654 693; x_wconf 88' lang='lat' dir='ltr'><strong>nari</strong></span> <span class='ocrx_word' id='word_1_17' title='bbox 677 633 715 693; x_wconf 94' lang='lat' dir='ltr'><strong>ad</strong></span> <span class='ocrx_word' id='word_1_18' title='bbox 738 632 807 693; x_wconf 90' lang='lat' dir='ltr'><strong>litus</strong></span> <span class='ocrx_word' id='word_1_19' title='bbox 829 631 955 710; x_wconf 92' lang='lat' dir='ltr'><strong>appulsa</strong></span> <span class='ocrx_word' id='word_1_20' title='bbox 976 649 1023 691; x_wconf 93' lang='lat' dir='ltr'><strong>me</strong></span> <span class='ocrx_word' id='word_1_21' title='bbox 1046 632 1125 708; x_wconf 92' lang='lat' dir='ltr'><strong>apud</strong></span> <span class='ocrx_word' id='word_1_22' title='bbox 1140 634 1316 708; x_wconf 75' lang='lat' dir='ltr'><strong>piscatorem</strong></span> <span class='ocrx_word' id='word_1_23' title='bbox 1338 631 1452 693; x_wconf 86' lang='lat' dir='ltr'><strong>insula·</strong></span> 
     </span>
     <span class='ocr_line' id='line_1_4' title="bbox 92 717 1058 797; baseline 0.002 -20"><span class='ocrx_word' id='word_1_24' title='bbox 92 737 160 779; x_wconf 91' lang='lat' dir='ltr'><strong>num</strong></span> <span class='ocrx_word' id='word_1_25' title='bbox 189 717 214 790; x_wconf 80' lang='lat'><strong>¹)</strong></span> <span class='ocrx_word' id='word_1_26' title='bbox 238 723 377 797; x_wconf 73' lang='lat' dir='ltr'>exposuit</span> <span class='ocrx_word' id='word_1_27' title='bbox 398 738 464 781; x_wconf 93' lang='lat' dir='ltr'><strong>cum</strong></span> <span class='ocrx_word' id='word_1_28' title='bbox 486 721 576 779; x_wconf 90' lang='lat' dir='ltr'><strong>literis</strong></span> <span class='ocrx_word' id='word_1_29' title='bbox 598 729 629 781; x_wconf 90' lang='lat' dir='ltr'><strong>ct</strong></span> <span class='ocrx_word' id='word_1_30' title='bbox 651 738 704 797; x_wconf 93' lang='lat' dir='ltr'><strong>spc</strong></span> <span class='ocrx_word' id='word_1_31' title='bbox 726 719 837 780; x_wconf 88' lang='lat' dir='ltr'><strong>reditus</strong></span> <span class='ocrx_word' id='word_1_32' title='bbox 859 722 937 780; x_wconf 90' lang='lat' dir='ltr'><strong>facta</strong></span> <span class='ocrx_word' id='word_1_33' title='bbox 958 718 1058 779; x_wconf 86' lang='lat' dir='ltr'><strong>solvlt.</strong></span> 
     </span>
    </p>

    <p class='ocr_par' dir='ltr' id='par_1_3' title="bbox 91 802 1452 1408">
     <span class='ocr_line' id='line_1_5' title="bbox 200 802 1450 887; baseline 0.001 -21"><span class='ocrx_word' id='word_1_34' title='bbox 200 807 308 868; x_wconf 81' lang='lat' dir='ltr'><strong>biteris</strong></span> <span class='ocrx_word' id='word_1_35' title='bbox 331 807 444 867; x_wconf 87' lang='lat' dir='ltr'><strong>traditis</strong></span> <span class='ocrx_word' id='word_1_36' title='bbox 458 807 590 868; x_wconf 86' lang='lat' dir='ltr'><strong>Brabeus</strong></span> <span class='ocrx_word' id='word_1_37' title='bbox 607 807 693 868; x_wconf 87' lang='lat' dir='ltr'><strong>raldo</strong></span> <span class='ocrx_word' id='word_1_38' title='bbox 709 808 888 867; x_wconf 85' lang='lat' dir='ltr'><strong>exhilaratus</strong></span> <span class='ocrx_word' id='word_1_39' title='bbox 911 809 1009 884; x_wconf 89' lang='lat' dir='ltr'><strong>coepit</strong></span> <span class='ocrx_word' id='word_1_40' title='bbox 1035 823 1071 867; x_wconf 85' lang='lat' dir='ltr'><strong>ex</strong></span> <span class='ocrx_word' id='word_1_41' title='bbox 1086 823 1132 866; x_wconf 90' lang='lat' dir='ltr'><strong>ms</strong></span> <span class='ocrx_word' id='word_1_42' title='bbox 1148 804 1241 865; x_wconf 89' lang='lat' dir='ltr'><strong>multa</strong></span> <span class='ocrx_word' id='word_1_43' title='bbox 1254 802 1450 887; x_wconf 49' lang='lat' dir='ltr'><strong>quaererem),</strong></span> 
     </span>
     <span class='ocr_line' id='line_1_6' title="bbox 92 888 1451 976; baseline 0.002 -24"><span class='ocrx_word' id='word_1_44' title='bbox 92 911 169 970; x_wconf 84' lang='lat' dir='ltr'><strong>quse</strong></span> <span class='ocrx_word' id='word_1_45' title='bbox 194 912 252 971; x_wconf 90' lang='lat' dir='ltr'><strong>ego</strong></span> <span class='ocrx_word' id='word_1_46' title='bbox 276 895 394 971; x_wconf 80' lang='lat' dir='ltr'><strong>linguae</strong></span> <span class='ocrx_word' id='word_1_47' title='bbox 417 896 566 971; x_wconf 92' lang='lat' dir='ltr'><strong>imperitus</strong></span> <span class='ocrx_word' id='word_1_48' title='bbox 588 912 646 971; x_wconf 86' lang='lat' dir='ltr'><strong>pon</strong></span> <span class='ocrx_word' id='word_1_49' title='bbox 669 894 816 968; x_wconf 80' lang='lat' dir='ltr'>intellexi,</span> <span class='ocrx_word' id='word_1_50' title='bbox 845 896 947 972; x_wconf 90' lang='lat' dir='ltr'><strong>paucis</strong></span> <span class='ocrx_word' id='word_1_51' title='bbox 978 894 1074 954; x_wconf 89' lang='lat' dir='ltr'><strong>rcrbis</strong></span> <span class='ocrx_word' id='word_1_52' title='bbox 1105 888 1299 976; x_wconf 80' lang='lat' dir='ltr'><strong>exceptis²⁸).</strong></span> <span class='ocrx_word' id='word_1_53' title='bbox 1345 894 1451 970; x_wconf 88' lang='lat' dir='ltr'><strong>ltaque</strong></span> 
     </span>
     <span class='ocr_line' id='line_1_7' title="bbox 91 976 1451 1059; baseline 0.003 -20"><span class='ocrx_word' id='word_1_54' title='bbox 91 984 246 1057; x_wconf 84' lang='lat' dir='ltr'><strong>negotium</strong></span> <span class='ocrx_word' id='word_1_55' title='bbox 269 985 331 1042; x_wconf 91' lang='lat' dir='ltr'><strong>suis</strong></span> <span class='ocrx_word' id='word_1_56' title='bbox 353 982 433 1042; x_wconf 83' lang='lat' dir='ltr'><strong>dedit</strong></span> <span class='ocrx_word' id='word_1_57' title='bbox 455 981 602 1056; x_wconf 90' lang='lat' dir='ltr'><strong>studiosis,</strong></span> <span class='ocrx_word' id='word_1_58' title='bbox 626 999 700 1059; x_wconf 91' lang='lat' dir='ltr'><strong>qnos</strong></span> <span class='ocrx_word' id='word_1_59' title='bbox 716 999 824 1058; x_wconf 90' lang='lat' dir='ltr'><strong>magno</strong></span> <span class='ocrx_word' id='word_1_60' title='bbox 839 998 960 1042; x_wconf 90' lang='lat' dir='ltr'><strong>numero</strong></span> <span class='ocrx_word' id='word_1_61' title='bbox 976 976 1138 1057; x_wconf 76' lang='lat' dir='ltr'><strong>alebat²⁸),</strong></span> <span class='ocrx_word' id='word_1_62' title='bbox 1161 984 1203 1040; x_wconf 89' lang='lat' dir='ltr'><strong>uti</strong></span> <span class='ocrx_word' id='word_1_63' title='bbox 1220 999 1334 1041; x_wconf 93' lang='lat' dir='ltr'><strong>mecum</strong></span> <span class='ocrx_word' id='word_1_64' title='bbox 1349 983 1451 1043; x_wconf 90' lang='lat' dir='ltr'><strong>crebro</strong></span> 
     </span>
     <span class='ocr_line' id='line_1_8' title="bbox 91 1065 1452 1146; baseline 0.003 -20"><span class='ocrx_word' id='word_1_65' title='bbox 91 1068 293 1145; x_wconf 87' lang='lat' dir='ltr'><strong>loquerentur,</strong></span> <span class='ocrx_word' id='word_1_66' title='bbox 316 1072 483 1146; x_wconf 88' lang='lat' dir='ltr'><strong>factumque</strong></span> <span class='ocrx_word' id='word_1_67' title='bbox 503 1068 679 1131; x_wconf 71' lang='lat' dir='ltr'><strong>liberalitate</strong></span> <span class='ocrx_word' id='word_1_68' title='bbox 702 1065 859 1144; x_wconf 73' lang='lat' dir='ltr'><strong>Brabei²⁵l</strong></span> <span class='ocrx_word' id='word_1_69' title='bbox 884 1078 914 1130; x_wconf 91' lang='lat' dir='ltr'><strong>ct</strong></span> <span class='ocrx_word' id='word_1_70' title='bbox 935 1086 1095 1146; x_wconf 91' lang='lat' dir='ltr'><strong>paucarum</strong></span> <span class='ocrx_word' id='word_1_71' title='bbox 1116 1071 1344 1145; x_wconf 89' lang='lat' dir='ltr'><strong>septimanarum</strong></span> <span class='ocrx_word' id='word_1_72' title='bbox 1367 1087 1452 1130; x_wconf 82' lang='lat' dir='ltr'><strong>exer·</strong></span> 
     </span>
     <span class='ocr_line' id='line_1_9' title="bbox 92 1156 1451 1233; baseline 0.001 -18"><span class='ocrx_word' id='word_1_73' title='bbox 92 1158 175 1229; x_wconf 86' lang='lat' dir='ltr'><strong>citio,</strong></span> <span class='ocrx_word' id='word_1_74' title='bbox 210 1164 243 1216; x_wconf 89' lang='lat' dir='ltr'><strong>ut</strong></span> <span class='ocrx_word' id='word_1_75' title='bbox 274 1156 456 1217; x_wconf 83' lang='lat' dir='ltr'><strong>mediocriter</strong></span> <span class='ocrx_word' id='word_1_76' title='bbox 479 1156 591 1217; x_wconf 91' lang='lat' dir='ltr'><strong>Danics</strong></span> <span class='ocrx_word' id='word_1_77' title='bbox 617 1156 760 1233; x_wconf 85' lang='lat' dir='ltr'><strong>loquerer.</strong></span> <span class='ocrx_word' id='word_1_78' title='bbox 806 1156 868 1217; x_wconf 91' lang='lat' dir='ltr'><strong>Nec</strong></span> <span class='ocrx_word' id='word_1_79' title='bbox 889 1159 985 1217; x_wconf 90' lang='lat' dir='ltr'><strong>minas</strong></span> <span class='ocrx_word' id='word_1_80' title='bbox 1007 1173 1062 1233; x_wconf 88' lang='lat' dir='ltr'><strong>ego</strong></span> <span class='ocrx_word' id='word_1_81' title='bbox 1085 1165 1216 1233; x_wconf 91' lang='lat' dir='ltr'><strong>promtus</strong></span> <span class='ocrx_word' id='word_1_82' title='bbox 1245 1159 1275 1215; x_wconf 89' lang='lat' dir='ltr'><strong>ln</strong></span> <span class='ocrx_word' id='word_1_83' title='bbox 1297 1156 1451 1231; x_wconf 90' lang='lat' dir='ltr'><strong>narrando,</strong></span> 
     </span>
     <span class='ocr_line' id='line_1_10' title="bbox 94 1243 1452 1321; baseline 0.002 -20"><span class='ocrx_word' id='word_1_84' title='bbox 94 1261 181 1319; x_wconf 86' lang='lat' dir='ltr'><strong>quam</strong></span> <span class='ocrx_word' id='word_1_85' title='bbox 205 1244 250 1302; x_wconf 92' lang='lat' dir='ltr'><strong>illi</strong></span> <span class='ocrx_word' id='word_1_86' title='bbox 274 1253 356 1304; x_wconf 88' lang='lat' dir='ltr'><strong>erant</strong></span> <span class='ocrx_word' id='word_1_87' title='bbox 379 1246 407 1302; x_wconf 92' lang='lat' dir='ltr'><strong>in</strong></span> <span class='ocrx_word' id='word_1_88' title='bbox 430 1243 607 1321; x_wconf 87' lang='lat' dir='ltr'><strong>quaerendo.</strong></span> <span class='ocrx_word' id='word_1_89' title='bbox 644 1243 740 1305; x_wconf 82' lang='lat' dir='ltr'><strong>Multa</strong></span> <span class='ocrx_word' id='word_1_90' title='bbox 762 1246 872 1321; x_wconf 89' lang='lat' dir='ltr'><strong>quippe</strong></span> <span class='ocrx_word' id='word_1_91' title='bbox 893 1247 1010 1303; x_wconf 88' lang='lat' dir='ltr'><strong>insueta</strong></span> <span class='ocrx_word' id='word_1_92' title='bbox 1031 1245 1172 1318; x_wconf 90' lang='lat' dir='ltr'><strong>mirabar,</strong></span> <span class='ocrx_word' id='word_1_93' title='bbox 1203 1243 1297 1305; x_wconf 86' lang='lat' dir='ltr'><strong>multa</strong></span> <span class='ocrx_word' id='word_1_94' title='bbox 1318 1247 1452 1305; x_wconf 88' lang='lat' dir='ltr'><strong>miranti-</strong></span> 
     </span>
     <span class='ocr_line' id='line_1_11' title="bbox 94 1331 734 1408; baseline 0.002 -18"><span class='ocrx_word' id='word_1_95' title='bbox 94 1331 147 1399; x_wconf 87' lang='lat' dir='ltr'><strong>bus</strong></span> <span class='ocrx_word' id='word_1_96' title='bbox 170 1349 209 1392; x_wconf 84' lang='lat' dir='ltr'><strong>ex</strong></span> <span class='ocrx_word' id='word_1_97' title='bbox 232 1349 301 1391; x_wconf 91' lang='lat' dir='ltr'><strong>mea</strong></span> <span class='ocrx_word' id='word_1_98' title='bbox 321 1333 418 1408; x_wconf 85' lang='lat' dir='ltr'><strong>patria</strong></span> <span class='ocrx_word' id='word_1_99' title='bbox 439 1349 517 1391; x_wconf 89' lang='lat' dir='ltr'><strong>nora</strong></span> <span class='ocrx_word' id='word_1_100' title='bbox 538 1332 734 1391; x_wconf 90' lang='lat' dir='ltr'><strong>receueobam.</strong></span> 
     </span>
    </p>

    <p class='ocr_par' dir='ltr' id='par_1_4' title="bbox 94 1416 1453 1582">
     <span class='ocr_line' id='line_1_12' title="bbox 199 1416 1453 1496; baseline 0.002 -19"><span class='ocrx_word' id='word_1_101' title='bbox 199 1418 337 1496; x_wconf 89' lang='lat' dir='ltr'><strong>Denique</strong></span> <span class='ocrx_word' id='word_1_102' title='bbox 359 1436 493 1480; x_wconf 85' lang='lat' dir='ltr'><strong>resersus</strong></span> <span class='ocrx_word' id='word_1_103' title='bbox 515 1421 599 1479; x_wconf 89' lang='lat' dir='ltr'><strong>uaris</strong></span> <span class='ocrx_word' id='word_1_104' title='bbox 621 1421 760 1496; x_wconf 89' lang='lat' dir='ltr'><strong>magister</strong></span> <span class='ocrx_word' id='word_1_105' title='bbox 788 1435 892 1495; x_wconf 90' lang='lat' dir='ltr'><strong>meque</strong></span> <span class='ocrx_word' id='word_1_106' title='bbox 921 1426 1055 1494; x_wconf 88' lang='lat' dir='ltr'><strong>repetens</strong></span> <span class='ocrx_word' id='word_1_107' title='bbox 1085 1419 1231 1494; x_wconf 79' lang='lat' dir='ltr'><strong>repulsam</strong></span> <span class='ocrx_word' id='word_1_108' title='bbox 1254 1416 1334 1494; x_wconf 86' lang='lat' dir='ltr'><strong>tulit,</strong></span> <span class='ocrx_word' id='word_1_109' title='bbox 1364 1416 1453 1481; x_wconf 87' lang='lat' dir='ltr'><strong>raldo</strong></span> 
     </span>
     <span class='ocr_line' id='line_1_13' title="bbox 94 1501 377 1582; baseline 0.004 -18"><span class='ocrx_word' id='word_1_110' title='bbox 94 1523 138 1566; x_wconf 88' lang='lat' dir='ltr'><strong>me</strong></span> <span class='ocrx_word' id='word_1_111' title='bbox 159 1505 314 1582; x_wconf 88' lang='lat' dir='ltr'><strong>gaudente</strong></span> <span class='ocrx_word' id='word_1_112' title='bbox 324 1501 377 1580; x_wconf 73' lang='lat'><strong>²⁶).</strong></span> 
     </span>
    </p>

    <p class='ocr_par' dir='ltr' id='par_1_5' title="bbox 93 1590 1452 1934">
     <span class='ocr_line' id='line_1_14' title="bbox 197 1590 1449 1670; baseline 0.001 -20"><span class='ocrx_word' id='word_1_113' title='bbox 197 1592 309 1651; x_wconf 86' lang='lat' dir='ltr'><strong>Mirum</strong></span> <span class='ocrx_word' id='word_1_114' title='bbox 331 1594 360 1650; x_wconf 94' lang='lat' dir='ltr'><strong>in</strong></span> <span class='ocrx_word' id='word_1_115' title='bbox 384 1591 500 1651; x_wconf 89' lang='lat' dir='ltr'><strong>modum</strong></span> <span class='ocrx_word' id='word_1_116' title='bbox 522 1591 591 1649; x_wconf 92' lang='lat' dir='ltr'><strong>mibi</strong></span> <span class='ocrx_word' id='word_1_117' title='bbox 615 1590 781 1652; x_wconf 90' lang='lat' dir='ltr'><strong>arridebant</strong></span> <span class='ocrx_word' id='word_1_118' title='bbox 802 1593 999 1652; x_wconf 88' lang='lat' dir='ltr'><strong>astronomica</strong></span> <span class='ocrx_word' id='word_1_119' title='bbox 1021 1594 1169 1665; x_wconf 82' lang='lat' dir='ltr'><strong>exercitia,</strong></span> <span class='ocrx_word' id='word_1_120' title='bbox 1192 1595 1301 1670; x_wconf 89' lang='lat' dir='ltr'><strong>quippe</strong></span> <span class='ocrx_word' id='word_1_121' title='bbox 1323 1594 1449 1654; x_wconf 85' lang='lat' dir='ltr'><strong>studiosi</strong></span> 
     </span>
     <span class='ocr_line' id='line_1_15' title="bbox 94 1677 1451 1742; baseline 0.002 -3"><span class='ocrx_word' id='word_1_122' title='bbox 94 1690 122 1739; x_wconf 90' lang='lat' dir='ltr'><strong>et</strong></span> <span class='ocrx_word' id='word_1_123' title='bbox 143 1679 282 1740; x_wconf 89' lang='lat' dir='ltr'><strong>Brahcus</strong></span> <span class='ocrx_word' id='word_1_124' title='bbox 305 1679 488 1740; x_wconf 85' lang='lat' dir='ltr'><strong>mirabilibus</strong></span> <span class='ocrx_word' id='word_1_125' title='bbox 510 1677 652 1738; x_wconf 86' lang='lat' dir='ltr'><strong>machinis</strong></span> <span class='ocrx_word' id='word_1_126' title='bbox 680 1682 749 1739; x_wconf 90' lang='lat' dir='ltr'><strong>totis</strong></span> <span class='ocrx_word' id='word_1_127' title='bbox 778 1680 912 1739; x_wconf 88' lang='lat' dir='ltr'><strong>noctibus</strong></span> <span class='ocrx_word' id='word_1_128' title='bbox 943 1679 1132 1739; x_wconf 79' lang='lat' dir='ltr'><strong>intendebant</strong></span> <span class='ocrx_word' id='word_1_129' title='bbox 1156 1680 1257 1741; x_wconf 83' lang='lat' dir='ltr'><strong>Lunae</strong></span> <span class='ocrx_word' id='word_1_130' title='bbox 1288 1680 1451 1742; x_wconf 87' lang='lat' dir='ltr'><strong>sideribus-</strong></span> 
     </span>
     <span class='ocr_line' id='line_1_16' title="bbox 94 1763 1452 1848; baseline 0.003 -23"><span class='ocrx_word' id='word_1_131' title='bbox 94 1763 223 1848; x_wconf 79' lang='lat' dir='ltr'><strong>que²⁷),</strong></span> <span class='ocrx_word' id='word_1_132' title='bbox 255 1785 333 1843; x_wconf 91' lang='lat' dir='ltr'><strong>quae</strong></span> <span class='ocrx_word' id='word_1_133' title='bbox 363 1785 409 1826; x_wconf 92' lang='lat' dir='ltr'><strong>me</strong></span> <span class='ocrx_word' id='word_1_134' title='bbox 432 1784 478 1824; x_wconf 88' lang='lat' dir='ltr'><strong>res</strong></span> <span class='ocrx_word' id='word_1_135' title='bbox 507 1765 684 1826; x_wconf 88' lang='lat' dir='ltr'><strong>admouebat</strong></span> <span class='ocrx_word' id='word_1_136' title='bbox 706 1769 823 1840; x_wconf 85' lang='lat' dir='ltr'><strong>matris,</strong></span> <span class='ocrx_word' id='word_1_137' title='bbox 854 1769 963 1844; x_wconf 92' lang='lat' dir='ltr'><strong>quippe</strong></span> <span class='ocrx_word' id='word_1_138' title='bbox 993 1775 1022 1827; x_wconf 90' lang='lat' dir='ltr'><strong>et</strong></span> <span class='ocrx_word' id='word_1_139' title='bbox 1045 1769 1111 1843; x_wconf 91' lang='lat' dir='ltr'><strong>ipsa</strong></span> <span class='ocrx_word' id='word_1_140' title='bbox 1137 1768 1254 1828; x_wconf 90' lang='lat' dir='ltr'><strong>assidue</strong></span> <span class='ocrx_word' id='word_1_141' title='bbox 1278 1786 1344 1830; x_wconf 90' lang='lat' dir='ltr'><strong>cum</strong></span> <span class='ocrx_word' id='word_1_142' title='bbox 1367 1769 1452 1830; x_wconf 78' lang='lat' dir='ltr'><strong>Luna</strong></span> 
     </span>
     <span class='ocr_line' id='line_1_17' title="bbox 93 1848 488 1934; baseline -0.008 -20"><span class='ocrx_word' id='word_1_143' title='bbox 93 1855 178 1914; x_wconf 85' lang='lat' dir='ltr'><strong>solita</strong></span> <span class='ocrx_word' id='word_1_144' title='bbox 202 1864 270 1913; x_wconf 89' lang='lat' dir='ltr'><strong>erat</strong></span> <span class='ocrx_word' id='word_1_145' title='bbox 292 1854 420 1930; x_wconf 89' lang='lat' dir='ltr'><strong>colloqui</strong></span> <span class='ocrx_word' id='word_1_146' title='bbox 430 1848 488 1934; x_wconf 71' lang='lat'><strong>⁴²⁸).</strong></span> 
     </span>
    </p>

    <p class='ocr_par' dir='ltr' id='par_1_6' title="bbox 94 1939 1451 2106">
     <span class='ocr_line' id='line_1_18' title="bbox 195 1939 1451 2018; baseline 0.002 -19"><span class='ocrx_word' id='word_1_147' title='bbox 195 1941 266 2000; x_wconf 87' lang='lat' dir='ltr'><strong>Hac</strong></span> <span class='ocrx_word' id='word_1_148' title='bbox 289 1943 377 2017; x_wconf 85' lang='lat' dir='ltr'><strong>igitur</strong></span> <span class='ocrx_word' id='word_1_149' title='bbox 399 1942 552 2000; x_wconf 86' lang='lat' dir='ltr'><strong>occasione</strong></span> <span class='ocrx_word' id='word_1_150' title='bbox 575 1957 631 2016; x_wconf 91' lang='lat' dir='ltr'><strong>ego</strong></span> <span class='ocrx_word' id='word_1_151' title='bbox 654 1942 749 2016; x_wconf 90' lang='lat' dir='ltr'><strong>patris</strong></span> <span class='ocrx_word' id='word_1_152' title='bbox 776 1939 1007 2013; x_wconf 90' lang='lat' dir='ltr'><strong>semibarbarus,</strong></span> <span class='ocrx_word' id='word_1_153' title='bbox 1038 1940 1207 2002; x_wconf 90' lang='lat' dir='ltr'><strong>conditione</strong></span> <span class='ocrx_word' id='word_1_154' title='bbox 1235 1945 1451 2018; x_wconf 87' lang='lat' dir='ltr'><strong>egentissimus,</strong></span> 
     </span>
     <span class='ocr_line' id='line_1_19' title="bbox 94 2026 1451 2106; baseline 0.005 -22"><span class='ocrx_word' id='word_1_155' title='bbox 94 2030 119 2086; x_wconf 89' lang='lat' dir='ltr'><strong>irr</strong></span> <span class='ocrx_word' id='word_1_156' title='bbox 141 2028 352 2088; x_wconf 72' lang='lat' dir='ltr'><strong>divinissimae</strong></span> <span class='ocrx_word' id='word_1_157' title='bbox 373 2030 515 2087; x_wconf 79' lang='lat' dir='ltr'><strong>scientiae</strong></span> <span class='ocrx_word' id='word_1_158' title='bbox 537 2028 734 2102; x_wconf 81' lang='lat' dir='ltr'><strong>cognitionem</strong></span> <span class='ocrx_word' id='word_1_159' title='bbox 757 2030 836 2106; x_wconf 87' lang='lat' dir='ltr'><strong>reni,</strong></span> <span class='ocrx_word' id='word_1_160' title='bbox 859 2044 934 2103; x_wconf 91' lang='lat' dir='ltr'><strong>quae</strong></span> <span class='ocrx_word' id='word_1_161' title='bbox 957 2026 1029 2085; x_wconf 93' lang='lat' dir='ltr'><strong>mibl</strong></span> <span class='ocrx_word' id='word_1_162' title='bbox 1051 2027 1089 2086; x_wconf 92' lang='lat' dir='ltr'><strong>ad</strong></span> <span class='ocrx_word' id='word_1_163' title='bbox 1106 2029 1217 2104; x_wconf 76' lang='lat' dir='ltr'><strong>maiora</strong></span> <span class='ocrx_word' id='word_1_164' title='bbox 1234 2032 1310 2088; x_wconf 88' lang='lat' dir='ltr'><strong>riam</strong></span> <span class='ocrx_word' id='word_1_165' title='bbox 1326 2033 1451 2106; x_wconf 84' lang='lat' dir='ltr'><strong>pararit</strong></span> 
     </span>
    </p>

    <p class='ocr_par' dir='ltr' id='par_1_7' title="bbox 95 2113 1453 2629">
     <span class='ocr_line' id='line_1_20' title="bbox 195 2113 1453 2193; baseline 0.002 -18"><span class='ocrx_word' id='word_1_166' title='bbox 195 2116 317 2175; x_wconf 86' lang='lat' dir='ltr'><strong>Etenim</strong></span> <span class='ocrx_word' id='word_1_167' title='bbox 340 2118 451 2174; x_wconf 85' lang='lat' dir='ltr'><strong>exactis</strong></span> <span class='ocrx_word' id='word_1_168' title='bbox 473 2116 556 2172; x_wconf 91' lang='lat' dir='ltr'><strong>anuis</strong></span> <span class='ocrx_word' id='word_1_169' title='bbox 579 2113 694 2189; x_wconf 88' lang='lat' dir='ltr'><strong>aliquot</strong></span> <span class='ocrx_word' id='word_1_170' title='bbox 717 2117 745 2172; x_wconf 92' lang='lat' dir='ltr'><strong>in</strong></span> <span class='ocrx_word' id='word_1_171' title='bbox 769 2113 825 2173; x_wconf 88' lang='lat' dir='ltr'><strong>bac</strong></span> <span class='ocrx_word' id='word_1_172' title='bbox 847 2113 943 2174; x_wconf 88' lang='lat' dir='ltr'><strong>insula</strong></span> <span class='ocrx_word' id='word_1_173' title='bbox 966 2113 1083 2173; x_wconf 85' lang='lat' dir='ltr'><strong>taudem</strong></span> <span class='ocrx_word' id='word_1_174' title='bbox 1104 2134 1149 2174; x_wconf 89' lang='lat' dir='ltr'><strong>mc</strong></span> <span class='ocrx_word' id='word_1_175' title='bbox 1172 2115 1317 2193; x_wconf 84' lang='lat' dir='ltr'><strong>cupiditas</strong></span> <span class='ocrx_word' id='word_1_176' title='bbox 1331 2120 1453 2179; x_wconf 85' lang='lat' dir='ltr'><strong>incessit</strong></span> 
     </span>
     <span class='ocr_line' id='line_1_21' title="bbox 95 2201 1452 2281; baseline 0.003 -22"><span class='ocrx_word' id='word_1_177' title='bbox 95 2202 270 2263; x_wconf 83' lang='lat' dir='ltr'><strong>revisendae</strong></span> <span class='ocrx_word' id='word_1_178' title='bbox 294 2205 424 2279; x_wconf 89' lang='lat' dir='ltr'><strong>patriae;</strong></span> <span class='ocrx_word' id='word_1_179' title='bbox 450 2202 534 2260; x_wconf 89' lang='lat' dir='ltr'><strong>rebar</strong></span> <span class='ocrx_word' id='word_1_180' title='bbox 555 2203 632 2260; x_wconf 93' lang='lat' dir='ltr'><strong>enim</strong></span> <span class='ocrx_word' id='word_1_181' title='bbox 655 2217 713 2260; x_wconf 92' lang='lat' dir='ltr'><strong>non</strong></span> <span class='ocrx_word' id='word_1_182' title='bbox 736 2219 827 2276; x_wconf 83' lang='lat' dir='ltr'><strong>grava</strong></span> <span class='ocrx_word' id='word_1_183' title='bbox 849 2201 921 2260; x_wconf 91' lang='lat' dir='ltr'><strong>mibi</strong></span> <span class='ocrx_word' id='word_1_184' title='bbox 939 2201 1071 2260; x_wconf 89' lang='lat' dir='ltr'><strong>&#39;futurum</strong></span> <span class='ocrx_word' id='word_1_185' title='bbox 1094 2203 1132 2261; x_wconf 93' lang='lat' dir='ltr'><strong>ob</strong></span> <span class='ocrx_word' id='word_1_186' title='bbox 1156 2206 1330 2281; x_wconf 88' lang='lat' dir='ltr'><strong>acquisitam</strong></span> <span class='ocrx_word' id='word_1_187' title='bbox 1353 2209 1452 2265; x_wconf 89' lang='lat' dir='ltr'><strong>scien-</strong></span> 
     </span>
     <span class='ocr_line' id='line_1_22' title="bbox 97 2287 1453 2370; baseline 0.003 -21"><span class='ocrx_word' id='word_1_188' title='bbox 97 2293 166 2364; x_wconf 82' lang='lat' dir='ltr'><strong>tiam,</strong></span> <span class='ocrx_word' id='word_1_189' title='bbox 193 2308 348 2365; x_wconf 80' lang='lat' dir='ltr'><strong>emergere</strong></span> <span class='ocrx_word' id='word_1_190' title='bbox 371 2289 409 2348; x_wconf 90' lang='lat' dir='ltr'><strong>ad</strong></span> <span class='ocrx_word' id='word_1_191' title='bbox 431 2287 559 2365; x_wconf 90' lang='lat' dir='ltr'><strong>aliquam</strong></span> <span class='ocrx_word' id='word_1_192' title='bbox 583 2290 610 2345; x_wconf 91' lang='lat' dir='ltr'><strong>in</strong></span> <span class='ocrx_word' id='word_1_193' title='bbox 635 2306 700 2348; x_wconf 91' lang='lat' dir='ltr'><strong>mea</strong></span> <span class='ocrx_word' id='word_1_194' title='bbox 721 2296 808 2364; x_wconf 88' lang='lat' dir='ltr'><strong>gente</strong></span> <span class='ocrx_word' id='word_1_195' title='bbox 828 2288 892 2348; x_wconf 90' lang='lat' dir='ltr'><strong>rudi</strong></span> <span class='ocrx_word' id='word_1_196' title='bbox 915 2288 1095 2365; x_wconf 87' lang='lat' dir='ltr'><strong>dignitatem.</strong></span> <span class='ocrx_word' id='word_1_197' title='bbox 1133 2290 1269 2351; x_wconf 87' lang='lat' dir='ltr'><strong>Sulutsto</strong></span> <span class='ocrx_word' id='word_1_198' title='bbox 1285 2295 1373 2369; x_wconf 87' lang='lat' dir='ltr'><strong>igitur</strong></span> <span class='ocrx_word' id='word_1_199' title='bbox 1396 2311 1453 2370; x_wconf 91' lang='lat' dir='ltr'><strong>pa·</strong></span> 
     </span>
     <span class='ocr_line' id='line_1_23' title="bbox 101 2375 1451 2455; baseline 0.004 -20"><span class='ocrx_word' id='word_1_200' title='bbox 101 2386 168 2437; x_wconf 80' lang='lat' dir='ltr'><strong>urso</strong></span> <span class='ocrx_word' id='word_1_201' title='bbox 200 2385 234 2437; x_wconf 90' lang='lat' dir='ltr'><strong>et</strong></span> <span class='ocrx_word' id='word_1_202' title='bbox 265 2379 355 2437; x_wconf 85' lang='lat' dir='ltr'><strong>venia</strong></span> <span class='ocrx_word' id='word_1_203' title='bbox 376 2376 522 2435; x_wconf 86' lang='lat' dir='ltr'><strong>discessus</strong></span> <span class='ocrx_word' id='word_1_204' title='bbox 551 2377 706 2451; x_wconf 86' lang='lat' dir='ltr'><strong>impetrata</strong></span> <span class='ocrx_word' id='word_1_205' title='bbox 735 2379 803 2435; x_wconf 83' lang='lat' dir='ltr'><strong>veni</strong></span> <span class='ocrx_word' id='word_1_206' title='bbox 829 2375 984 2451; x_wconf 83' lang='lat' dir='ltr'><strong>Hafnism3</strong></span> <span class='ocrx_word' id='word_1_207' title='bbox 1012 2384 1175 2453; x_wconf 86' lang='lat' dir='ltr'><strong>nactusque</strong></span> <span class='ocrx_word' id='word_1_208' title='bbox 1204 2381 1301 2438; x_wconf 89' lang='lat' dir='ltr'><strong>socios</strong></span> <span class='ocrx_word' id='word_1_209' title='bbox 1331 2382 1451 2455; x_wconf 88' lang='lat' dir='ltr'><strong>itineris,</strong></span> 
     </span>
     <span class='ocr_line' id='line_1_24' title="bbox 100 2463 1453 2542; baseline 0.004 -20"><span class='ocrx_word' id='word_1_210' title='bbox 100 2468 137 2539; x_wconf 88' lang='lat' dir='ltr'><strong>qri</strong></span> <span class='ocrx_word' id='word_1_211' title='bbox 156 2483 211 2524; x_wconf 88' lang='lat' dir='ltr'><strong>me</strong></span> <span class='ocrx_word' id='word_1_212' title='bbox 242 2465 285 2524; x_wconf 95' lang='lat' dir='ltr'><strong>ob</strong></span> <span class='ocrx_word' id='word_1_213' title='bbox 306 2465 425 2540; x_wconf 87' lang='lat' dir='ltr'><strong>linguae</strong></span> <span class='ocrx_word' id='word_1_214' title='bbox 448 2470 478 2522; x_wconf 90' lang='lat' dir='ltr'><strong>st</strong></span> <span class='ocrx_word' id='word_1_215' title='bbox 499 2465 625 2538; x_wconf 92' lang='lat' dir='ltr'><strong>regionis</strong></span> <span class='ocrx_word' id='word_1_216' title='bbox 648 2464 842 2538; x_wconf 88' lang='lat' dir='ltr'><strong>cognitionem</strong></span> <span class='ocrx_word' id='word_1_217' title='bbox 864 2463 988 2523; x_wconf 87' lang='lat' dir='ltr'><strong>libenter</strong></span> <span class='ocrx_word' id='word_1_218' title='bbox 1009 2465 1038 2521; x_wconf 89' lang='lat' dir='ltr'><strong>iu</strong></span> <span class='ocrx_word' id='word_1_219' title='bbox 1061 2481 1146 2523; x_wconf 94' lang='lat' dir='ltr'><strong>suum</strong></span> <span class='ocrx_word' id='word_1_220' title='bbox 1169 2468 1361 2542; x_wconf 87' lang='lat' dir='ltr'><strong>patrocinium</strong></span> <span class='ocrx_word' id='word_1_221' title='bbox 1383 2485 1453 2528; x_wconf 91' lang='lat' dir='ltr'><strong>sus·</strong></span> 
     </span>
     <span class='ocr_line' id='line_1_25' title="bbox 97 2550 1174 2629; baseline -0.002 -17"><span class='ocrx_word' id='word_1_222' title='bbox 97 2559 241 2629; x_wconf 82' lang='lat' dir='ltr'><strong>oeperunt,</strong></span> <span class='ocrx_word' id='word_1_223' title='bbox 268 2550 344 2611; x_wconf 91' lang='lat' dir='ltr'><strong>redii</strong></span> <span class='ocrx_word' id='word_1_224' title='bbox 368 2553 396 2608; x_wconf 93' lang='lat' dir='ltr'><strong>in</strong></span> <span class='ocrx_word' id='word_1_225' title='bbox 421 2551 553 2626; x_wconf 86' lang='lat' dir='ltr'><strong>patriam,</strong></span> <span class='ocrx_word' id='word_1_226' title='bbox 577 2551 679 2625; x_wconf 88' lang='lat' dir='ltr'><strong>quinto</strong></span> <span class='ocrx_word' id='word_1_227' title='bbox 703 2559 859 2626; x_wconf 86' lang='lat' dir='ltr'><strong>postquam</strong></span> <span class='ocrx_word' id='word_1_228' title='bbox 882 2567 1064 2610; x_wconf 78' lang='lat' dir='ltr'><strong>excesseram</strong></span> <span class='ocrx_word' id='word_1_229' title='bbox 1087 2569 1174 2610; x_wconf 88' lang='lat' dir='ltr'><strong>anno.</strong></span> 
     </span>
    </p>

    <p class='ocr_par' dir='ltr' id='par_1_8' title="bbox 91 2635 1453 3587">
     <span class='ocr_line' id='line_1_26' title="bbox 192 2635 1453 2717; baseline 0.002 -19"><span class='ocrx_word' id='word_1_230' title='bbox 192 2640 301 2698; x_wconf 90' lang='lat' dir='ltr'><strong>Prima</strong></span> <span class='ocrx_word' id='word_1_231' title='bbox 323 2640 380 2697; x_wconf 92' lang='lat' dir='ltr'><strong>mci</strong></span> <span class='ocrx_word' id='word_1_232' title='bbox 403 2637 513 2697; x_wconf 90' lang='lat' dir='ltr'><strong>reditus</strong></span> <span class='ocrx_word' id='word_1_233' title='bbox 535 2635 659 2696; x_wconf 77' lang='lat' dir='ltr'><strong>felicitas</strong></span> <span class='ocrx_word' id='word_1_234' title='bbox 682 2644 752 2712; x_wconf 89' lang='lat' dir='ltr'><strong>crat,</strong></span> <span class='ocrx_word' id='word_1_235' title='bbox 777 2638 857 2713; x_wconf 92' lang='lat' dir='ltr'><strong>quod</strong></span> <span class='ocrx_word' id='word_1_236' title='bbox 878 2645 1000 2697; x_wconf 89' lang='lat' dir='ltr'><strong>matrem</strong></span> <span class='ocrx_word' id='word_1_237' title='bbox 1023 2642 1122 2698; x_wconf 86' lang='lat' dir='ltr'><strong>inreni</strong></span> <span class='ocrx_word' id='word_1_238' title='bbox 1137 2639 1234 2699; x_wconf 92' lang='lat' dir='ltr'><strong>adbuc</strong></span> <span class='ocrx_word' id='word_1_239' title='bbox 1248 2642 1408 2717; x_wconf 89' lang='lat' dir='ltr'><strong>spirantem</strong></span> <span class='ocrx_word' id='word_1_240' title='bbox 1423 2648 1453 2701; x_wconf 86' lang='lat' dir='ltr'><strong>et</strong></span> 
     </span>
     <span class='ocr_line' id='line_1_27' title="bbox 93 2723 1453 2803; baseline 0.001 -17"><span class='ocrx_word' id='word_1_241' title='bbox 93 2725 189 2786; x_wconf 83' lang='lat' dir='ltr'><strong>eadem</strong></span> <span class='ocrx_word' id='word_1_242' title='bbox 216 2744 299 2803; x_wconf 83' lang='lat' dir='ltr'><strong>quae</strong></span> <span class='ocrx_word' id='word_1_243' title='bbox 322 2724 391 2784; x_wconf 91' lang='lat' dir='ltr'><strong>olim</strong></span> <span class='ocrx_word' id='word_1_244' title='bbox 414 2725 603 2795; x_wconf 88' lang='lat' dir='ltr'><strong>factitantem,</strong></span> <span class='ocrx_word' id='word_1_245' title='bbox 627 2723 773 2800; x_wconf 90' lang='lat' dir='ltr'><strong>finemque</strong></span> <span class='ocrx_word' id='word_1_246' title='bbox 795 2727 822 2785; x_wconf 88' lang='lat' dir='ltr'><strong>ei</strong></span> <span class='ocrx_word' id='word_1_247' title='bbox 845 2724 1042 2801; x_wconf 87' lang='lat' dir='ltr'><strong>poenitudinis</strong></span> <span class='ocrx_word' id='word_1_248' title='bbox 1067 2725 1230 2801; x_wconf 87' lang='lat' dir='ltr'><strong>diuturnae,</strong></span> <span class='ocrx_word' id='word_1_249' title='bbox 1255 2730 1293 2787; x_wconf 94' lang='lat' dir='ltr'><strong>ob</strong></span> <span class='ocrx_word' id='word_1_250' title='bbox 1313 2731 1453 2788; x_wconf 89' lang='lat' dir='ltr'><strong>amissum</strong></span> 
     </span>
     <span class='ocr_line' id='line_1_28' title="bbox 92 2812 1451 2895; baseline 0.001 -22"><span class='ocrx_word' id='word_1_251' title='bbox 92 2816 256 2874; x_wconf 68' lang='lat' dir='ltr'><strong>mentale</strong></span> <span class='ocrx_word' id='word_1_252' title='bbox 280 2812 382 2882; x_wconf 85' lang='lat' dir='ltr'><strong>filium,</strong></span> <span class='ocrx_word' id='word_1_253' title='bbox 407 2814 492 2869; x_wconf 82' lang='lat' dir='ltr'><strong>virus</strong></span> <span class='ocrx_word' id='word_1_254' title='bbox 513 2819 543 2870; x_wconf 90' lang='lat' dir='ltr'><strong>et</strong></span> <span class='ocrx_word' id='word_1_255' title='bbox 557 2818 677 2871; x_wconf 91' lang='lat' dir='ltr'><strong>ornatus</strong></span> <span class='ocrx_word' id='word_1_256' title='bbox 693 2812 788 2871; x_wconf 86' lang='lat' dir='ltr'><strong>attuli.</strong></span> <span class='ocrx_word' id='word_1_257' title='bbox 819 2812 968 2888; x_wconf 89' lang='lat' dir='ltr'><strong>Vergebat</strong></span> <span class='ocrx_word' id='word_1_258' title='bbox 983 2821 1052 2872; x_wconf 87' lang='lat' dir='ltr'><strong>tuuc</strong></span> <span class='ocrx_word' id='word_1_259' title='bbox 1066 2831 1160 2873; x_wconf 92' lang='lat' dir='ltr'><strong>annus</strong></span> <span class='ocrx_word' id='word_1_260' title='bbox 1177 2818 1206 2872; x_wconf 92' lang='lat' dir='ltr'><strong>ln</strong></span> <span class='ocrx_word' id='word_1_261' title='bbox 1221 2826 1394 2875; x_wconf 91' lang='lat' dir='ltr'><strong>autumnum</strong></span> <span class='ocrx_word' id='word_1_262' title='bbox 1402 2812 1451 2895; x_wconf 78' lang='lat'><strong>²⁰),</strong></span> 
     </span>
     <span class='ocr_line' id='line_1_29' title="bbox 92 2898 1451 2977; baseline 0.001 -18"><span class='ocrx_word' id='word_1_263' title='bbox 92 2901 352 2976; x_wconf 85' lang='lat' dir='ltr'><strong>succedebanlque</strong></span> <span class='ocrx_word' id='word_1_264' title='bbox 375 2899 511 2974; x_wconf 89' lang='lat' dir='ltr'><strong>deinceps</strong></span> <span class='ocrx_word' id='word_1_265' title='bbox 534 2906 635 2958; x_wconf 90' lang='lat' dir='ltr'><strong>noctes</strong></span> <span class='ocrx_word' id='word_1_266' title='bbox 658 2898 727 2958; x_wconf 90' lang='lat' dir='ltr'><strong>illae</strong></span> <span class='ocrx_word' id='word_1_267' title='bbox 756 2909 873 2959; x_wconf 91' lang='lat' dir='ltr'><strong>nostrae</strong></span> <span class='ocrx_word' id='word_1_268' title='bbox 897 2899 1017 2976; x_wconf 85' lang='lat' dir='ltr'><strong>longae,</strong></span> <span class='ocrx_word' id='word_1_269' title='bbox 1049 2904 1157 2977; x_wconf 91' lang='lat' dir='ltr'><strong>quippe</strong></span> <span class='ocrx_word' id='word_1_270' title='bbox 1179 2902 1322 2962; x_wconf 89' lang='lat' dir='ltr'><strong>Natalitfo</strong></span> <span class='ocrx_word' id='word_1_271' title='bbox 1345 2904 1451 2962; x_wconf 83' lang='lat' dir='ltr'><strong>Christi</strong></span> 
     </span>
     <span class='ocr_line' id='line_1_30' title="bbox 92 2986 1452 3066; baseline 0.001 -18"><span class='ocrx_word' id='word_1_272' title='bbox 92 3006 186 3050; x_wconf 73' lang='lat' dir='ltr'><strong>muse</strong></span> <span class='ocrx_word' id='word_1_273' title='bbox 212 2987 269 3047; x_wconf 90' lang='lat' dir='ltr'><strong>Sol</strong></span> <span class='ocrx_word' id='word_1_274' title='bbox 294 2991 322 3044; x_wconf 91' lang='lat' dir='ltr'><strong>in</strong></span> <span class='ocrx_word' id='word_1_275' title='bbox 345 2986 466 3046; x_wconf 87' lang='lat' dir='ltr'><strong>meridie</strong></span> <span class='ocrx_word' id='word_1_276' title='bbox 489 2987 539 3043; x_wconf 87' lang='lat' dir='ltr'><strong>rix</strong></span> <span class='ocrx_word' id='word_1_277' title='bbox 561 3002 664 3062; x_wconf 89' lang='lat' dir='ltr'><strong>parum</strong></span> <span class='ocrx_word' id='word_1_278' title='bbox 687 3003 838 3062; x_wconf 89' lang='lat' dir='ltr'><strong>emergens</strong></span> <span class='ocrx_word' id='word_1_279' title='bbox 861 2990 1019 3063; x_wconf 90' lang='lat' dir='ltr'><strong>evestigio</strong></span> <span class='ocrx_word' id='word_1_280' title='bbox 1041 3004 1153 3048; x_wconf 92' lang='lat' dir='ltr'><strong>rursum</strong></span> <span class='ocrx_word' id='word_1_281' title='bbox 1176 2990 1310 3049; x_wconf 91' lang='lat' dir='ltr'><strong>conditur</strong></span> <span class='ocrx_word' id='word_1_282' title='bbox 1320 2987 1372 3066; x_wconf 80' lang='lat'><strong>⁸⁰).</strong></span> <span class='ocrx_word' id='word_1_283' title='bbox 1406 2990 1452 3049; x_wconf 88' lang='lat' dir='ltr'><strong>lta</strong></span> 
     </span>
     <span class='ocr_line' id='line_1_31' title="bbox 92 3073 1452 3152; baseline 0.001 -18"><span class='ocrx_word' id='word_1_284' title='bbox 92 3086 179 3136; x_wconf 76' lang='lat' dir='ltr'><strong>mater</strong></span> <span class='ocrx_word' id='word_1_285' title='bbox 203 3093 260 3152; x_wconf 91' lang='lat' dir='ltr'><strong>per</strong></span> <span class='ocrx_word' id='word_1_286' title='bbox 284 3074 360 3133; x_wconf 92' lang='lat' dir='ltr'><strong>banc</strong></span> <span class='ocrx_word' id='word_1_287' title='bbox 384 3075 565 3132; x_wconf 85' lang='lat' dir='ltr'><strong>vacationem</strong></span> <span class='ocrx_word' id='word_1_288' title='bbox 589 3091 608 3131; x_wconf 89' lang='lat' dir='ltr'><strong>a</strong></span> <span class='ocrx_word' id='word_1_289' title='bbox 630 3074 692 3131; x_wconf 92' lang='lat' dir='ltr'><strong>suis</strong></span> <span class='ocrx_word' id='word_1_290' title='bbox 715 3076 810 3149; x_wconf 89' lang='lat' dir='ltr'><strong>operis</strong></span> <span class='ocrx_word' id='word_1_291' title='bbox 824 3074 895 3132; x_wconf 89' lang='lat' dir='ltr'><strong>mibi</strong></span> <span class='ocrx_word' id='word_1_292' title='bbox 911 3073 1078 3148; x_wconf 87' lang='lat' dir='ltr'><strong>adhaerere,</strong></span> <span class='ocrx_word' id='word_1_293' title='bbox 1103 3095 1122 3136; x_wconf 91' lang='lat' dir='ltr'><strong>a</strong></span> <span class='ocrx_word' id='word_1_294' title='bbox 1143 3094 1189 3135; x_wconf 90' lang='lat' dir='ltr'><strong>mc</strong></span> <span class='ocrx_word' id='word_1_295' title='bbox 1212 3094 1269 3135; x_wconf 93' lang='lat' dir='ltr'><strong>non</strong></span> <span class='ocrx_word' id='word_1_296' title='bbox 1293 3076 1452 3151; x_wconf 90' lang='lat' dir='ltr'><strong>discedere,</strong></span> 
     </span>
     <span class='ocr_line' id='line_1_32' title="bbox 92 3159 1452 3239; baseline 0.001 -17"><span class='ocrx_word' id='word_1_297' title='bbox 92 3180 271 3238; x_wconf 88' lang='lat' dir='ltr'><strong>quocunque</strong></span> <span class='ocrx_word' id='word_1_298' title='bbox 293 3178 341 3220; x_wconf 90' lang='lat' dir='ltr'><strong>ma</strong></span> <span class='ocrx_word' id='word_1_299' title='bbox 364 3179 430 3219; x_wconf 93' lang='lat' dir='ltr'><strong>cum</strong></span> <span class='ocrx_word' id='word_1_300' title='bbox 453 3159 696 3219; x_wconf 86' lang='lat' dir='ltr'><strong>commendatitiis</strong></span> <span class='ocrx_word' id='word_1_301' title='bbox 720 3160 810 3220; x_wconf 90' lang='lat' dir='ltr'><strong>literis</strong></span> <span class='ocrx_word' id='word_1_302' title='bbox 833 3165 1016 3236; x_wconf 89' lang='lat' dir='ltr'><strong>recepissem,</strong></span> <span class='ocrx_word' id='word_1_303' title='bbox 1039 3165 1202 3239; x_wconf 89' lang='lat' dir='ltr'><strong>percontari</strong></span> <span class='ocrx_word' id='word_1_304' title='bbox 1223 3165 1285 3239; x_wconf 92' lang='lat' dir='ltr'><strong>jam</strong></span> <span class='ocrx_word' id='word_1_305' title='bbox 1309 3164 1344 3224; x_wconf 90' lang='lat' dir='ltr'><strong>de</strong></span> <span class='ocrx_word' id='word_1_306' title='bbox 1361 3167 1452 3237; x_wconf 90' lang='lat' dir='ltr'><strong>terris,</strong></span> 
     </span>
     <span class='ocr_line' id='line_1_33' title="bbox 91 3245 1452 3325; baseline 0 -16"><span class='ocrx_word' id='word_1_307' title='bbox 91 3267 159 3325; x_wconf 89' lang='lat' dir='ltr'><strong>quas</strong></span> <span class='ocrx_word' id='word_1_308' title='bbox 183 3249 347 3320; x_wconf 85' lang='lat' dir='ltr'><strong>adiissem,</strong></span> <span class='ocrx_word' id='word_1_309' title='bbox 376 3248 438 3323; x_wconf 90' lang='lat' dir='ltr'><strong>jam</strong></span> <span class='ocrx_word' id='word_1_310' title='bbox 467 3247 502 3306; x_wconf 93' lang='lat' dir='ltr'><strong>de</strong></span> <span class='ocrx_word' id='word_1_311' title='bbox 532 3245 633 3319; x_wconf 92' lang='lat' dir='ltr'><strong>coclo,</strong></span> <span class='ocrx_word' id='word_1_312' title='bbox 665 3265 752 3324; x_wconf 90' lang='lat' dir='ltr'><strong>quam</strong></span> <span class='ocrx_word' id='word_1_313' title='bbox 781 3251 932 3307; x_wconf 90' lang='lat' dir='ltr'><strong>scientiam</strong></span> <span class='ocrx_word' id='word_1_314' title='bbox 960 3267 1006 3308; x_wconf 93' lang='lat' dir='ltr'><strong>me</strong></span> <span class='ocrx_word' id='word_1_315' title='bbox 1036 3250 1173 3310; x_wconf 92' lang='lat' dir='ltr'><strong>didicisse</strong></span> <span class='ocrx_word' id='word_1_316' title='bbox 1197 3252 1452 3311; x_wconf 88' lang='lat' dir='ltr'><strong>vehementissime</strong></span> 
     </span>
     <span class='ocr_line' id='line_1_34' title="bbox 91 3335 1451 3418; baseline 0.001 -22"><span class='ocrx_word' id='word_1_317' title='bbox 91 3337 257 3413; x_wconf 81' lang='lat' dir='ltr'><strong>gaudebat,</strong></span> <span class='ocrx_word' id='word_1_318' title='bbox 289 3351 457 3410; x_wconf 89' lang='lat' dir='ltr'><strong>comparare</strong></span> <span class='ocrx_word' id='word_1_319' title='bbox 487 3352 562 3410; x_wconf 91' lang='lat' dir='ltr'><strong>quac</strong></span> <span class='ocrx_word' id='word_1_320' title='bbox 589 3337 654 3410; x_wconf 92' lang='lat' dir='ltr'><strong>ipsa</strong></span> <span class='ocrx_word' id='word_1_321' title='bbox 675 3335 805 3394; x_wconf 91' lang='lat' dir='ltr'><strong>babebat</strong></span> <span class='ocrx_word' id='word_1_322' title='bbox 827 3344 976 3412; x_wconf 87' lang='lat' dir='ltr'><strong>comperta</strong></span> <span class='ocrx_word' id='word_1_323' title='bbox 998 3354 1063 3395; x_wconf 90' lang='lat' dir='ltr'><strong>cum</strong></span> <span class='ocrx_word' id='word_1_324' title='bbox 1086 3341 1158 3397; x_wconf 90' lang='lat' dir='ltr'><strong>meis</strong></span> <span class='ocrx_word' id='word_1_325' title='bbox 1181 3335 1374 3418; x_wconf 79' lang='lat' dir='ltr'><strong>narrstts³¹),</strong></span> <span class='ocrx_word' id='word_1_326' title='bbox 1398 3357 1451 3398; x_wconf 87' lang='lat' dir='ltr'><strong>er-</strong></span> 
     </span>
     <span class='ocr_line' id='line_1_35' title="bbox 92 3421 1450 3502; baseline 0 -18"><span class='ocrx_word' id='word_1_327' title='bbox 92 3426 234 3496; x_wconf 86' lang='lat' dir='ltr'><strong>elamare,</strong></span> <span class='ocrx_word' id='word_1_328' title='bbox 256 3424 322 3499; x_wconf 90' lang='lat' dir='ltr'><strong>jam</strong></span> <span class='ocrx_word' id='word_1_329' title='bbox 344 3440 377 3481; x_wconf 92' lang='lat' dir='ltr'><strong>se</strong></span> <span class='ocrx_word' id='word_1_330' title='bbox 399 3431 542 3498; x_wconf 88' lang='lat' dir='ltr'><strong>prorutam</strong></span> <span class='ocrx_word' id='word_1_331' title='bbox 566 3439 630 3480; x_wconf 89' lang='lat' dir='ltr'><strong>esse</strong></span> <span class='ocrx_word' id='word_1_332' title='bbox 654 3421 691 3479; x_wconf 92' lang='lat' dir='ltr'><strong>ad</strong></span> <span class='ocrx_word' id='word_1_333' title='bbox 714 3423 910 3494; x_wconf 89' lang='lat' dir='ltr'><strong>moriendum,</strong></span> <span class='ocrx_word' id='word_1_334' title='bbox 936 3430 968 3481; x_wconf 90' lang='lat' dir='ltr'><strong>ut</strong></span> <span class='ocrx_word' id='word_1_335' title='bbox 990 3441 1067 3500; x_wconf 90' lang='lat' dir='ltr'><strong>quae</strong></span> <span class='ocrx_word' id='word_1_336' title='bbox 1090 3428 1230 3485; x_wconf 89' lang='lat' dir='ltr'><strong>scientiae</strong></span> <span class='ocrx_word' id='word_1_337' title='bbox 1252 3444 1338 3501; x_wconf 90' lang='lat' dir='ltr'><strong>suae,</strong></span> <span class='ocrx_word' id='word_1_338' title='bbox 1362 3443 1450 3502; x_wconf 91' lang='lat' dir='ltr'><strong>quam</strong></span> 
     </span>
     <span class='ocr_line' id='line_1_36' title="bbox 92 3507 960 3587; baseline 0 -16"><span class='ocrx_word' id='word_1_339' title='bbox 92 3514 183 3571; x_wconf 84' lang='lat' dir='ltr'><strong>solam</strong></span> <span class='ocrx_word' id='word_1_340' title='bbox 209 3511 387 3587; x_wconf 85' lang='lat' dir='ltr'><strong>possideret,</strong></span> <span class='ocrx_word' id='word_1_341' title='bbox 410 3508 500 3566; x_wconf 92' lang='lat' dir='ltr'><strong>filium</strong></span> <span class='ocrx_word' id='word_1_342' title='bbox 524 3507 680 3567; x_wconf 87' lang='lat' dir='ltr'><strong>haeredem</strong></span> <span class='ocrx_word' id='word_1_343' title='bbox 702 3511 741 3567; x_wconf 88' lang='lat' dir='ltr'><strong>sit</strong></span> <span class='ocrx_word' id='word_1_344' title='bbox 763 3509 897 3569; x_wconf 90' lang='lat' dir='ltr'><strong>relictura</strong></span> <span class='ocrx_word' id='word_1_345' title='bbox 908 3507 960 3585; x_wconf 76' lang='lat'><strong>³²).</strong></span> 
     </span>
    </p>

    <p class='ocr_par' dir='ltr' id='par_1_9' title="bbox 92 3595 1452 4287">
     <span class='ocr_line' id='line_1_37' title="bbox 193 3595 1451 3676; baseline 0.002 -19"><span class='ocrx_word' id='word_1_346' title='bbox 193 3599 261 3668; x_wconf 79' lang='lat' dir='ltr'><strong>Ego</strong></span> <span class='ocrx_word' id='word_1_347' title='bbox 285 3604 392 3655; x_wconf 88' lang='lat' dir='ltr'><strong>natura</strong></span> <span class='ocrx_word' id='word_1_348' title='bbox 414 3595 618 3671; x_wconf 90' lang='lat' dir='ltr'><strong>cupidissimus</strong></span> <span class='ocrx_word' id='word_1_349' title='bbox 646 3595 830 3672; x_wconf 90' lang='lat' dir='ltr'><strong>perdiscendi</strong></span> <span class='ocrx_word' id='word_1_350' title='bbox 852 3615 932 3656; x_wconf 82' lang='lat' dir='ltr'><strong>nova</strong></span> <span class='ocrx_word' id='word_1_351' title='bbox 959 3600 1093 3674; x_wconf 80' lang='lat' dir='ltr'><strong>quaesivi</strong></span> <span class='ocrx_word' id='word_1_352' title='bbox 1121 3600 1250 3659; x_wconf 89' lang='lat' dir='ltr'><strong>vicissim</strong></span> <span class='ocrx_word' id='word_1_353' title='bbox 1273 3617 1308 3660; x_wconf 85' lang='lat' dir='ltr'><strong>ex</strong></span> <span class='ocrx_word' id='word_1_354' title='bbox 1329 3602 1393 3676; x_wconf 90' lang='lat' dir='ltr'><strong>ipsa</strong></span> <span class='ocrx_word' id='word_1_355' title='bbox 1415 3600 1451 3660; x_wconf 91' lang='lat' dir='ltr'><strong>de</strong></span> 
     </span>
     <span class='ocr_line' id='line_1_38' title="bbox 92 3681 1451 3762; baseline 0.001 -18"><span class='ocrx_word' id='word_1_356' title='bbox 92 3689 149 3744; x_wconf 90' lang='lat' dir='ltr'><strong>suis</strong></span> <span class='ocrx_word' id='word_1_357' title='bbox 183 3688 302 3745; x_wconf 84' lang='lat' dir='ltr'><strong>artibus</strong></span> <span class='ocrx_word' id='word_1_358' title='bbox 333 3691 363 3743; x_wconf 87' lang='lat' dir='ltr'><strong>et</strong></span> <span class='ocrx_word' id='word_1_359' title='bbox 393 3699 466 3758; x_wconf 90' lang='lat' dir='ltr'><strong>quos</strong></span> <span class='ocrx_word' id='word_1_360' title='bbox 496 3700 594 3742; x_wconf 91' lang='lat' dir='ltr'><strong>earum</strong></span> <span class='ocrx_word' id='word_1_361' title='bbox 626 3681 780 3742; x_wconf 88' lang='lat' dir='ltr'><strong>habuisset</strong></span> <span class='ocrx_word' id='word_1_362' title='bbox 805 3687 960 3761; x_wconf 87' lang='lat' dir='ltr'><strong>magistros</strong></span> <span class='ocrx_word' id='word_1_363' title='bbox 991 3688 1020 3742; x_wconf 90' lang='lat' dir='ltr'><strong>in</strong></span> <span class='ocrx_word' id='word_1_364' title='bbox 1052 3694 1138 3762; x_wconf 88' lang='lat' dir='ltr'><strong>geute</strong></span> <span class='ocrx_word' id='word_1_365' title='bbox 1166 3695 1278 3745; x_wconf 88' lang='lat' dir='ltr'><strong>tantum</strong></span> <span class='ocrx_word' id='word_1_366' title='bbox 1306 3704 1324 3746; x_wconf 91' lang='lat' dir='ltr'><strong>a</strong></span> <span class='ocrx_word' id='word_1_367' title='bbox 1348 3691 1451 3747; x_wconf 90' lang='lat' dir='ltr'><strong>ceteris</strong></span> 
     </span>
     <span class='ocr_line' id='line_1_39' title="bbox 94 3768 1452 3849; baseline 0.004 -20"><span class='ocrx_word' id='word_1_368' title='bbox 94 3773 223 3832; x_wconf 81' lang='lat' dir='ltr'><strong>diremta</strong></span> <span class='ocrx_word' id='word_1_369' title='bbox 271 3771 357 3829; x_wconf 83' lang='lat' dir='ltr'><strong>Tunc</strong></span> <span class='ocrx_word' id='word_1_370' title='bbox 380 3769 431 3827; x_wconf 90' lang='lat' dir='ltr'><strong>illa</strong></span> <span class='ocrx_word' id='word_1_371' title='bbox 453 3768 580 3845; x_wconf 89' lang='lat' dir='ltr'><strong>quodam</strong></span> <span class='ocrx_word' id='word_1_372' title='bbox 604 3768 665 3842; x_wconf 90' lang='lat' dir='ltr'><strong>dic,</strong></span> <span class='ocrx_word' id='word_1_373' title='bbox 696 3775 792 3846; x_wconf 86' lang='lat' dir='ltr'><strong>spatio</strong></span> <span class='ocrx_word' id='word_1_374' title='bbox 815 3771 852 3830; x_wconf 89' lang='lat' dir='ltr'><strong>ad</strong></span> <span class='ocrx_word' id='word_1_375' title='bbox 877 3771 1054 3849; x_wconf 87' lang='lat' dir='ltr'><strong>loquendum</strong></span> <span class='ocrx_word' id='word_1_376' title='bbox 1078 3780 1187 3847; x_wconf 87' lang='lat' dir='ltr'><strong>sumto,</strong></span> <span class='ocrx_word' id='word_1_377' title='bbox 1212 3792 1272 3833; x_wconf 92' lang='lat' dir='ltr'><strong>rem</strong></span> <span class='ocrx_word' id='word_1_378' title='bbox 1295 3791 1409 3833; x_wconf 90' lang='lat' dir='ltr'><strong>omnem</strong></span> <span class='ocrx_word' id='word_1_379' title='bbox 1433 3793 1452 3834; x_wconf 91' lang='lat' dir='ltr'><strong>a</strong></span> 
     </span>
     <span class='ocr_line' id='line_1_40' title="bbox 93 3857 1451 3940; baseline 0.001 -24"><span class='ocrx_word' id='word_1_380' title='bbox 93 3862 190 3935; x_wconf 90' lang='lat' dir='ltr'><strong>primis</strong></span> <span class='ocrx_word' id='word_1_381' title='bbox 223 3861 317 3917; x_wconf 88' lang='lat' dir='ltr'><strong>initiis</strong></span> <span class='ocrx_word' id='word_1_382' title='bbox 346 3860 462 3933; x_wconf 88' lang='lat' dir='ltr'><strong>repetiit</strong></span> <span class='ocrx_word' id='word_1_383' title='bbox 491 3860 520 3914; x_wconf 94' lang='lat' dir='ltr'><strong>in</strong></span> <span class='ocrx_word' id='word_1_384' title='bbox 551 3857 629 3915; x_wconf 91' lang='lat' dir='ltr'><strong>bunc</strong></span> <span class='ocrx_word' id='word_1_385' title='bbox 655 3858 715 3917; x_wconf 91' lang='lat' dir='ltr'><strong>fere</strong></span> <span class='ocrx_word' id='word_1_386' title='bbox 744 3858 869 3917; x_wconf 91' lang='lat' dir='ltr'><strong>modum.</strong></span> <span class='ocrx_word' id='word_1_387' title='bbox 915 3859 1105 3935; x_wconf 90' lang='lat' dir='ltr'><strong>Prospectum</strong></span> <span class='ocrx_word' id='word_1_388' title='bbox 1134 3869 1191 3934; x_wconf 85' lang='lat' dir='ltr'><strong>est,</strong></span> <span class='ocrx_word' id='word_1_389' title='bbox 1224 3863 1371 3921; x_wconf 89' lang='lat' dir='ltr'><strong>Duracote</strong></span> <span class='ocrx_word' id='word_1_390' title='bbox 1398 3861 1451 3940; x_wconf 84' lang='lat' dir='ltr'><strong>fili,</strong></span> 
     </span>
     <span class='ocr_line' id='line_1_41' title="bbox 94 3944 1449 4024; baseline 0.001 -19"><span class='ocrx_word' id='word_1_391' title='bbox 94 3964 144 4005; x_wconf 91' lang='lat' dir='ltr'><strong>uon</strong></span> <span class='ocrx_word' id='word_1_392' title='bbox 169 3949 281 4007; x_wconf 87' lang='lat' dir='ltr'><strong>ceteris</strong></span> <span class='ocrx_word' id='word_1_393' title='bbox 302 3944 399 4004; x_wconf 92' lang='lat' dir='ltr'><strong>solum</strong></span> <span class='ocrx_word' id='word_1_394' title='bbox 421 3946 588 4020; x_wconf 83' lang='lat' dir='ltr'><strong>provinciis,</strong></span> <span class='ocrx_word' id='word_1_395' title='bbox 611 3946 640 4000; x_wconf 90' lang='lat' dir='ltr'><strong>in</strong></span> <span class='ocrx_word' id='word_1_396' title='bbox 665 3962 738 4019; x_wconf 93' lang='lat' dir='ltr'><strong>quas</strong></span> <span class='ocrx_word' id='word_1_397' title='bbox 761 3949 876 4020; x_wconf 88' lang='lat' dir='ltr'><strong>venisti,</strong></span> <span class='ocrx_word' id='word_1_398' title='bbox 900 3946 952 4005; x_wconf 91' lang='lat' dir='ltr'><strong>sed</strong></span> <span class='ocrx_word' id='word_1_399' title='bbox 975 3956 1092 4007; x_wconf 90' lang='lat' dir='ltr'><strong>nostrae</strong></span> <span class='ocrx_word' id='word_1_400' title='bbox 1115 3951 1203 4006; x_wconf 88' lang='lat' dir='ltr'><strong>etiam</strong></span> <span class='ocrx_word' id='word_1_401' title='bbox 1227 3951 1349 4024; x_wconf 86' lang='lat' dir='ltr'><strong>patriae.</strong></span> <span class='ocrx_word' id='word_1_402' title='bbox 1387 3949 1449 4007; x_wconf 88' lang='lat' dir='ltr'><strong>Etsi</strong></span> 
     </span>
     <span class='ocr_line' id='line_1_42' title="bbox 94 4032 1448 4110; baseline 0.001 -18"><span class='ocrx_word' id='word_1_403' title='bbox 94 4037 163 4093; x_wconf 91' lang='lat' dir='ltr'><strong>enim</strong></span> <span class='ocrx_word' id='word_1_404' title='bbox 187 4051 244 4093; x_wconf 91' lang='lat' dir='ltr'><strong>nos</strong></span> <span class='ocrx_word' id='word_1_405' title='bbox 277 4040 383 4107; x_wconf 90' lang='lat' dir='ltr'><strong>urgent</strong></span> <span class='ocrx_word' id='word_1_406' title='bbox 412 4032 518 4107; x_wconf 87' lang='lat' dir='ltr'><strong>frigora</strong></span> <span class='ocrx_word' id='word_1_407' title='bbox 549 4041 579 4091; x_wconf 92' lang='lat' dir='ltr'><strong>et</strong></span> <span class='ocrx_word' id='word_1_408' title='bbox 602 4033 739 4091; x_wconf 90' lang='lat' dir='ltr'><strong>tenebrae</strong></span> <span class='ocrx_word' id='word_1_409' title='bbox 761 4032 878 4110; x_wconf 89' lang='lat' dir='ltr'><strong>aliaque</strong></span> <span class='ocrx_word' id='word_1_410' title='bbox 901 4035 1100 4106; x_wconf 92' lang='lat' dir='ltr'><strong>incommoda,</strong></span> <span class='ocrx_word' id='word_1_411' title='bbox 1132 4052 1208 4110; x_wconf 91' lang='lat' dir='ltr'><strong>quae</strong></span> <span class='ocrx_word' id='word_1_412' title='bbox 1232 4053 1308 4095; x_wconf 90' lang='lat' dir='ltr'><strong>nunc</strong></span> <span class='ocrx_word' id='word_1_413' title='bbox 1331 4035 1448 4094; x_wconf 90' lang='lat' dir='ltr'><strong>demum</strong></span> 
     </span>
     <span class='ocr_line' id='line_1_43' title="bbox 92 4118 1449 4198; baseline 0 -18"><span class='ocrx_word' id='word_1_414' title='bbox 92 4125 200 4195; x_wconf 84' lang='lat' dir='ltr'><strong>sentio,</strong></span> <span class='ocrx_word' id='word_1_415' title='bbox 231 4131 393 4197; x_wconf 91' lang='lat' dir='ltr'><strong>postquam</strong></span> <span class='ocrx_word' id='word_1_416' title='bbox 416 4136 452 4177; x_wconf 84' lang='lat' dir='ltr'><strong>ex</strong></span> <span class='ocrx_word' id='word_1_417' title='bbox 475 4128 502 4179; x_wconf 89' lang='lat' dir='ltr'><strong>tc</strong></span> <span class='ocrx_word' id='word_1_418' title='bbox 526 4118 695 4178; x_wconf 79' lang='lat' dir='ltr'><strong>felicitatem</strong></span> <span class='ocrx_word' id='word_1_419' title='bbox 724 4121 855 4181; x_wconf 85' lang='lat' dir='ltr'><strong>intellexi</strong></span> <span class='ocrx_word' id='word_1_420' title='bbox 881 4125 1033 4198; x_wconf 88' lang='lat' dir='ltr'><strong>regionum</strong></span> <span class='ocrx_word' id='word_1_421' title='bbox 1060 4131 1238 4196; x_wconf 88' lang='lat' dir='ltr'><strong>ceterarum,</strong></span> <span class='ocrx_word' id='word_1_422' title='bbox 1267 4134 1299 4183; x_wconf 86' lang='lat' dir='ltr'><strong>st</strong></span> <span class='ocrx_word' id='word_1_423' title='bbox 1327 4140 1380 4181; x_wconf 88' lang='lat' dir='ltr'><strong>nos</strong></span> <span class='ocrx_word' id='word_1_424' title='bbox 1403 4128 1449 4180; x_wconf 88' lang='lat' dir='ltr'><strong>in-</strong></span> 
     </span>
     <span class='ocr_line' id='line_1_44' title="bbox 92 4201 1450 4287; baseline 0.001 -19"><span class='ocrx_word' id='word_1_425' title='bbox 92 4213 181 4284; x_wconf 82' lang='lat' dir='ltr'><strong>geniis</strong></span> <span class='ocrx_word' id='word_1_426' title='bbox 207 4201 461 4286; x_wconf 82' lang='lat' dir='ltr'><strong>abundamus³⁸),</strong></span> <span class='ocrx_word' id='word_1_427' title='bbox 484 4207 569 4264; x_wconf 90' lang='lat' dir='ltr'><strong>nobis</strong></span> <span class='ocrx_word' id='word_1_428' title='bbox 592 4216 709 4282; x_wconf 90' lang='lat' dir='ltr'><strong>praesto</strong></span> <span class='ocrx_word' id='word_1_429' title='bbox 732 4216 800 4267; x_wconf 90' lang='lat' dir='ltr'><strong>sunt</strong></span> <span class='ocrx_word' id='word_1_430' title='bbox 822 4212 1031 4284; x_wconf 88' lang='lat' dir='ltr'><strong>sapientissimi</strong></span> <span class='ocrx_word' id='word_1_431' title='bbox 1054 4212 1172 4286; x_wconf 89' lang='lat' dir='ltr'><strong>spiritus</strong></span> <span class='ocrx_word' id='word_1_432' title='bbox 1182 4207 1238 4287; x_wconf 76' lang='lat'><strong>³⁴),</strong></span> <span class='ocrx_word' id='word_1_433' title='bbox 1267 4213 1316 4286; x_wconf 92' lang='lat' dir='ltr'><strong>qui</strong></span> <span class='ocrx_word' id='word_1_434' title='bbox 1340 4218 1450 4269; x_wconf 88' lang='lat' dir='ltr'><strong>tautam</strong></span> 
     </span>
    </p>
   </div>
   <div class='ocr_carea' id='block_1_3' title="bbox 92 4295 1578 4373">
    <p class='ocr_par' dir='ltr' id='par_1_10' title="bbox 92 4295 1578 4373">
     <span class='ocr_line' id='line_1_45' title="bbox 92 4295 1578 4373; baseline 0.002 -20"><span class='ocrx_word' id='word_1_435' title='bbox 92 4297 183 4356; x_wconf 89' lang='lat' dir='ltr'><strong>lucem</strong></span> <span class='ocrx_word' id='word_1_436' title='bbox 208 4298 366 4372; x_wconf 88' lang='lat' dir='ltr'><strong>regionum</strong></span> <span class='ocrx_word' id='word_1_437' title='bbox 390 4301 550 4353; x_wconf 89' lang='lat' dir='ltr'><strong>ceterarum</strong></span> <span class='ocrx_word' id='word_1_438' title='bbox 574 4297 784 4369; x_wconf 89' lang='lat' dir='ltr'><strong>strepitumque</strong></span> <span class='ocrx_word' id='word_1_439' title='bbox 806 4295 957 4355; x_wconf 90' lang='lat' dir='ltr'><strong>bominum</strong></span> <span class='ocrx_word' id='word_1_440' title='bbox 977 4300 1073 4373; x_wconf 90' lang='lat' dir='ltr'><strong>perosi</strong></span> <span class='ocrx_word' id='word_1_441' title='bbox 1096 4306 1211 4355; x_wconf 88' lang='lat' dir='ltr'><strong>nostras</strong></span> <span class='ocrx_word' id='word_1_442' title='bbox 1225 4307 1368 4373; x_wconf 88' lang='lat' dir='ltr'><strong>appetunt</strong></span> <span class='ocrx_word' id='word_1_443' title='bbox 1384 4316 1449 4356; x_wconf 90' lang='lat' dir='ltr'><strong>um·</strong></span> <span class='ocrx_word' id='word_1_444' title='bbox 1573 4348 1578 4369; x_wconf 79' lang='lat'><strong>,</strong></span> 
     </span>
    </p>
   </div>
   <div class='ocr_carea' id='block_1_4' title="bbox 91 4379 1481 4900">
    <p class='ocr_par' dir='ltr' id='par_1_11' title="bbox 91 4379 1481 4900">
     <span class='ocr_line' id='line_1_46' title="bbox 91 4379 1450 4465; baseline 0.001 -22"><span class='ocrx_word' id='word_1_445' title='bbox 91 4383 152 4443; x_wconf 85' lang='lat' dir='ltr'><strong>bras</strong></span> <span class='ocrx_word' id='word_1_446' title='bbox 175 4394 209 4443; x_wconf 88' lang='lat' dir='ltr'><strong>et</strong></span> <span class='ocrx_word' id='word_1_447' title='bbox 231 4383 390 4441; x_wconf 91' lang='lat' dir='ltr'><strong>nobiscum</strong></span> <span class='ocrx_word' id='word_1_448' title='bbox 417 4379 596 4439; x_wconf 78' lang='lat' dir='ltr'><strong>familiariter</strong></span> <span class='ocrx_word' id='word_1_449' title='bbox 623 4392 839 4443; x_wconf 88' lang='lat' dir='ltr'><strong>conversantur.</strong></span> <span class='ocrx_word' id='word_1_450' title='bbox 885 4383 959 4443; x_wconf 89' lang='lat' dir='ltr'><strong>Sunt</strong></span> <span class='ocrx_word' id='word_1_451' title='bbox 983 4402 1017 4444; x_wconf 84' lang='lat' dir='ltr'><strong>cx</strong></span> <span class='ocrx_word' id='word_1_452' title='bbox 1041 4386 1076 4442; x_wconf 89' lang='lat' dir='ltr'><strong>iis</strong></span> <span class='ocrx_word' id='word_1_453' title='bbox 1103 4387 1253 4460; x_wconf 89' lang='lat' dir='ltr'><strong>praecipui</strong></span> <span class='ocrx_word' id='word_1_454' title='bbox 1275 4380 1450 4465; x_wconf 82' lang='lat' dir='ltr'><strong>novcm³·‘&#39;),</strong></span> 
     </span>
     <span class='ocr_line' id='line_1_47' title="bbox 91 4464 1449 4548; baseline 0 -18"><span class='ocrx_word' id='word_1_455' title='bbox 91 4488 120 4530; x_wconf 82' lang='lat' dir='ltr'><strong>er</strong></span> <span class='ocrx_word' id='word_1_456' title='bbox 144 4473 259 4548; x_wconf 89' lang='lat' dir='ltr'><strong>quibus</strong></span> <span class='ocrx_word' id='word_1_457' title='bbox 283 4464 410 4544; x_wconf 76' lang='lat' dir='ltr'><strong>unus³⁶)</strong></span> <span class='ocrx_word' id='word_1_458' title='bbox 434 4468 504 4526; x_wconf 89' lang='lat' dir='ltr'><strong>mibi</strong></span> <span class='ocrx_word' id='word_1_459' title='bbox 527 4466 713 4544; x_wconf 87' lang='lat' dir='ltr'><strong>peculiariter</strong></span> <span class='ocrx_word' id='word_1_460' title='bbox 735 4480 822 4529; x_wconf 92' lang='lat' dir='ltr'><strong>notus</strong></span> <span class='ocrx_word' id='word_1_461' title='bbox 845 4478 874 4529; x_wconf 89' lang='lat' dir='ltr'><strong>et</strong></span> <span class='ocrx_word' id='word_1_462' title='bbox 896 4470 944 4530; x_wconf 87' lang='lat' dir='ltr'><strong>rel</strong></span> <span class='ocrx_word' id='word_1_463' title='bbox 959 4473 1085 4529; x_wconf 85' lang='lat' dir='ltr'><strong>maxime</strong></span> <span class='ocrx_word' id='word_1_464' title='bbox 1108 4473 1237 4530; x_wconf 92' lang='lat' dir='ltr'><strong>omnium</strong></span> <span class='ocrx_word' id='word_1_465' title='bbox 1259 4476 1338 4532; x_wconf 87' lang='lat' dir='ltr'><strong>mitls</strong></span> <span class='ocrx_word' id='word_1_466' title='bbox 1360 4482 1449 4546; x_wconf 89' lang='lat' dir='ltr'><strong>atque</strong></span> 
     </span>
     <span class='ocr_line' id='line_1_48' title="bbox 91 4552 1449 4636; baseline 0.002 -22"><span class='ocrx_word' id='word_1_467' title='bbox 91 4552 279 4635; x_wconf 80' lang='lat' dir='ltr'><strong>innoxius³⁷)</strong></span> <span class='ocrx_word' id='word_1_468' title='bbox 305 4557 410 4632; x_wconf 84' lang='lat' dir='ltr'><strong>viginti</strong></span> <span class='ocrx_word' id='word_1_469' title='bbox 433 4562 464 4614; x_wconf 90' lang='lat' dir='ltr'><strong>et</strong></span> <span class='ocrx_word' id='word_1_470' title='bbox 487 4573 544 4613; x_wconf 94' lang='lat' dir='ltr'><strong>uno</strong></span> <span class='ocrx_word' id='word_1_471' title='bbox 567 4555 783 4615; x_wconf 86' lang='lat' dir='ltr'><strong>characteribus</strong></span> <span class='ocrx_word' id='word_1_472' title='bbox 805 4567 946 4616; x_wconf 85' lang='lat' dir='ltr'><strong>evocatur</strong></span> <span class='ocrx_word' id='word_1_473' title='bbox 955 4555 1005 4636; x_wconf 68' lang='lat'><strong>³⁸),</strong></span> <span class='ocrx_word' id='word_1_474' title='bbox 1028 4559 1111 4633; x_wconf 88' lang='lat' dir='ltr'><strong>cujus</strong></span> <span class='ocrx_word' id='word_1_475' title='bbox 1136 4575 1191 4634; x_wconf 94' lang='lat' dir='ltr'><strong>ope</strong></span> <span class='ocrx_word' id='word_1_476' title='bbox 1215 4576 1273 4617; x_wconf 92' lang='lat' dir='ltr'><strong>uon</strong></span> <span class='ocrx_word' id='word_1_477' title='bbox 1295 4576 1360 4618; x_wconf 91' lang='lat' dir='ltr'><strong>raro</strong></span> <span class='ocrx_word' id='word_1_478' title='bbox 1383 4575 1449 4617; x_wconf 91' lang='lat' dir='ltr'><strong>mo·</strong></span> 
     </span>
     <span class='ocr_line' id='line_1_49' title="bbox 92 4636 1449 4722; baseline -0.004 -16"><span class='ocrx_word' id='word_1_479' title='bbox 92 4660 183 4707; x_wconf 87' lang='lat' dir='ltr'><strong>mento</strong></span> <span class='ocrx_word' id='word_1_480' title='bbox 208 4645 353 4719; x_wconf 89' lang='lat' dir='ltr'><strong>temporis</strong></span> <span class='ocrx_word' id='word_1_481' title='bbox 376 4645 406 4699; x_wconf 93' lang='lat' dir='ltr'><strong>in</strong></span> <span class='ocrx_word' id='word_1_482' title='bbox 429 4641 503 4701; x_wconf 90' lang='lat' dir='ltr'><strong>alias</strong></span> <span class='ocrx_word' id='word_1_483' title='bbox 527 4636 661 4716; x_wconf 76' lang='lat' dir='ltr'><strong>oras³⁹),</strong></span> <span class='ocrx_word' id='word_1_484' title='bbox 685 4661 758 4719; x_wconf 93' lang='lat' dir='ltr'><strong>quas</strong></span> <span class='ocrx_word' id='word_1_485' title='bbox 780 4646 837 4721; x_wconf 90' lang='lat' dir='ltr'><strong>ipsi</strong></span> <span class='ocrx_word' id='word_1_486' title='bbox 860 4645 969 4718; x_wconf 84' lang='lat' dir='ltr'><strong>dixero,</strong></span> <span class='ocrx_word' id='word_1_487' title='bbox 993 4653 1185 4722; x_wconf 87' lang='lat' dir='ltr'><strong>transportor‚</strong></span> <span class='ocrx_word' id='word_1_488' title='bbox 1208 4655 1261 4703; x_wconf 84' lang='lat' dir='ltr'><strong>aut</strong></span> <span class='ocrx_word' id='word_1_489' title='bbox 1282 4648 1306 4704; x_wconf 94' lang='lat' dir='ltr'><strong>si</strong></span> <span class='ocrx_word' id='word_1_490' title='bbox 1330 4646 1368 4703; x_wconf 92' lang='lat' dir='ltr'><strong>ab</strong></span> <span class='ocrx_word' id='word_1_491' title='bbox 1391 4644 1449 4702; x_wconf 89' lang='lat' dir='ltr'><strong>ali·</strong></span> 
     </span>
     <span class='ocr_line' id='line_1_50' title="bbox 93 4725 1481 4808; baseline -0.001 -15"><span class='ocrx_word' id='word_1_492' title='bbox 93 4737 193 4808; x_wconf 90' lang='lat' dir='ltr'><strong>quibus</strong></span> <span class='ocrx_word' id='word_1_493' title='bbox 217 4732 440 4807; x_wconf 88' lang='lat' dir='ltr'><strong>longinquitate</strong></span> <span class='ocrx_word' id='word_1_494' title='bbox 463 4725 692 4803; x_wconf 61' lang='lat' dir='ltr'><strong>absterreorw),</strong></span> <span class='ocrx_word' id='word_1_495' title='bbox 716 4732 883 4807; x_wconf 90' lang='lat' dir='ltr'><strong>quaerendo</strong></span> <span class='ocrx_word' id='word_1_496' title='bbox 907 4733 943 4791; x_wconf 92' lang='lat' dir='ltr'><strong>de</strong></span> <span class='ocrx_word' id='word_1_497' title='bbox 967 4734 1003 4790; x_wconf 91' lang='lat' dir='ltr'><strong>iis</strong></span> <span class='ocrx_word' id='word_1_498' title='bbox 1026 4742 1138 4791; x_wconf 91' lang='lat' dir='ltr'><strong>tanturn</strong></span> <span class='ocrx_word' id='word_1_499' title='bbox 1154 4732 1282 4807; x_wconf 88' lang='lat' dir='ltr'><strong>proficio,</strong></span> <span class='ocrx_word' id='word_1_500' title='bbox 1307 4738 1448 4806; x_wconf 90' lang='lat' dir='ltr'><strong>quantum</strong></span> <span class='ocrx_word' id='word_1_501' title='bbox 1475 4778 1481 4793; x_wconf 92' lang='lat'>.</span> 
     </span>
     <span class='ocr_line' id='line_1_51' title="bbox 94 4811 1448 4900; baseline -0.004 -21"><span class='ocrx_word' id='word_1_502' title='bbox 94 4823 279 4900; x_wconf 85' lang='lat' dir='ltr'><strong>riprseseus</strong></span> <span class='ocrx_word' id='word_1_503' title='bbox 302 4819 346 4879; x_wconf 90' lang='lat' dir='ltr'><strong>ibi</strong></span> <span class='ocrx_word' id='word_1_504' title='bbox 368 4811 534 4891; x_wconf 80' lang='lat' dir='ltr'><strong>essem⁴¹):</strong></span> <span class='ocrx_word' id='word_1_505' title='bbox 558 4820 609 4893; x_wconf 90' lang='lat' dir='ltr'><strong>qui</strong></span> <span class='ocrx_word' id='word_1_506' title='bbox 631 4816 771 4895; x_wconf 89' lang='lat' dir='ltr'><strong>pleraque</strong></span> <span class='ocrx_word' id='word_1_507' title='bbox 794 4837 903 4895; x_wconf 90' lang='lat' dir='ltr'><strong>eorum,</strong></span> <span class='ocrx_word' id='word_1_508' title='bbox 925 4836 1004 4895; x_wconf 86' lang='lat' dir='ltr'><strong>quas</strong></span> <span class='ocrx_word' id='word_1_509' title='bbox 1025 4827 1059 4878; x_wconf 93' lang='lat' dir='ltr'><strong>tu</strong></span> <span class='ocrx_word' id='word_1_510' title='bbox 1080 4818 1129 4880; x_wconf 88' lang='lat' dir='ltr'><strong>rel</strong></span> <span class='ocrx_word' id='word_1_511' title='bbox 1143 4816 1236 4879; x_wconf 85' lang='lat' dir='ltr'><strong>oculis</strong></span> <span class='ocrx_word' id='word_1_512' title='bbox 1258 4821 1375 4890; x_wconf 85' lang='lat' dir='ltr'><strong>notasti,</strong></span> <span class='ocrx_word' id='word_1_513' title='bbox 1399 4815 1448 4876; x_wconf 86' lang='lat' dir='ltr'><strong>rel</strong></span> 
     </span>
    </p>
   </div>
   <div class='ocr_carea' id='block_1_5' title="bbox 0 0 1658 5534">
    <p class='ocr_par' dir='ltr' id='par_1_12' title="bbox 0 0 1658 5534">
     <span class='ocr_line' id='line_1_52' title="bbox 0 0 1658 5534; baseline 0 0"><span class='ocrx_word' id='word_1_514' title='bbox 0 0 1658 5534; x_wconf 95' lang='lat' dir='ltr'><strong> </strong></span> 
     </span>
    </p>
   </div>
  </div>
 </body>
</html>
