3308 5534
149 423 215 494 896
321 482 323 487 ,
613 374 615 379 Α
664 426 729 483 vita
746 424 862 483 Jonnnh
878 425 1000 496 Kspleri.

255 601 440 658 Sobiolrardus
458 601 484 656 d.
498 603 525 658 i.
537 601 614 671 Sept.
626 602 751 673 scripsit:
772 602 898 669 „Salvum
915 608 945 658 te
961 601 996 657 ad
1013 605 1077 656 bros
1095 601 1216 659 rediisse
1233 601 1357 671 gaudeo
1387 603 1506 659 Tabala·

149 706 223 760 reno,
240 696 491 760 quarn-atramento
509 689 683 760 perfuderas,
702 690 824 746 nondum
841 688 989 745 succedere
1007 687 1095 757 (orbis
1112 696 1207 748 terrae
1225 690 1264 745 nd
1283 691 1357 747 Teb.
1375 691 1460 759 nne)
1474 692 1506 746 in

148 779 220 833 utus
244 777 341 833 audiri.
376 778 480 833 Vereor
499 784 529 832 ut
547 777 734 847 magnitudine
760 793 811 833 sna
833 776 870 832 ad
892 792 973 832 usum
994 776 1031 830 sit
1055 776 1288 836 incommodior.‘
1329 778 1438 845 licien,
1454 792 1507 848 post

148 864 259 933 Kepleri
277 863 428 918 discessum
447 863 589 917 advenisse
607 863 793 933 Bartschium,
814 880 880 934 „spe
898 863 938 918 tui
956 876 1061 918 mecum
1077 863 1169 919 adhuc
1188 863 1365 934 offendendi,
1381 882 1437 936 qno
1451 882 1505 920 casn

148 966 212 1008 sues
231 951 315 1006 hasce
333 950 367 1005 de
386 950 467 1020 globo
485 948 609 1020 pagellas
626 950 687 1018 ipse
705 951 864 1008 obtulisset“
886 951 947 1020 (cir.
967 949 1026 1004 Vll.
1045 951 1129 1018 lia).
1165 952 1245 1007 Idem
1265 954 1386 1009 nunciet
1401 954 1505 1022 uene-

148 1053 219 1108 gero.
232 1038 272 1108 (8.
290 1037 392 1104 Juniil:
423 1037 572 1102 „Versatur
590 1036 726 1105 Keplerus
749 1038 808 1106 jam
831 1038 869 1092 ad
891 1051 1014 1093 mensem
1036 1038 1064 1092 in
1083 1036 1305 1111 wirtembergia
1323 1048 1355 1096 et
1374 1056 1418 1095 ne
1432 1040 1505 1095 heris

147 1126 270 1196 interim,
296 1125 345 1180 sed
364 1140 478 1193 corpore
497 1125 615 1178 nondum
640 1125 770 1182 visitarit.
805 1126 890 1181 Perat
907 1142 980 1181 nunc
1003 1126 1113 1181 tandem
1132 1124 1181 1181 diu
1200 1128 1360 1195 promissas
1377 1126 1446 1181 Τὼ.
1460 1127 1504 1182 ile

148 1212 259 1283 delphi,
283 1214 317 1268 ad
342 1227 456 1280 quarum
482 1211 627 1265 editionem
650 1212 702 1281 ipsi
727 1213 920 1269 calculatorem
944 1213 988 1267 hic
1012 1214 1082 1267 inter
1106 1213 1250 1269 studiosos
1276 1216 1404 1270 nancisd
1421 1215 1503 1270 uena.

43 1369 44 1373 Ἰ
147 1302 198 1356 Ait
216 1301 298 1355 etiam
316 1300 387 1353 inter
405 1305 504 1366 cetera,
525 1298 718 1366 perstrinxisse
732 1301 1099 1370 meinsuoHyperaspistc,
1119 1318 1202 1371 quern
1216 1302 1420 1358 nondumriti
1448 1304 1503 1357 tna·

149 1389 287 1445 editurum
306 1401 416 1455 quoque
435 1385 658 1454 logarithmorum
677 1402 753 1443 usus.
779 1386 878 1442 Nescio
898 1403 933 1442 an
951 1389 1091 1458 religionis
1109 1406 1197 1445 muse
1210 1390 1357 1447 hactenns
1375 1393 1411 1446 sit
1422 1408 1438 1445 a
1449 1394 1503 1447 ene

147 1491 210 1535 aare
228 1473 391 1544 appellatus.
428 1475 487 1527 Hoc
506 1471 667 1549 subodoror,
686 1483 879 1532 renovaturum
900 1476 946 1544 jus
965 1477 1081 1533 civitatis
1106 1478 1252 1533 nobiscnm
1272 1479 1304 1532 in
1322 1481 1413 1549 petria
1430 1481 1503 1535 leon·

80 1603 83 1609 .
148 1562 240 1629 berga.
278 1561 413 1628 Quorsum
433 1559 461 1613 id
480 1564 586 1627 spectat
603 1560 683 1616 facile
702 1561 880 1619 divinamus.“
917 1564 998 1618 Brevi
1015 1571 1080 1632 post
1096 1565 1169 1620 idern
1189 1565 1282 1620 eidem
1302 1566 1403 1623 refert:
1423 1566 1504 1635 ‚Quoi

148 1649 284 1718 Keplerus
300 1648 358 1715 jam
376 1646 542 1715 aliquamdiu
561 1662 665 1702 mecum
684 1658 761 1720 ngat,
785 1665 819 1703 ex
837 1651 950 1720 nuperis
967 1651 1056 1720 ipsius
1072 1651 1159 1708 literis
1179 1653 1362 1711 intellexisse
1379 1664 1452 1724 pato.
1481 1654 1502 1708 lr

147 1737 423 1794 couversationesua
441 1734 719 1805 occasionemdedit,
743 1737 771 1791 ln
794 1752 949 1793 mensuram
971 1738 1055 1807 prisci
1077 1739 1157 1810 pedis
1176 1740 1301 1796 Romani
1324 1744 1457 1797 curiosius
1471 1744 1502 1796 ἰ

146 1823 297 1895 canendis
313 1865 320 1878 .
334 1863 342 1879 .
356 1865 382 1878 ..

252 1910 462 1967 Observationes
488 1911 560 1966 aeris
580 1928 651 1967 anno
673 1914 752 1969 1625:
778 1914 842 1971 ιΙιιιι.
863 1915 966 1970 1.-10.
984 1915 1120 1983 Viennae,
1146 1918 1177 1970 lt
1200 1931 1239 1972 ss.
1267 1926 1299 1971 et
1318 1917 1500 1973 Februariae

146 2001 248 2058 Martio
261 2000 360 2066 Lincii,
374 1999 461 2067 Aprili
479 2000 600 2056 lta-20.
618 1999 750 2067 Passarii,
768 2001 811 2057 22.
824 2002 867 2058 23.
884 2002 1059 2069 Ratisbonae
1078 2001 1209 2059 24.-27.
1222 2003 1380 2071 Augustae,
1393 2006 1498 2062 aa-tt

150 2088 327 2158 (lampiduni3
346 2087 422 2155 ltlajo
439 2089 468 2142 in
487 2087 586 2142 Suesia
605 2088 640 2142 ad
659 2089 756 2143 llaram
776 2089 899 2159 (Ulmae)
918 2097 946 2144 et
964 2088 1077 2159 Vilsam,
1094 2089 1180 2144 Junio
1200 2092 1229 2145 in
1242 2090 1501 2161 Wurternbesginni

146 2176 265 2242 Vilaam,
291 2174 366 2229 Julio
386 2173 535 2242 'fobinges
559 2174 594 2230 ad
613 2176 729 2242 vilsam,
755 2177 864 2246 Ulmae;
891 2179 1016 2245 Augusto
1035 2177 1123 2233 1.-7.
1142 2177 1256 2241 Ulmus,
1279 2179 1392 2237 8.-14.
1411 2180 1501 2235 xoss-

144 2264 253 2332 bergae,
273 2261 585 2330 15.-20.Ratlsbonae,
605 2264 648 2318 21.
661 2265 781 2334 Aschae,
800 2264 843 2319 22.
856 2280 942 2334 usque
961 2265 996 2319 ad
1014 2263 1095 2319 baem
1114 2267 1181 2319 anni
1192 2265 1296 2321 Linei‘a
1323 2267 1500 2329 thienseanr

146 2351 273 2419 Tnhinga
297 2349 418 2405 excurrit
435 2349 571 2418 lieplerus
590 2351 793 2408 Kirchhemiam
816 2367 888 2421 equo
901 2361 1004 2408 vectus.
1028 2351 1217 2407 Schiclrnrdus
1236 2354 1338 2410 scribit
1357 2355 1384 2409 d.
1397 2356 1488 2411 ΗιΕ

148 2442 197 2496 der
214 2440 286 2495 Herr
304 2439 352 2493 des
371 2437 468 2492 Plerda
487 2439 523 2492 ist
540 2438 601 2493 thel
620 2439 753 2506 enimdeo,
768 2438 850 2507 ,hlagt
869 2439 933 2495 dass
950 2439 1000 2492 der
1022 2438 1114 2495 lincke
1132 2440 1254 2496 sordere
1274 2443 1366 2497 Hneti
1379 2444 1449 2497 nach
1463 2442 1499 2495 ab

147 2529 308 2598 geiallcnem
326 2527 434 2596 Eyssen
452 2527 610 2580 dermassen
628 2524 796 2593 abgetriben,
817 2525 881 2580 dass
900 2540 945 2580 ers
963 2525 1105 2582 inuerhalb
1124 2530 1160 2586 10
1172 2529 1271 2598 Tagen
1291 2533 1336 2586 nit
1354 2532 1499 2599 hesthlnprr

147 2616 240 2672 lassen
258 2616 370 2682 lrunnte,
390 2613 443 2667 vnd
462 2612 566 2666 iordert
593 2613 638 2667 iun
656 2612 750 2668 solche
767 2612 829 2667 Zeit
852 2612 906 2667 alle
924 2613 984 2682 Tag
1001 2615 1058 2668 sein
1078 2615 1220 2670 Roaslohn
1245 2628 1324 2673 sanat
1342 2619 1403 2673 deur
1421 2619 1499 2673 im

147 2704 202 2761 rud
219 2718 294 2771 away
313 2700 502 2769 obgelallenen
520 2699 635 2767 Eyssen.
667 2700 735 2754 ‘llab
761 2700 903 2768 deewegen
925 2701 1006 2756 daim
1026 2709 1138 2757 mussen
1156 2703 1237 2774 Bdrg
1254 2705 1379 2760 vernem
1413 2705 1499 2771 Beer

148 2808 178 2848 er
195 2791 268 2847 neri
287 2789 346 2845 sich
364 2790 405 2843 nit
423 2796 501 2842 vuter
520 2787 536 2841 2
555 2787 639 2841 Daler
656 2786 845 2842 herabtreiben
863 2787 979 2857 lassen.)

251 2882 284 2935 Iu
301 2894 367 2934 mss.
387 2876 468 2931 Pulk.
488 2892 568 2930 unam
586 2881 692 2930 tantum
714 2875 943 2944 deprehendimus
967 2878 1190 2934 exercitationem
1215 2882 1442 2937 amanomicn.
1463 2894 1498 2931 cnr

147 2969 299 3038 adscriptus
323 2975 365 3023 est
388 2967 445 3021 dies
464 2965 507 3020 22.
526 2964 699 3019 Decembris:
727 2965 895 3031 „probantur
916 2980 1009 3019 omues
1032 2968 1190 3033 superiores
1216 2968 1425 3025 ohservationes
1441 2968 1498 3021 line

148 3057 223 3125 curii,
242 3063 272 3110 ut
289 3058 431 3122 appareat,
451 3069 485 3105 ex
505 3052 604 3119 quibus
623 3052 678 3105 sint
695 3050 833 3121 epochis.t

255 3145 413 3198 Decreta
431 3141 580 3196 ordinum
598 3141 848 3197 binciensium:
867 3144 910 3200 30.
924 3141 1048 3211 Augusti.
1080 3142 1132 3196 Die
1148 3142 1498 3215 Beseldunglieppleriist

148 3248 184 3287 ιιι
200 3231 324 3285 besallen
343 3229 499 3296 vernilligt,
525 3230 574 3282 mlt
592 3227 645 3282 den
664 3230 820 3283 Interessen
838 3230 904 3284 aber
920 3229 986 3285 vird
1005 3228 1063 3284 sich
1081 3229 1267 3296 Supplihant.
1288 3232 1349 3286 hicn
1366 3233 1440 3286 mehr
1454 3230 1498 3298 gri!

148 3319 299 3380 eiukumbt,
318 3315 456 3384 gedulten.
481 3317 533 3369 Ilio
551 3317 594 3372 26.
607 3317 782 3372 Novembris:
801 3315 904 3385 Kepler
915 3315 1100 3371 Mathematici
1113 3318 1166 3372 500
1179 3318 1205 3370 fl.
1237 3316 1498 3375 lucernensem

148 3405 237 3461 sollen
256 3405 317 3458 dem
335 3402 549 3471 Supplilrantcn‚
571 3404 633 3458 weil
659 3402 806 3459 dermallen
824 3404 911 3474 menig
928 3405 984 3473 gclt
1005 3404 1177 3473 vorhanden,
1204 3405 1280 3460 nach
1300 3407 1357 3462 rud
1375 3406 1441 3462 naci
1457 3418 1498 3460 ιιι

148 3494 209 3548 dem
227 3492 468 3548 Einnehmeramht
486 3492 577 3546 bezalt
594 3491 711 3546 werden.

253 3582 338 3647 titt.
368 3584 529 3642 Resolutio
560 3587 638 3643 anni.
690 3583 865 3642 Passavium
896 3586 938 3643 ivi
969 3584 1144 3643 laminarum
1176 3600 1273 3645 causa
1305 3598 1337 3646 et
1367 3596 1489 3665 typor-

148 3674 244 3733 lriaeil
268 3675 407 3731 obsessus
431 3690 450 3730 a
472 3673 596 3730 rusticis.
642 3672 802 3729 Novembri
831 3686 896 3730 cum
919 3673 1032 3731 familia
1054 3672 1271 3745 anetensem,
1298 3676 1365 3751 ipse
1387 3672 1496 3735 [tm

252 3773 420 3826 Schiclrardo
440 3771 550 3840 scripsit
569 3769 704 3839 Keplcrus
723 3771 817 3825 Lincio
835 3770 877 3826 25.
897 3771 1013 3841 Aprilis:
1042 3766 1126 3842 Qnrae
1154 3768 1204 3828 bic
1233 3782 1396 3841 geruntur.
1422 3768 1496 3825 selu

150 3860 236 3918 tobis
259 3857 395 3915 onnrlbus
419 3857 635 3932 spectatoribus
658 3857 730 3929 geri,
755 3864 787 3913 ut
809 3855 923 3913 animos
946 3855 984 3913 ad
1001 3855 1104 3914 cadem
1127 3857 1301 3916 sufferenda
1325 3860 1496 3937 premetis

151 3951 176 4005 ei
200 3944 319 4023 quando
344 3952 373 4002 et
398 3952 512 4001 rostrae
536 3945 717 4002 visitationis
740 3950 854 4018 tempus
886 3945 1049 4002 accesserit.
1096 3942 1128 4001 Si
1152 3942 1394 4005 melancholicus
1414 3956 1497 4003 mnu

152 4036 205 4093 has
229 4035 326 4094 tristes
349 4046 444 4090 rerum
468 4033 611 4106 imagines
643 4033 740 4089 animo
764 4031 913 4105 concepit,
946 4029 1063 4088 abunde
1092 4029 1135 4086 illi
1165 4031 1224 4089 init
1253 4034 1494 4093 incitamentum

153 4122 190 4178 ad
214 4129 336 4181 mortem
362 4120 583 4196 capessendam.
630 4118 770 4193 Magnum
794 4118 926 4176 lenitatis
950 4126 1169 4191 argumentum,
1202 4118 1286 4194 qnod
1311 4138 1372 4180 non
1394 4116 1494 4181 mh·

151 4224 224 4279 mur,
249 4209 300 4266 sed
325 4210 425 4266 civero
449 4209 535 4264 nobis
559 4206 640 4279 lieet,
672 4205 816 4281 siqnidem
840 4206 941 4262 vivere
964 4204 1033 4263 licet
1057 4202 1114 4274 illi,
1143 4206 1192 4262 cui
1223 4208 1309 4267 ritae
1340 4204 1493 4269 tolerandae

148 4295 281 4352 subsidia
305 4294 496 4369 denegantur.
542 4294 617 4352 Nam
641 4292 771 4369 pupillis,
795 4291 933 4368 agricolis
958 4300 997 4370 ct,
1020 4301 1052 4350 ut
1074 4291 1165 4349 audio
1190 4295 1220 4350 in
1243 4305 1401 4369 posterum
1421 4298 1496 4355 etin·

149 4381 305 4457 opificibus
336 4385 413 4440 exire
443 4383 597 4455 provincia
620 4399 677 4439 noa
703 4380 815 4451 licebit,
847 4381 903 4436 nisi
928 4397 993 4437 eum
1015 4381 1131 4454 jactura
1154 4388 1186 4437 et
1209 4382 1362 4443 honorum
1385 4384 1495 4443 ornn'n

149 4468 365 4527 ethonestatis
396 4470 472 4526 intra
503 4469 621 4544 quidem
651 4470 835 4543 provincias:
867 4483 934 4524 nam
964 4467 1042 4525 lama
1075 4467 1145 4525 ioris
1176 4470 1274 4544 premi
1306 4487 1369 4530 non
1396 4472 1494 4549 poteri

148 4555 234 4615 llaec
257 4555 293 4613 de
316 4570 364 4612 mo
385 4557 517 4630 meisque
541 4555 620 4616 dicta
642 4555 728 4631 nolo,
760 4572 828 4614 nam
858 4553 956 4614 adhuc
987 4553 1057 4612 mihi
1080 4553 1137 4611 itui
1161 4552 1236 4615 licet
1256 4557 1418 4637 privilegio
1437 4572 1496 4617 cn·

148 4641 267 4702 ditionis
290 4643 413 4702 aulicae.

254 4730 394 4788 Curiosus
418 4732 525 4806 aliquis
550 4733 734 4793 immaturam
756 4732 866 4808 sparsit
887 4731 996 4790 lamam
1013 4728 1049 4789 de
1065 4728 1150 4789 libris
1173 4734 1251 4791 meis
1266 4732 1494 4807 attempt&

150 4831 294 4889 quaeres
319 4819 373 4876 etsi
396 4836 442 4877 me
465 4821 493 4876 in
516 4817 744 4880 sollicitudinem
767 4821 933 4891 constituit,
961 4817 1090 4878 sciebam
1115 4826 1235 4893 tamen,
1266 4823 1299 4879 in
1329 4818 1493 4881 mmuh

148 4900 267 4983 plagam
290 4903 459 4966 desituram
504 4904 626 4971 Scilicet
645 4894 808 4970 etiamnun
829 4907 988 4986 obsignata
1007 4912 1055 4967 eet
1074 4903 1265 4971 bibliotheca
1286 4924 1358 4973 nes
1376 4904 1491 4969 hh
