3308 5534
703 364 946 424 suanensem
1222 336 1224 341 ’
1440 366 1506 439 tiit

142 547 260 623 iccium
281 544 490 606 mhouomiae.
528 544 566 604 lit
587 552 660 618 tum,
683 546 733 621 qui
756 550 849 607 totam
862 546 968 605 seriem
989 546 1129 622 temporis
1144 543 1311 606 considerat
1331 551 1507 625 tempusque

146 634 283 693 historiis
304 633 462 706 connectit,
484 630 680 709 chronologus
695 631 811 707 dicitur,
835 635 884 710 qui
901 650 971 693 vero
987 638 1102 710 tempus
1118 631 1278 711 politicum,
1302 630 1409 694 dieitur
1425 650 1524 695 com·‘

147 723 265 799 putista
293 719 344 781 rel
376 717 681 797 calendariographus.
728 716 840 795 Quodsi
871 720 950 780 linea
977 720 1177 782 consideretur
1203 722 1233 778 in
1262 718 1320 781 ilde
1350 728 1381 780 et
1403 725 1508 783 ceteris

148 806 337 881 sonautibos,
359 804 393 865 iit
414 806 579 883 sobJectum
602 805 785 867 harmonicen
808 808 969 868 secondom
991 823 1059 883 nos,
1082 825 1119 868 ex
1142 822 1200 884 quo
1216 810 1329 868 musica
1351 805 1508 886 dependet

149 896 189 955 itt
209 897 237 953 si
262 893 464 955 consideretur
485 894 563 954 lines
584 897 614 953 in
637 894 796 955 influxibus
819 894 997 957 coelestibus
1018 903 1049 956 et
1070 895 1300 973 operationibus,
1321 895 1382 972 jam
1400 912 1435 957 ex
1451 895 1509 957 lroc

148 1000 216 1061 pars
238 981 421 1057 astrologiae
443 983 572 1042 nascitur
594 981 631 1042 de
652 983 831 1059 aspectibus.

256 1068 433 1147 Superbeies
456 1070 482 1127 si
504 1067 557 1128 flat
578 1072 741 1142 materiata,
764 1069 797 1129 iit
820 1070 985 1147 subjectum
1008 1071 1139 1147 picturae
1168 1069 1398 1147 speculatoriae,
1430 1086 1506 1146 quae

152 1157 285 1218 consistit
309 1158 340 1215 iu
363 1164 433 1233 apta
455 1156 635 1233 projectione
657 1156 818 1218 solidorum
832 1160 863 1216 in
877 1157 998 1235 planum
1014 1166 1117 1236 estque
1131 1175 1199 1235 pars
1215 1159 1335 1234 optices.
1371 1157 1508 1234 Amplius

152 1246 183 1305 sit
203 1244 374 1321 subiectum
396 1243 546 1303 tremotis
568 1243 709 1321 alicujus,
732 1262 809 1322 quae
824 1262 892 1323 pers
915 1255 960 1306 est
974 1245 1121 1324 physices.
1151 1244 1228 1304 Nam
1247 1244 1345 1304 omnia
1359 1243 1506 1305 naturalia

150 1330 362 1409 superficiebus
384 1340 414 1390 et
435 1328 634 1391 schematibus
657 1334 872 1393 communicant
902 1349 1061 1410 earumque
1083 1349 1174 1392 causa
1196 1340 1290 1393 certas
1312 1334 1506 1409 proprietatos

153 1420 272 1491 habent,
295 1419 404 1494 quibus
426 1420 555 1477 nascitur
576 1412 766 1497 geogr'sphia.

250 1504 367 1583 corpus
388 1506 414 1564 si
437 1504 490 1564 ilat
511 1505 671 1581 materiale,
693 1505 727 1565 iit
747 1506 912 1582 subjectum
926 1508 1066 1568 scientiae
1089 1506 1126 1568 de
1150 1503 1336 1584 ponderibus,
1359 1523 1400 1567 sc.
1424 1523 1502 1584 quae

155 1611 218 1673 pars
240 1602 288 1653 est
310 1591 528 1670 quodammodo
550 1592 696 1672 physices.
742 1593 787 1651 Ex
810 1593 857 1653 his
880 1593 1048 1656 theoreticis
1079 1594 1209 1655 scientiis
1237 1594 1367 1655 infinitae
1397 1611 1505 1673 prope-

152 1680 267 1741 modum
288 1690 367 1741 ortes
390 1689 477 1740 natae
500 1686 568 1739 sunt
590 1686 621 1740 et
643 1678 774 1756 quotidie
796 1689 962 1744 noscuntur.
977 1715 1019 1726 -

250 1772 302 1828 His
319 1770 394 1827 sistit
410 1769 525 1839 gradum
542 1770 679 1841 Keplerus
697 1779 725 1826 et
741 1770 805 1826 inde
823 1772 941 1842 plurima
958 1771 1186 1842 deprehendimus
1209 1773 1373 1839 tentamina,
1395 1788 1450 1828 non
1469 1772 1504 1829 ad

153 1852 228 1909 duem
246 1850 389 1921 perducta,
407 1863 479 1920 quae
490 1848 590 1919 partim
602 1847 637 1903 ad
649 1849 855 1917 arithmeticam,
873 1851 972 1921 partim
989 1850 1024 1906 ed
1043 1847 1219 1922 geometriam
1231 1850 1377 1922 pertinent,
1396 1867 1431 1907 ex
1443 1851 1502 1922 qui-

154 1932 200 1987 bus
216 1930 293 1985 nullo
312 1926 409 1984 ordine
427 1926 589 1998 conscriptis
607 1929 752 1997 sequeutia
770 1927 934 1996 collegimus.

248 2009 368 2079 Folium,
387 2022 442 2077 quo
460 2005 595 2076 lieplerus
612 2007 712 2063 lrbmsr
723 2007 750 2063 Ι.
769 2007 803 2063 de
820 2004 1031 2078 Quantitotabae
1047 2004 1200 2075 concludit,
1220 2005 1344 2078 sequitur
1360 2005 1444 2072 aliod,
1463 2007 1504 2061 iu·

152 2089 290 2160 capum:

633 2208 640 2225 Ι
676 2296 973 2413 iriihmeilee.

248 2499 373 2561 Numeri
394 2493 589 2572 triangulares
611 2492 788 2570 colliguntur
811 2511 911 2556 omnes
933 2491 1071 2555 addendo
1092 2493 1236 2571 prioribus
1256 2494 1420 2570 proximum
1436 2492 1501 2553 basi

158 2589 363 2667 progressionis
384 2582 586 2645 arithmeticae
608 2598 770 2642 numerum.

161 2743 269 2793 tddeodl
339 2741 443 2792 Numeri
512 2739 650 2804 Imparium
667 2731 767 2787 basium
781 2737 828 2786 hoc
841 2743 879 2787 est
890 2735 1060 2802 privilegium,
1077 2740 1108 2785 ut
1117 2739 1236 2797 generent
1250 2734 1363 2797 trigenos
1375 2735 1444 2785 basis
1462 2735 1502 2801 lp·

159 2816 273 2864 etham
326 2812 454 2874 trigouioi.
513 2811 565 2858 sius
582 2806 734 2872 multiplices
751 2810 923 2874 proportionis
935 2809 1110 2871 geometricae,
1123 2812 1248 2855 cremento
1266 2806 1368 2870 aequali
1386 2806 1500 2857 minimo.
1593 2804 1596 2809 ’

671 2876 753 2929 (irem.
875 2879 952 2944 Prop.
1056 2877 1137 2926 basis.
1240 2872 1345 2936 Τήιοι.

708 3687 931 3776 Ῑ’“““““““ε“.
945 3750 1048 3760 --
1069 3723 1111 3773 ae.
1131 3748 1233 3757 —-—
1253 3722 1313 3772 120.

708 3800 930 3845 1..—

898 3841 924 3890 9.
945 3837 1233 3889 -17.--
1253 3835 1314 3885 1b3.

706 4254 927 4302 1.--..

888 4301 930 4351 re.
944 4310 1048 4336 -·-
1066 4299 1109 4347 su.
1126 4321 1231 4332 -
1249 4293 1310 4343 ees.

705 4373 928 4467 ¹''“-1L'
945 4441 1049 4452 -—
1067 4415 1112 4467 er.
1130 4436 1230 4448 ---
1252 4411 1314 4463 are.

706 4490 926 4585 ¹'-*15‘.
945 4554 1049 4566 -—
1069 4531 1113 4582 aa.
1133 4555 1235 4567 --
1251 4528 1314 4580 aee.

880 4649 923 4699 16.
943 4670 1048 4680 —·-
1066 4645 1109 4696 iil.
1129 4664 1233 4676 --·
1249 4647 1312 4696 496.

1258 4821 1292 4879 11
