3308 5534
154 389 222 457 774·
667 385 731 441 Vita
748 382 864 441 Joauuis
881 380 1003 475 Kepleri.

154 567 398 630 Jo.·Matthaeus
422 564 600 641 Wagherius
621 562 863 624 alVaebheniels
888 581 923 624 ex
946 580 993 623 me
1008 563 1184 624 sententiam
1198 579 1298 623 meam
1319 562 1507 639 quatenus

154 665 244 733 atque
268 674 323 737 ago
345 672 493 729 negarem,
516 653 545 710 in
568 652 625 712 lroe
647 670 753 727 genere
777 668 875 710 euram
899 651 1051 727 hueusque
1073 653 1225 729 posuisse,
1250 666 1311 709 rron
1334 648 1507 727 impossibile

157 752 256 803 tamen
272 744 461 812 cristianae,
493 740 580 799 talem
610 749 720 799 struere
744 738 907 809 fallacium,
937 741 1107 817 praesertim
1130 742 1156 796 si
1178 737 1335 817 speculum
1357 736 1509 813 adjungere

158 832 255 904 liceat,
280 838 310 889 et
332 839 428 888 tamen
452 830 593 905 suspicari
618 826 804 885 artificiosius
829 827 949 904 aliquid,
973 843 1068 901 neque
1084 825 1228 885 ludicrum
1245 824 1330 899 illud,
1356 824 1436 900 quod
1452 824 1508 883 h'ie.

153 918 249 978 Itaim.
274 914 365 977 llrsus
389 921 417 974 in
441 917 589 973 invectiva
611 933 667 973 sua
689 931 775 972 uersu
800 914 969 992 complexus
993 923 1038 972 est
1061 914 1133 973 hoe:
1156 912 1226 985 Dio,
1251 932 1315 989 quo
1336 914 1386 971 ecl
1400 912 1509 971 inorbo

154 1008 236 1066 loeas
258 1004 392 1081 repedat,
416 1022 477 1079 quo
499 1006 635 1076 corporis
657 1000 829 1080 umhra?*)
873 1002 948 1060 Cum
979 1004 1056 1059 enirn
1084 1019 1119 1060 cs
1143 999 1274 1059 defuncti
1304 1002 1403 1059 amieo
1425 1014 1510 1075 quae·

154 1096 259 1152 sissem
291 1090 517 1169 explicationem
548 1092 737 1163 aenigmatis,
770 1088 934 1167 rospondit,
965 1088 1084 1147 solitum
1113 1105 1177 1147 esse
1206 1086 1365 1147 ostendere
1389 1086 1510 1147 calamos

153 1181 309 1240 arboresve
333 1178 486 1237 inclinatas
510 1179 538 1234 in
555 1176 715 1250 meridiem,
736 1178 779 1235 sio
794 1186 826 1234 ut
841 1168 945 1235 umbra
961 1192 1078 1253 qaoque
1093 1175 1285 1253 projiceretur
1301 1175 1331 1231 in
1348 1172 1509 1235 meridiem:

155 1268 245 1339 baec,
276 1268 408 1342 inquam,
440 1282 506 1323 cam
538 1266 566 1321 in
590 1263 667 1321 lruuc
690 1263 809 1322 modum
832 1263 1055 1335 dissereremus,
1086 1263 1197 1341 placuit
1220 1260 1404 1337 Wagberio‚
1426 1274 1457 1321 ut
1475 1258 1510 1321 sd

154 1357 329 1431 Coignetum
357 1354 412 1411 lrac
435 1351 471 1411 dc
494 1369 524 1409 re
547 1353 702 1410 scriberem
731 1360 760 1409 et
789 1350 966 1411 solutionem
999 1353 1172 1427 aenigmatis
1203 1367 1351 1425 rogarem.
1398 1348 1509 1425 Quoia

154 1461 184 1501 re
208 1459 323 1502 ornnem
347 1440 516 1498 adhiberem
540 1438 732 1515 diligentiam,
756 1438 792 1497 ad
816 1440 870 1497 tibi
893 1437 1137 1516 persuadendam,
1159 1440 1216 1494 nisi
1238 1440 1362 1509 scirem,
1386 1436 1509 1515 pluribus

154 1528 193 1588 ad
214 1528 452 1587 mathematicam
476 1544 550 1602 opus
573 1543 630 1583 riou
654 1544 729 1589 esse.
776 1525 876 1585 Altera
899 1534 928 1586 et
950 1529 1097 1601 antiquior
1111 1524 1258 1584 scribendi
1282 1542 1378 1583 eausa
1396 1526 1508 1584 ubstus

154 1616 296 1675 industria
319 1613 520 1693 proficiscitur.
565 1613 719 1672 Concessit
749 1613 819 1671 mihi
842 1613 1052 1692 Hispaniarum
1082 1615 1159 1688 regis
1187 1611 1305 1687 legatas
1328 1629 1420 1671 mana
1442 1612 1509 1689 ejus,

155 1721 242 1780 qnam
266 1703 409 1762 hactenns
432 1700 542 1777 legisti,
566 1705 672 1760 summi
695 1702 817 1760 fautoris
839 1705 896 1761 nrei
913 1707 942 1760 et
956 1703 1006 1775 qui
1022 1717 1121 1760 amore
1137 1702 1242 1758 artium
1260 1702 1393 1758 omnium
1409 1700 1509 1759 usmisi

154 1793 264 1868 primas
288 1790 381 1860 cedit,
411 1791 550 1864 scriptam
574 1795 655 1847 taam
679 1790 769 1849 breve
793 1789 829 1850 de
852 1789 955 1868 eclipsi
978 1788 1057 1847 Solis
1079 1790 1147 1846 anai
1174 1792 1258 1847 tuos
1262 1830 1401 1849 ......
1440 1789 1509 1859 uua

154 1887 306 1951 sequuntur
324 1880 498 1935 exhibuimus
523 1877 577 1934 vol.
594 1878 646 1931 Ill.
671 1895 698 1947 p.
719 1878 779 1937 735,
816 1879 971 1948 Responsio
998 1878 1083 1935 deest.
1102 1908 1135 1918 -
1154 1880 1195 1933 De
1221 1879 1317 1933 eadem
1342 1878 1439 1949 eclipsi
1458 1880 1507 1947 agit

50 2026 58 2035 ,
153 1966 290 2038 Keplerus
308 1984 369 2023 cnm
390 1966 581 2022 Guilielmo
600 1965 845 2021 Nautoanerio
866 1966 1089 2029 ,blecomet1·iae“
1109 1966 1243 2035 scriptore
1262 1970 1317 2033 (ill.
1336 1970 1402 2029 73³)
1423 1966 1507 2037 illique

153 2057 358 2111 obseruationes
378 2071 442 2109 snas
462 2053 495 2107 de
514 2052 647 2120 magnetis
666 2053 859 2122 declinatione,
877 2055 965 2109 Gratii
984 2054 1104 2115 habitas,
1123 2054 1255 2109 describit
1274 2058 1329 2121 (ill.
1348 2060 1402 2109 457
1415 2058 1444 2119 s.)
1470 2054 1506 2108 lie

153 2142 252 2199 stellae
270 2158 357 2198 novae
376 2149 404 2196 et
420 2142 533 2213 eclipsis
553 2142 626 2194 illins
648 2141 720 2196 Solis
739 2141 985 2209 significationibus
1003 2142 1115 2198 tradidit
1133 2145 1272 2216 Iieplerus
1290 2147 1447 2216 imperatori
1458 2146 1505 2201 lla-

153 2230 255 2300 dolpho
274 2229 362 2297 (hlajo
380 2230 487 2297 mense)
503 2227 638 2296 judicium
656 2226 867 2295 astrologicam,
890 2227 959 2284 haec
978 2228 1060 2284 verba
1078 2232 1269 2300 praemittens:
1297 2232 1406 2304 ,Saepe
1426 2232 1505 2289 deols·

152 2320 220 2387 ravi,
238 2334 281 2372 me
300 2334 354 2371 non
374 2317 543 2385 existimare,
570 2315 643 2384 quod
667 2314 773 2370 eoelum
797 2330 827 2368 se
850 2316 1062 2383 particularibus
1088 2337 1148 2374 earn
1175 2327 1238 2373 rato
1263 2322 1426 2377 immisceat.
1458 2320 1505 2379 set

155 2414 255 2477 tamea,
275 2405 352 2475 quia
367 2404 499 2472 jubeor,
520 2402 636 2457 dicenda
655 2409 697 2457 est
715 2404 750 2457 ab
768 2401 845 2457 iuitio
864 2404 1001 2459 sententia
1019 2407 1247 2475 astrologorum·
1272 2412 1317 2475 (ll.
1337 2410 1412 2477 ⁸0⁹.)

257 2493 283 2547 11
290 2498 436 2546 erwsrto
456 2491 489 2545 de
509 2489 606 2544 studiis
621 2491 677 2545 suis
691 2496 801 2559 praeter
814 2506 854 2557 ea,
873 2506 944 2559 qrrac
962 2491 996 2545 ud
1015 2510 1116 2547 annam
1139 2496 1205 2550 tdil'·
1224 2494 1504 2565 ,tricasinensis

155 2580 241 2635 refert
252 2579 402 2648 Keplerus:
432 2566 650 2636 Conrrneriraria
674 2573 710 2634 de
726 2576 910 2634 restitutione
928 2576 1093 2637 tabularum
1110 2588 1138 2638 et
1154 2580 1435 2654 investigationibus
1447 2596 1504 2639 ωο-

153 2672 235 2724 tuuur
259 2664 363 2723 Martis
383 2664 446 2739 jam
474 2664 653 2739 sesquianno
682 2661 762 2740 apud
793 2679 839 2721 me
866 2662 1007 2723 desident.
1053 2666 1145 2743 Coepi
1168 2683 1258 2740 agere
1287 2684 1356 2725 eum
1379 2664 1503 2741 Caena,

152 2754 223 2830 quia
241 2752 303 2827 Jam
327 2768 384 2808 rron
410 2758 455 2810 est
477 2752 594 2809 occasio
619 2749 819 2808 faciendorum
842 2758 1003 2824 sumtuum,
1034 2764 1065 2811 ut
1088 2754 1158 2812 mihi
1183 2754 1366 2830 permitteret
1390 2758 1503 2827 veum

152 2838 309 2915 quaerendi
334 2838 424 2897 alium
448 2840 544 2913 operis
567 2845 731 2914 patronum,
755 2852 851 2913 neque
873 2845 971 2896 tamen
994 2842 1069 2913 seio,
1093 2840 1131 2898 ad
1155 2858 1243 2916 quem
1267 2842 1451 2918 potissimam
1471 2844 1503 2901 sit

152 2926 290 2987 eundum.
336 2926 431 3001 Quam
456 2926 505 2983 dia
529 2926 600 2982 milri
625 2926 759 2983 stimulus
783 2942 839 2983 non
863 2925 976 2984 accedit
1000 2946 1050 3005 per
1066 2927 1306 3006 publicationem,
1329 2930 1503 3007 opuscsads

152 3014 270 3086 carebit,
295 3032 371 3090 qaae
395 3022 439 3072 est
463 3016 491 3069 in
515 3012 570 3070 lrac
595 3011 706 3089 precrrde
729 3014 921 3090 pinguissima
924 3054 1031 3076 .....
1072 3020 1149 3074 ilaec
1167 3034 1201 3072 ex
1220 3018 1310 3074 literis
1324 3022 1503 3077 manselaria

144 3104 258 3173 seriptis
276 3104 402 3159 desumto
420 3112 572 3172 sequantur
590 3118 635 3169 oa,
654 3120 724 3172 qaae
744 3120 826 3173 supra
839 3110 875 3173 (p.
889 3104 940 3160 623
954 3113 1004 3171 ss.)
1025 3108 1057 3161 de
1072 3104 1205 3158 l’raetorii
1224 3108 1449 3164 annotationibus
1464 3122 1503 3163 ex·

150 3192 297 3260 hibaimuS,
317 3193 453 3246 sententia
472 3192 506 3246 de
522 3189 710 3259 ¹,qrradratara
729 3191 823 3245 circuli
836 3194 890 3257 (lv.
906 3195 967 3261 tre-l)
986 3200 1014 3247 et
1032 3208 1120 3261 petraea
1138 3194 1172 3248 de
1191 3191 1279 3249 literis
1299 3194 1333 3250 ad
1348 3198 1503 3267 Scaligesun

150 3278 240 3347 deque
259 3278 409 3347 appendice
428 3278 462 3331 ad
481 3277 579 3331 libram
599 3278 632 3331 de
645 3278 727 3333 stella
739 3295 810 3333 nova
823 3285 866 3345 (ib.
881 3286 951 3348 tio).
983 3280 1025 3334 Ad
1040 3279 1109 3334 idem
1122 3280 1189 3333 illud
1203 3298 1274 3350 optas
1292 3284 1366 3337 redit
1384 3286 1412 3340 iu
1429 3288 1504 3342 literis

150 3373 282 3433 sequente
312 3362 383 3418 vanno
415 3381 509 3419 mense
538 3365 684 3419 Novembri
709 3367 831 3436 scriptis,
857 3369 965 3445 dicens:
996 3366 1083 3440 Quod
1099 3370 1204 3425 attinet
1219 3378 1307 3427 notas
1322 3370 1362 3427 ad
1380 3370 1502 3431 humih-

149 3466 257 3524 sequar
280 3449 433 3507 consilium
451 3450 491 3509 Μ.
509 3451 601 3519 Tarae,
627 3451 677 3507 uhi
701 3467 778 3508 arnna
800 3455 934 3526 sequenti
957 3452 994 3511 ad
1010 3454 1170 3532 Hipparchi
1195 3472 1307 3527 curura,
1331 3458 1400 3519 Deo
1416 3458 1501 3531 daun,

150 3539 231 3615 prius
261 3539 439 3609 transivere,
472 3540 496 3594 si
529 3537 617 3596 modo
647 3537 717 3595 mihi
747 3555 799 3616 per
829 3540 987 3599 editionem
1012 3544 1296 3601 Commentariorum
1325 3544 1364 3603 de
1387 3546 1500 3605 moab·

149 3624 255 3683 Martis
277 3624 400 3683 licuerit.
446 3625 523 3684 Nam
546 3627 601 3685 etsi
617 3624 781 3699 Vogelinus
801 3630 1002 3698 (typographus
1026 3632 1283 3702 lleidelbergensisl
1308 3642 1403 3693 artem
1426 3632 1499 3691 intel-

149 3712 225 3788 ligit,
248 3714 347 3770 stoacio
372 3719 478 3787 tamen,
502 3732 539 3771 an
562 3729 621 3769 noa
641 3715 696 3770 itcr
718 3712 790 3769 milri
812 3711 904 3770 nihilo
920 3715 1015 3772 minus
1031 3714 1262 3789 lleidelbergam
1279 3723 1318 3777 sit
1334 3720 1495 3780 dedendam

149 3797 229 3874 qaod
252 3797 300 3856 vel
326 3799 521 3860 bibliothecae
544 3817 633 3859 cerusa
656 3799 731 3857 alias
755 3800 878 3858 iacerem
882 3845 986 3862 .....
1032 3802 1173 3880 Superius
1205 3810 1292 3883 coepi
1323 3811 1448 3869 scribae
1465 3804 1495 3865 de

149 3889 312 3945 Commeat.
335 3886 440 3945 Martis
464 3891 548 3963 quasi
571 3887 608 3945 ad
631 3889 781 3945 scientem.
826 3886 899 3969 Pars
921 3890 1077 3964 pecuniae,
1102 3908 1190 3967 quum
1214 3911 1231 3951 a
1257 3894 1389 3955 Caesare
1409 3896 1494 3971 scarpi

149 3990 200 4050 per
221 3990 327 4031 manias
351 3974 387 4030 l).
412 3974 537 4035 Welseri
560 3972 718 4047 sactorum,
744 3977 914 4033 transmissa
937 3984 982 4034 est
1005 3976 1043 4034 ad
1068 3978 1264 4053 Vogelinmn,
1295 3982 1377 4058 qarod
1400 3982 1491 4042 nullus

148 4061 252 4117 scirem
275 4062 491 4140 typographum
515 4065 609 4137 magis
632 4062 784 4121 idoneum:
816 4062 1036 4122 commendatus
1065 4068 1174 4143 qnippe
1198 4068 1270 4125 mihi
1301 4072 1355 4128 tuit
1379 4074 1416 4129 ab
1435 4074 1490 4129 sris

149 4146 392 4222 intelligentibus.
441 4150 568 4223 Figurae
592 4168 718 4208 excusae
750 4157 818 4207 sunt
840 4148 954 4226 Psagae
978 4161 1007 4209 et
1030 4156 1136 4212 missae
1160 4154 1387 4215 Francolurtnm
1408 4172 1488 4218 mem

150 4233 296 4308 Augusto,
320 4237 468 4314 exemplar
491 4255 591 4297 mense
615 4238 779 4314 Septembri
804 4236 943 4316 lipsium.
984 4238 1129 4318 Exspecto
1153 4242 1277 4302 formam
1300 4249 1364 4325 typi
1379 4244 1486 4305 addei-

148 4319 300 4383 brandam.
345 4322 419 4382 Pars
448 4342 518 4384 vero
550 4324 664 4401 reliqua
692 4326 834 4403 pecuniae
857 4342 923 4384 cnm
946 4326 1046 4385 multis
1076 4327 1141 4386 aliis
1164 4347 1183 4388 a
1205 4348 1253 4391 me
1276 4342 1426 4393 consumis
1444 4340 1484 4399 ed,

270 4490 293 4557 *p
322 4496 390 4542 llicit
421 4495 546 4558 Keplerus
574 4497 686 4547 libellum
711 4500 767 4549 Ursi
792 4500 955 4564 inscriptum:
990 4502 1027 4549 lis
1052 4505 1227 4551 astronomicis
1254 4504 1430 4569 hypothesibus
1448 4517 1480 4551 tn

147 4566 281 4620 systemata
300 4566 436 4615 mirrrdano.
475 4569 568 4629 i‘rugso
588 4572 670 4633 1597,
697 4572 727 4619 da
745 4586 796 4635 quo
816 4569 933 4633 pluribus
950 4573 1061 4620 diximus
1080 4572 1131 4625 vol.
1151 4574 1171 4626 l.
1190 4589 1214 4638 p.
1234 4578 1287 4625 uti
1306 4592 1341 4627 ss.
1379 4578 1476 4635 ,um
1539 4594 1543 4663 p

149 4645 180 4678 os
198 4646 249 4695 quo
269 4650 355 4683 sersus
375 4636 416 4683 lric
435 4637 565 4686 ‹lesumtus
583 4647 634 4693 est.
654 4644 824 4705 praemittitur
841 4644 937 4705 textui,
957 4645 1116 4705 isrsesiptum:
1143 4646 1188 4697 ,ln
1207 4659 1299 4695 uovsss
1316 4648 1474 4707 manudu-

146 4714 259 4750 arcorum
283 4702 441 4767 Zoilorum“,
467 4710 546 4756 etsie
566 4711 666 4775 incipit:
696 4712 897 4769 ,scommatibus
921 4715 1010 4761 misero
1038 4728 1077 4761 rao
1099 4715 1196 4773 agitarit
1218 4716 1386 4765 Rotamsauus
1404 4726 1426 4761 et
1442 4712 1472 4759 ¹¹5⁰

146 4768 244 4821 Nobilis
256 4781 413 4824 astronomus
425 4779 535 4838 (scilieet
548 4781 612 4844 ipss)
631 4780 734 4842 Tyeho“
754 4788 779 4830 st
799 4779 883 4833 finito
896 4783 1022 4847 dlsdchis,
1040 4784 1134 4848 qulbus
1147 4788 1261 4851 quiaque
1272 4792 1386 4853 proposit
1395 4780 1469 4849 pade

145 4845 216 4889 mats
234 4844 345 4902 ,aorrre‘
364 4847 426 4915 suis,
443 4860 552 4915 quoram
569 4851 686 4903 alumnus
703 4854 783 4905 verbs
800 4852 877 4915 habet
894 4866 973 4919 supra
989 4866 1007 4904 s
1025 4854 1135 4919 Ksplsso
1152 4854 1239 4911 ull-ts
