3308 5534
144 414 212 485 244
502 411 676 470 Gollccunea
694 426 729 469 aa
746 388 886 468 soutarius
903 410 1139 469 Pullrorienardns.

145 594 287 655 ditionem
309 590 511 655 tautummodo
541 590 579 651 ad
603 590 779 652 anomaliam
810 592 947 661 accentu,
977 591 1033 651 etsi
1064 588 1222 650 distantiae
1247 592 1307 649 sint
1336 591 1376 650 sd
1405 608 1506 651 mom.

145 689 349 759 coaequatam.
389 679 559 738 Differentia
582 691 690 751 autem,
714 695 802 755 quam
819 677 894 750 dixi,
919 677 1053 737 binarum
1074 680 1277 755 oppositarum
1298 678 1507 739 distantiarum

146 780 193 831 eet
213 769 285 829 nihil
308 764 388 829 aliud
411 784 501 845 quam
515 769 597 827 alnas
613 770 798 843 aequatiooia
813 765 851 824 ad
866 765 1113 843 complementum
1128 766 1294 827 anomaliae
1310 774 1505 843 coaequatae.

190 1088 319 1158 operae
340 1084 491 1155 pretium
514 1086 567 1141 eat
588 1081 725 1151 vidore,
747 1086 878 1155 quanta
898 1083 1020 1141 matura
1041 1082 1087 1141 sit
1109 1084 1272 1157 aequatio
1292 1082 1453 1143 maxima

250 1205 391 1265 Biuorum
420 1204 620 1280 oppositorum
647 1219 683 1261 an
707 1200 777 1261 Sola
798 1219 921 1262 arcuum
949 1218 1001 1261 seu
1024 1201 1167 1278 graduum
1198 1206 1324 1263 eceentri
1354 1203 1507 1263 anomalis

147 1290 273 1369 simplex
295 1302 340 1352 est
362 1293 470 1369 exiguo
491 1292 585 1349 minor
604 1296 621 1349 ‘t
638 1288 778 1363 gradibus
801 1292 877 1348 inira
899 1294 940 1349 ta
962 1290 1092 1364 gradum,
1117 1290 1210 1365 major
1224 1307 1314 1367 supra
1328 1290 1416 1351 luere.
1456 1290 1508 1348 ld·

147 1398 204 1457 qua
236 1397 293 1438 non
327 1379 407 1450 iude,
440 1376 519 1453 quod
551 1376 593 1433 illi
623 1376 681 1433 duo
711 1376 819 1451 gradus
848 1394 883 1434 ex
908 1387 1006 1437 centro
1035 1380 1187 1437 ecoentrioi
1216 1394 1274 1434 non
1306 1388 1507 1454 opponuntur,

147 1483 275 1541 namque
299 1482 393 1541 oeque
417 1466 459 1523 illi
492 1471 695 1539 opponuntur,
727 1466 777 1537 qui
806 1464 982 1523 anomaliam
1010 1464 1121 1523 habant
1148 1464 1289 1539 majorem
1312 1472 1330 1523 ‘2
1354 1464 1506 1537 proditius,

147 1555 200 1613 sed
224 1553 300 1624 ideo,
324 1556 394 1629 quia
415 1553 566 1628 propiaret
589 1560 658 1609 sunt
676 1550 801 1625 junctim
825 1558 923 1611 centro
956 1554 1082 1610 virtutis.
1128 1551 1197 1611 Jum
1221 1554 1250 1609 in
1273 1568 1411 1627 apogaeo
1434 1552 1506 1611 ltac-

145 1650 234 1702 tenus
257 1641 410 1717 probatum
434 1648 488 1709 eet,
512 1640 554 1696 ita
577 1655 640 1698 ease
664 1655 763 1696 arcum
786 1642 912 1698 eccentri
936 1639 973 1697 ad
996 1638 1174 1698 anomaliam
1196 1638 1375 1716 simplicem,
1406 1649 1441 1698 ut
1462 1646 1505 1697 est

149 1727 258 1805 gradus
283 1744 357 1785 unua
380 1726 546 1786 anomaliae
575 1735 756 1800 coaequatae
779 1725 817 1785 ad
846 1742 932 1784 suum
960 1744 1058 1785 arcum
1083 1730 1219 1787 accentui.
1264 1726 1363 1801 erate
1386 1742 1454 1785 eum
1477 1728 1506 1785 iu

148 1818 285 1875 curribus
307 1816 433 1874 arcubus
455 1828 541 1872 arcus
563 1815 687 1871 eccontri
710 1814 751 1871 sit
773 1812 899 1871 medium
922 1814 1140 1889 proportionale
1162 1816 1237 1873 iuter
1259 1830 1359 1873 areum
1382 1830 1506 1871 anoma-

150 1902 208 1961 liae
232 1912 412 1977 coaequatae
435 1912 465 1959 et
487 1900 662 1958 anomaliam
686 1899 864 1975 simplicem,
894 1904 950 1959 erit
977 1904 1078 1976 utique
1107 1900 1201 1960 altera
1227 1918 1296 1976 pars
1318 1902 1508 1976 aequatianis

150 2006 265 2064 semper
287 1992 393 2063 exiguo
417 1989 511 2062 maJor
535 1989 562 2044 in
586 2003 735 2061 apogaeo,
762 1990 856 2045 nriuor
884 1988 914 2044 ln
937 1990 1083 2063 perigaeo.
1129 1988 1240 2063 Quodsi
1266 1987 1431 2062 duplicetur
1454 2006 1507 2045 se·

148 2080 249 2152 quatio
273 2078 413 2147 ecceutri,
447 2092 561 2149 semper
584 2077 678 2131 minus
701 2077 910 2143 rranoieccmur,
934 2075 986 2133 aad
1009 2078 1125 2151 exiguo.
1170 2074 1245 2133 Num
1269 2078 1395 2132 nraxinra
1421 2073 1506 2133 dille·

146 2165 240 2221 rontia
263 2173 308 2222 cet
324 2166 351 2218 in
369 2179 517 2237 apogaeo,
541 2162 590 2219 ubi
615 2164 734 2219 minima
756 2172 802 2219 est
824 2163 980 2240 aequatio,
1002 2161 1069 2221 inde
1092 2163 1187 2236 magis
1210 2164 1363 2237 magisque
1388 2161 1505 2221 decres-

148 2253 196 2309 cit.
242 2250 317 2309 Cum
339 2266 409 2323 ergo
431 2266 547 2323 semper
568 2247 634 2323 plue
656 2248 765 2307 lrabeat
792 2250 885 2307 altera
915 2268 982 2324 pars
1004 2251 1205 2324 aequatiouis,
1240 2248 1361 2307 totidem
1384 2254 1505 2307 nurrreto

148 2347 245 2413 partes
268 2337 470 2395 accumulatae
500 2339 527 2391 iu
559 2336 707 2393 anomalia
735 2336 832 2393 media
861 2337 927 2411 plus
952 2335 1052 2393 itidem
1084 2336 1241 2406 lraberent,
1273 2338 1328 2392 nisi
1356 2336 1421 2411 jam
1451 2336 1505 2395 lroc

147 2424 271 2484 alterum
293 2422 454 2493 accederet,
480 2422 558 2499 quod
581 2426 658 2481 circa
681 2424 857 2481 anurualiam
882 2423 1018 2495 mediam,
1042 2441 1082 2482 sc.
1100 2435 1166 2499 post
1191 2422 1255 2493 45⁰,
1280 2425 1345 2499 ipsa
1368 2440 1437 2499 pars
1461 2426 1505 2479 in·

148 2520 230 2587 tegno
253 2510 347 2587 gradu
371 2510 469 2569 debita
491 2514 587 2569 miuus
610 2510 709 2569 halect.
741 2510 787 2567 lta
810 2510 903 2569 altera
925 2527 1016 2569 causa
1039 2509 1160 2569 alteram
1190 2509 1275 2569 tollit.
1315 2510 1505 2569 Desideratus

147 2608 244 2659 tanren
269 2598 487 2668 demonstratio,
513 2615 548 2656 an
565 2600 695 2673 praecise
711 2596 905 2673 duplicandae
928 2600 986 2656 siut
1009 2614 1110 2656 oruues
1124 2596 1341 2674 aequationes?
1376 2597 1504 2657 Primum

146 2695 179 2745 ul
202 2688 318 2744 brevior
348 2684 486 2742 distantia
516 2703 551 2741 ex
574 2687 718 2760 oppositis
748 2688 911 2761 composita
938 2684 976 2744 ad
1000 2684 1168 2743 distantiam
1197 2703 1249 2761 ρετ
1279 2702 1447 2761 apogaeum
1476 2694 1505 2743 et

146 2776 324 2849 poriqaeum,
348 2773 390 2829 eie
412 2771 559 2830 arramalia
581 2772 705 2846 simplex
729 2775 857 2848 suseepti
881 2789 964 2831 arem
979 2775 1103 2832 eccentri
1127 2772 1164 2831 ad
1188 2772 1366 2831 anomaliarn
1389 2772 1505 2849 simpli·

147 2877 211 2919 cem
239 2859 397 2918 consimilia
426 2875 510 2916 arcus
539 2861 567 2915 in
598 2874 741 2934 apogaeo.
789 2859 902 2919 Deinde
934 2868 966 2918 ut
995 2859 1104 2935 gradus
1132 2868 1313 2939 coaequatae
1342 2858 1380 2919 ad
1405 2876 1506 2921 arcum

147 2950 281 3017 eccentri,
304 2949 347 3004 sic
370 2946 416 3003 lric
439 2945 475 3004 ad
500 2944 687 3003 arrarualiorn.
732 2946 801 3021 (Est
824 2947 925 3021 tegula
947 2948 1085 3024 septena.)

252 3033 438 3109 coaequatus
462 3050 512 3108 per
534 3050 617 3091 auam
641 3032 810 3092 distantiam
826 3045 854 3092 et
870 3051 968 3093 areum
992 3035 1117 3093 ecceutri
1142 3033 1191 3092 dat
1214 3052 1297 3092 suam
1315 3032 1505 3103 anomalism,

148 3119 218 3198 quid
241 3121 316 3181 aliua
339 3133 518 3196 coaequatus
541 3138 592 3198 par
620 3120 728 3180 auant?
767 3120 801 3179 Et
824 3120 925 3180 recidit
948 3122 977 3178 ia
1001 3123 1130 3195 regulam
1160 3125 1298 3197 quinque.
1345 3122 1504 3181 llrromalia

147 3211 272 3269 eecerrtri
297 3225 348 3285 ρετ
371 3209 538 3265 distantium
561 3226 725 3283 apogaeum
749 3209 800 3266 dat
822 3226 904 3267 auam
929 3211 1106 3268 anomaliam
1139 3208 1316 3283 simplicem,
1348 3210 1422 3283 quid
1444 3210 1505 3269 alla

147 3295 294 3354 anomalia
317 3297 439 3353 ecceutri
464 3314 515 3370 per
538 3312 620 3352 auam
645 3294 834 3353 distantiam?
868 3295 943 3353 'l'unr
968 3300 1083 3372 ponitus
1107 3297 1136 3351 in
1161 3298 1323 3371 simplicem
1345 3300 1435 3355 trium
1456 3314 1506 3357 ts·

147 3381 262 3458 gulam:
287 3382 425 3441 distantia
453 3399 586 3458 apogaea
609 3381 659 3440 dat
689 3382 866 3441 anomaliarn
890 3383 1067 3459 simplicem,
1103 3383 1198 3459 qualis
1228 3382 1330 3442 ultimo
1361 3380 1505 3443 iuranta'l

149 3469 207 3529 ead
230 3468 263 3527 lit
286 3469 340 3529 lroc
362 3480 448 3546 pacto
472 3470 594 3527 circulus
597 3513 724 3531 ......
