3308 5534
159 419 164 429 ·
244 428 309 500 968
725 427 823 485 ma
839 425 956 485 rauna
970 425 1092 499 uepres.

245 611 395 689 „Fortuna
418 607 485 685 plus
509 625 598 685 quam
622 606 749 669 erudelis
772 608 905 668 inducias
932 623 991 667 non
1019 608 1173 667 concessit.
1217 606 1298 667 Nihil
1333 606 1460 684 quidem
1489 606 1603 684 peruls

244 699 391 776 corporis,
414 695 486 754 nihil
511 699 591 756 vitae
614 714 744 756 meorum
768 698 916 770 imminet,
939 703 970 755 et
992 712 1070 753 rana
1091 694 1165 755 haec
1187 695 1291 754 nubila
1314 694 1461 772 dispellet
1483 694 1604 755 elarini-

244 803 310 847 mus
334 784 467 843 veritatis
496 782 604 844 radius.
649 787 689 842 At
711 786 787 861 perit
816 785 902 844 nobis
931 782 1031 845 recula
1059 791 1158 841 nostre
1188 782 1344 857 tunditus3
1376 783 1506 843 necdum
1534 786 1618 843 enh.

242 873 318 932 finiri
340 880 439 948 potest
461 867 645 947 processus.“
685 870 841 930 Nonnullis
863 872 948 930 aunis
969 878 1039 946 post
1061 871 1176 943 (1623)
1199 868 1236 928 de
1259 869 1382 931 edenda
1405 888 1463 929 sua
1489 872 1603 943 ,datre-

244 961 343 1020 nomia
358 958 487 1017 Lunari“
513 956 587 1018 haee
610 957 660 1015 dat
674 958 877 1035 Bemeggero:
901 957 986 1017 Anne
1002 959 1150 1033 egregium
1172 957 1301 1029 lacinus,
1328 957 1506 1035 eyelopieos
1526 958 1603 1035 bajas

247 1048 387 1124 temporis
411 1062 507 1105 mores
527 1046 604 1104 vivis
627 1045 774 1105 coloribus
797 1045 972 1122 depingere,
995 1044 1047 1104 sed
1071 1045 1215 1103 cautionis
1239 1061 1333 1103 eausa
1359 1048 1447 1104 terris
1470 1062 1537 1105 eum
1557 1046 1601 1105 tali

244 1137 403 1211 scriptione
426 1131 566 1191 excedere
589 1134 677 1207 inque
694 1133 806 1191 Lunam
829 1130 990 1203 secedere?
1021 1130 1207 1206 Quamquam
1223 1131 1296 1206 quid
1313 1134 1510 1208 tergiversari
1522 1133 1603 1207 J'ara·

248 1222 317 1283 bit?
347 1219 471 1279 Missam
495 1221 584 1294 igitur
607 1221 725 1296 penitus
748 1221 891 1279 iaciamus
913 1221 1008 1296 picem
1023 1218 1101 1279 hanc
1115 1217 1267 1295 politicam
1290 1236 1413 1296 uosque
1436 1221 1469 1278 irr
1484 1224 1604 1281 ameni

187 1298 192 1313 “
246 1307 452 1386 philosophiae
478 1307 577 1365 viretis
600 1305 688 1382 plane
711 1307 944 1368 contineamus.“

350 1392 420 1454 Jam
444 1402 532 1452 antea
554 1394 700 1469 Keplerus
724 1394 942 1472 Berneggerum
971 1395 1090 1471 saepius
1120 1411 1172 1471 per
1193 1392 1297 1452 literas
1329 1393 1452 1453 adierat
1476 1396 1602 1453 Anania-

246 1499 347 1543 corum
370 1481 520 1541 Nobilium
544 1483 676 1553 nomine,
701 1484 751 1556 qui
775 1481 843 1540 liliis
867 1481 1053 1558 argentorati
1077 1481 1237 1556 hospitium
1261 1483 1465 1555 quaerebant.
1508 1481 1601 1541 tite·

247 1570 435 1629 arrno'1624
458 1567 591 1627 Lineium
614 1585 733 1627 reverso
756 1586 822 1629 eum
845 1569 940 1629 simile
964 1568 1103 1644 quiddam
1126 1567 1297 1627 orandatum
1322 1580 1422 1640 esset,
1455 1587 1516 1629 nou
1537 1570 1602 1629 alis·

245 1674 316 1716 num
331 1673 395 1716 esse
412 1654 536 1728 ridetur,
561 1655 715 1731 epistolam
730 1656 916 1733 Berneggero
931 1658 1078 1732 scriptam,
1101 1656 1185 1731 enjus
1207 1657 1304 1713 exitus
1321 1654 1386 1716 vol.
1404 1656 1476 1715 vlt.
1493 1675 1522 1733 p.
1540 1664 1602 1717 lit.

247 1743 356 1804 allatus
386 1751 446 1815 est,
479 1743 535 1801 boc
564 1743 631 1802 loeo
661 1742 778 1803 addere.
824 1744 904 1804 Data
933 1751 978 1803 ost
1000 1742 1093 1802 Lineii
1117 1742 1144 1802 d.
1171 1748 1222 1801 29.
1248 1741 1351 1801 Martii
1376 1753 1407 1802 et
1432 1744 1601 1821 Bemeggeri

250 1829 408 1908 respondet
429 1830 522 1888 literis
547 1829 573 1887 d.
600 1835 648 1889 rt.
673 1830 834 1890 Februario
859 1830 945 1904 datis,
969 1831 1078 1906 quibus
1100 1830 1148 1889 hic
1171 1828 1331 1889 nonnullos
1357 1828 1396 1889 de
1411 1830 1502 1890 launa
1523 1830 1602 1889 libret

247 1919 346 1990 affert,
379 1933 454 1993 qnos
483 1915 629 1993 Keplerus
661 1916 698 1975 ad
729 1919 946 1979 Astronomiam
977 1916 1122 1977 Lunarem
1152 1916 1297 1976 edendam
1331 1921 1431 1993 possit
1463 1918 1602 1978 adhibere.

247 2005 370 2082 Scripsit
398 2011 497 2064 autem
524 2004 611 2063 haec:
646 2003 727 2079 Quas
759 2005 796 2063 ad
821 2023 867 2065 ms
898 2004 1004 2065 dedisti
1033 2005 1133 2064 literas
1163 2003 1386 2063 Miitsehelinus
1415 2005 1535 2065 demam
1556 2010 1599 2065 tt.

250 2092 350 2151 Martii
375 2090 511 2151 reddidit.
549 2090 740 2168 Opportunus
763 2091 921 2152 admodum
944 2093 1000 2150 init
1020 2092 1086 2168 ejus
1107 2091 1265 2151 adrentus.
1302 2091 1383 2151 Nam
1411 2093 1519 2153 eadem
1540 2093 1602 2152 beta

249 2181 355 2240 certior
378 2196 444 2237 sum
466 2176 606 2252 redditus,
630 2179 816 2238 tabellarium
840 2180 1077 2255 ldierdingeusem
1106 2178 1144 2238 ad
1169 2194 1221 2237 vos
1245 2180 1369 2238 iturum.
1417 2179 1497 2239 Cum
1526 2182 1601 2255 igit!

248 2266 295 2327 Ill.
320 2275 349 2324 at
372 2264 447 2327 Gen.
473 2265 510 2324 D.
535 2267 572 2324 D.
597 2266 736 2325 Erasmus
758 2268 864 2341 senior,
887 2266 921 2326 L.
944 2267 978 2329 B.
1001 2284 1019 2327 a
1041 2266 1217 2341 Starenberg
1241 2268 1273 2323 in
1288 2265 1436 2340 Riedeelr,
1460 2267 1601 2345 tt'itdpeq

249 2362 278 2414 et
298 2353 489 2426 Lobeustein,
514 2352 679 2412 Comitatus
694 2353 926 2430 Seliaunburgici
950 2362 980 2414 et
1001 2355 1076 2412 arcis
1098 2352 1275 2426 Elerdingae
1292 2353 1456 2426 Dominus,
1481 2359 1511 2413 in
1529 2370 1601 2415 mu·

250 2441 327 2501 datis
350 2440 421 2499 mihi
445 2439 566 2513 dederit,
591 2436 647 2498 0²¹·
669 2441 716 2500 S¹⁰
740 2444 856 2501 nomine
880 2441 919 2501 ad
941 2448 970 2503 te
993 2449 1026 2500 ut
1039 2441 1204 2512 scriberem,
1226 2439 1427 2500 Miitschelini
1451 2444 1602 2518 praesenti

252 2528 288 2588 ds
311 2537 340 2589 te
363 2529 491 2587 namatio
516 2527 610 2587 lucem
633 2529 706 2587 milri
728 2529 881 2606 praetulit,
913 2527 983 2604 quid
1007 2528 1061 2587 abs
1085 2535 1113 2586 te
1136 2545 1189 2603 spo
1211 2544 1269 2585 non
1300 2529 1387 2589 irrita
1418 2533 1483 2606 peti
1505 2540 1601 2607 pessa.

250 2616 327 2676 Sunt
350 2615 392 2674 illi
421 2633 508 2692 quem
532 2615 592 2674 dixi
616 2615 724 2675 Baroni
755 2616 808 2675 lilii
831 2616 905 2690 duo,
936 2615 1006 2676 Joh.
1030 2614 1195 2674 Richardus
1226 2625 1256 2673 et
1280 2615 1435 2692 Georgius
1460 2617 1601 2677 Henrieur.

250 2703 301 2762 illa
320 2707 369 2777 16,
391 2704 447 2762 iste
467 2708 672 2776 lamnarum,
695 2703 800 2763 florida
814 2711 936 2779 uterque
952 2702 1161 2773 adolescentia,
1179 2702 1402 2763 luxuriantibus
1419 2705 1602 2769 inerementi.

251 2789 351 2849 indole
373 2806 532 2866 generosa,
555 2792 672 2865 ingenio
695 2792 759 2850 miti
782 2798 812 2850 et
834 2791 997 2863 tractabili,
1021 2791 1150 2848 moribus
1174 2791 1369 2864 incorruptis,
1404 2802 1438 2850 ut
1462 2796 1515 2867 qui
1536 2790 1602 2851 deu'

251 2881 280 2937 iu
303 2884 463 2954 conspectu
480 2883 632 2953 parentum
649 2877 940 2953 prudentissimorum
964 2886 994 2938 et
1017 2880 1044 2936 in
1060 2878 1264 2955 praesentibus
1288 2881 1431 2937 l'ortunae
1456 2880 1601 2939 saisiant

250 2964 409 3025 insultibus
432 2967 570 3041 pietatem
595 2967 678 3024 unice
703 2966 860 3025 colentium
876 2965 1045 3024 educantur.
1078 2965 1251 3040 Magistrum
1267 2965 1384 3024 liabent
1410 2971 1507 3027 virum
1527 2966 1602 3027 sedn-

251 3060 326 3124 tum,
359 3061 474 3111 tuarum
506 3053 612 3109 artium
644 3053 785 3113 cultorem
815 3060 844 3111 et
870 3060 1044 3112 sectatorem
1072 3069 1131 3113 non
1164 3051 1326 3123 infelicem,
1362 3057 1414 3129 qui
1449 3055 1602 3115 dudum'n

251 3142 393 3200 comitatu
416 3139 646 3198 Tseberrremelii
677 3141 800 3199 Beronis
831 3138 958 3198 Galliam
990 3139 1072 3199 vidit.
1118 3138 1183 3197 Hos
1204 3146 1303 3215 pater,
1336 3144 1493 3215 proiectus
1516 3158 1602 3203 enm·

250 3226 467 3304 cupidissimus,
493 3225 603 3284 diutius
627 3229 762 3302 equidem
786 3245 873 3302 quam
896 3229 959 3304 ipse
984 3226 1083 3298 vellet,
1106 3244 1158 3301 spe
1182 3234 1280 3285 tumen
1306 3227 1465 3289 eluctaudi
1487 3232 1601 3307 primes

251 3315 410 3374 intortunio
433 3314 494 3389 jam
518 3314 672 3387 triennali,
697 3315 774 3373 domi
798 3317 956 3387 continuit3
986 3314 1040 3374 sed
1064 3331 1129 3373 cum
1153 3312 1266 3373 rideret
1289 3326 1427 3375 aetatem
1453 3321 1524 3394 ipsis
1544 3318 1602 3383 labi,

250 3401 369 3462 tandem
397 3399 436 3458 ad
465 3418 519 3458 vos
543 3401 717 3460 emittendos
739 3404 856 3475 statuit,
889 3411 921 3459 ut
952 3403 1060 3476 ingenii
1090 3418 1261 3475 arctumque
1291 3401 1444 3462 culturam
1479 3406 1603 3479 majore·

250 3488 329 3567 apud
361 3496 476 3546 exteros
507 3491 639 3564 interque
673 3488 865 3562 frequentiam
896 3488 1026 3564 aliquam
1057 3488 1218 3547 nobilitatis
1250 3488 1457 3551 Germanicae
1491 3494 1602 3567 caphat

252 3578 326 3636 Cum
348 3584 449 3634 autem
472 3582 501 3635 et
523 3575 562 3633 ab
585 3575 651 3632 aliis
675 3583 704 3633 et
727 3594 744 3633 a
767 3593 822 3648 me,
847 3578 896 3652 qai
920 3576 1111 3652 quotidianus
1126 3577 1218 3650 ipsius
1233 3592 1301 3633 sum
1319 3575 1452 3654 hospes,
1477 3580 1603 3638 tnuri-

253 3674 334 3724 tutes
357 3681 376 3721 a
399 3663 492 3721 multo
516 3671 646 3737 tempore
669 3662 801 3722 audisset
823 3663 999 3739 praedicari,
1028 3673 1155 3737 tuaeque
1178 3661 1356 3721 eruditionis
1381 3666 1562 3742 affectusque
1580 3666 1602 3717 ἰι

250 3753 395 3829 patriam,
429 3752 458 3807 in
489 3751 642 3824 pietatem,
673 3751 702 3805 in
732 3750 831 3809 studia
863 3751 987 3810 honesta
1016 3753 1245 3825 experimentum
1268 3768 1305 3808 cx
1332 3756 1536 3812 monumentis
1556 3755 1603 3809 tuis

249 3840 389 3898 literariis
412 3837 607 3915 percepisset,
640 3838 801 3911 rogandum
826 3847 853 3898 te
877 3839 933 3897 hoc
955 3854 1021 3896 meo
1043 3836 1123 3913 stylo
1145 3839 1276 3906 censuit,
1300 3841 1347 3895 uti
1372 3839 1445 3898 liliis
1469 3844 1532 3901 suis
1550 3856 1603 3899 ru

248 3928 390 4000 magistro
414 3924 554 3982 Fischero
579 3932 607 3982 ot
630 3940 688 3981 uno
712 3928 844 3985 ministro
876 3925 1029 4001 probitatis
1061 3924 1230 3999 exploratae
1254 3923 1481 3987 habitationem
1510 3932 1537 3985 irr
1558 3930 1602 3985 uir

138 4062 140 4067 .
251 4012 386 4081 aedibus,
412 4011 561 4085 aquibus
585 4028 699 4068 omnem
724 4015 815 4071 arceri
839 4013 990 4072 levitatem
1014 4020 1242 4070 consentaneum
1267 4020 1333 4083 est,
1360 4016 1536 4091 victumque
1555 4016 1603 4071 lm·

248 4098 355 4174 galam,
379 4098 529 4156 nobilibus
558 4096 697 4157 studiosis
721 4101 942 4160 convenientem
970 4093 1015 4181 (in
1039 4114 1098 4174 quo
1121 4099 1353 4172 courmensales,
1387 4104 1441 4175 qui
1471 4103 1601 4163 literar·

249 4204 339 4245 eausa
362 4193 533 4259 praesentes
557 4194 648 4257 erunt,
672 4202 730 4244 uon
753 4195 890 4246 recusant
910 4185 963 4245 sed
987 4188 1142 4263 expetunt)
1166 4185 1353 4262 suppedites.
1395 4190 1446 4249 ab
1470 4192 1602 4269 ipaersrr

252 4272 405 4331 Generoso
429 4280 551 4347 parente
574 4273 699 4347 pretium
719 4273 832 4348 justum
857 4283 886 4333 et
908 4276 1067 4345 usitatum,
1090 4290 1144 4332 nec
1166 4275 1244 4331 enim
1269 4277 1297 4330 in
1323 4281 1482 4352 praesenti
1504 4280 1602 4336 turn

246 4360 410 4433 jactantius
439 4357 552 4433 aliquid
575 4358 662 4430 dicit,
693 4364 816 4438 tempori
845 4368 942 4421 tamen
966 4369 996 4420 et
1018 4363 1097 4420 bona
1119 4359 1176 4420 tide
1199 4363 1422 4423 numerandum
1456 4376 1600 4441 exspectes

251 4444 439 4521 Quamquam
463 4460 614 4504 veronen
639 4445 768 4520 dubitat,
799 4455 827 4508 te
850 4456 1002 4525 spectatae
1027 4449 1142 4507 virtutis
1172 4449 1267 4507 virum
1290 4449 1385 4511 tactis
1408 4466 1600 4513 consessu

248 4532 485 4608 laetaturumque
510 4531 545 4591 de
569 4535 692 4593 materia
715 4536 769 4593 tibi
793 4536 894 4595 oblata
916 4537 991 4595 bene
1014 4536 1051 4596 de
1074 4537 1169 4614 putria
1198 4536 1350 4605 pretendi,
1383 4536 1458 4599 dum
1482 4544 1511 4599 irr
1531 4552 1600 4599 eser·

248 4618 353 4678 nandis
377 4619 441 4693 ejus
458 4620 634 4695 praecipuae
649 4621 813 4682 nobilitatis
833 4624 995 4698 juvenibus
1011 4640 1130 4700 operam
1146 4624 1286 4698 erogaris,
1311 4625 1414 4685 rolrrit
1430 4636 1527 4687 tamen
1540 4626 1598 4683 int

250 4705 413 4764 voluntatis
437 4722 510 4764 suae
533 4707 778 4780 significationem
803 4727 854 4787 por
876 4727 922 4769 ms
946 4713 1104 4788 praemitti,
1127 4718 1157 4771 et
1180 4719 1211 4768 ut
1234 4709 1306 4768 liliis
1330 4716 1413 4783 suis,
1439 4726 1507 4791 post
1525 4726 1595 4771 auu

248 4809 378 4851 mensem
410 4795 592 4867 sequuturis,
624 4806 759 4873 paratum
782 4801 821 4856 sit
851 4797 1030 4875 hospitium,
1063 4806 1092 4857 et
1114 4807 1146 4857 ut
1169 4795 1262 4855 literis
1293 4802 1459 4861 nebulone
1486 4800 1594 4879 preth·

248 4881 397 4959 rescriptis
424 4887 508 4941 tuum
531 4881 621 4943 stiam
644 4899 820 4949 consensum
843 4902 934 4965 quam
956 4886 1125 4951 maturrime
1154 4885 1272 4947 testeris
1298 4889 1482 4967 animosque
1506 4898 1592 4967 ptr*
