<?xml version="1.0" encoding="UTF-8"?>
<!DOCTYPE html PUBLIC "-//W3C//DTD XHTML 1.0 Transitional//EN"
    "http://www.w3.org/TR/xhtml1/DTD/xhtml1-transitional.dtd">
<html xmlns="http://www.w3.org/1999/xhtml" xml:lang="en" lang="en">
 <head>
  <title>
</title>
<meta http-equiv="Content-Type" content="text/html;charset=utf-8" />
  <meta name='ocr-system' content='tesseract 3.04.00' />
  <meta name='ocr-capabilities' content='ocr_page ocr_carea ocr_par ocr_line ocrx_word'/>
</head>
<body>
  <div class='ocr_page' id='page_1' title='image "./joanniskepleria00frisgoog/joanniskepleria00frisgoog_0919.png"; bbox 0 0 3308 5534; ppageno 0'>
   <div class='ocr_carea' id='block_1_1' title="bbox 712 406 1424 484">
    <p class='ocr_par' dir='ltr' id='par_1_1' title="bbox 712 406 1424 484">
     <span class='ocr_line' id='line_1_1' title="bbox 712 406 1424 484; baseline 0.001 -21"><span class='ocrx_word' id='word_1_1' title='bbox 712 406 791 465; x_wconf 79' lang='lat' dir='ltr'><strong>sero.</strong></span> <span class='ocrx_word' id='word_1_2' title='bbox 1358 413 1424 484; x_wconf 73' lang='lat'><strong>915</strong></span> 
     </span>
    </p>
   </div>
   <div class='ocr_carea' id='block_1_2' title="bbox 34 582 1424 4861">
    <p class='ocr_par' dir='ltr' id='par_1_2' title="bbox 59 582 1424 1695">
     <span class='ocr_line' id='line_1_2' title="bbox 66 582 1423 670; baseline 0.007 -26"><span class='ocrx_word' id='word_1_3' title='bbox 66 582 326 662; x_wconf 69' lang='lat' dir='ltr'><strong>Hegalburgicum</strong></span> <span class='ocrx_word' id='word_1_4' title='bbox 347 591 378 645; x_wconf 91' lang='lat' dir='ltr'><strong>et</strong></span> <span class='ocrx_word' id='word_1_5' title='bbox 401 601 467 645; x_wconf 89' lang='lat' dir='ltr'><strong>cunr</strong></span> <span class='ocrx_word' id='word_1_6' title='bbox 490 600 526 644; x_wconf 89' lang='lat' dir='ltr'><strong>eo</strong></span> <span class='ocrx_word' id='word_1_7' title='bbox 544 583 595 661; x_wconf 86' lang='lat' dir='ltr'><strong>jus</strong></span> <span class='ocrx_word' id='word_1_8' title='bbox 618 591 792 663; x_wconf 88' lang='lat' dir='ltr'><strong>patronatus</strong></span> <span class='ocrx_word' id='word_1_9' title='bbox 813 583 984 646; x_wconf 85' lang='lat' dir='ltr'><strong>academiae</strong></span> <span class='ocrx_word' id='word_1_10' title='bbox 1003 586 1067 665; x_wconf 73' lang='lat' dir='ltr'><strong>jam</strong></span> <span class='ocrx_word' id='word_1_11' title='bbox 1089 588 1260 668; x_wconf 89' lang='lat' dir='ltr'><strong>inpropriis</strong></span> <span class='ocrx_word' id='word_1_12' title='bbox 1282 594 1423 670; x_wconf 86' lang='lat' dir='ltr'><strong>reputat),</strong></span> 
     </span>
     <span class='ocr_line' id='line_1_3' title="bbox 67 671 1424 751; baseline 0.006 -18"><span class='ocrx_word' id='word_1_13' title='bbox 67 689 107 733; x_wconf 83' lang='lat' dir='ltr'><strong>ex</strong></span> <span class='ocrx_word' id='word_1_14' title='bbox 127 673 214 749; x_wconf 83' lang='lat' dir='ltr'><strong>jussu</strong></span> <span class='ocrx_word' id='word_1_15' title='bbox 235 680 334 733; x_wconf 89' lang='lat' dir='ltr'><strong>tamen</strong></span> <span class='ocrx_word' id='word_1_16' title='bbox 357 675 446 733; x_wconf 89' lang='lat' dir='ltr'><strong>etiarn</strong></span> <span class='ocrx_word' id='word_1_17' title='bbox 470 674 600 731; x_wconf 90' lang='lat' dir='ltr'><strong>omnium</strong></span> <span class='ocrx_word' id='word_1_18' title='bbox 622 671 819 750; x_wconf 85' lang='lat' dir='ltr'><strong>collegarum,</strong></span> <span class='ocrx_word' id='word_1_19' title='bbox 850 688 941 733; x_wconf 82' lang='lat' dir='ltr'><strong>vocor</strong></span> <span class='ocrx_word' id='word_1_20' title='bbox 963 673 1003 735; x_wconf 87' lang='lat' dir='ltr'><strong>ad</strong></span> <span class='ocrx_word' id='word_1_21' title='bbox 1022 676 1234 751; x_wconf 74' lang='lat' dir='ltr'><strong>professionem</strong></span> <span class='ocrx_word' id='word_1_22' title='bbox 1263 677 1346 740; x_wconf 88' lang='lat' dir='ltr'><strong>lllsm</strong></span> <span class='ocrx_word' id='word_1_23' title='bbox 1365 681 1424 741; x_wconf 86' lang='lat' dir='ltr'><strong>sub</strong></span> 
     </span>
     <span class='ocr_line' id='line_1_4' title="bbox 68 756 1422 847; baseline 0.008 -30"><span class='ocrx_word' id='word_1_24' title='bbox 68 756 176 820; x_wconf 89' lang='lat' dir='ltr'><strong>iisdem</strong></span> <span class='ocrx_word' id='word_1_25' title='bbox 199 759 427 834; x_wconf 84' lang='lat' dir='ltr'><strong>conditionibus,</strong></span> <span class='ocrx_word' id='word_1_26' title='bbox 451 760 560 836; x_wconf 91' lang='lat' dir='ltr'><strong>quihus</strong></span> <span class='ocrx_word' id='word_1_27' title='bbox 580 759 628 819; x_wconf 89' lang='lat' dir='ltr'><strong>hic</strong></span> <span class='ocrx_word' id='word_1_28' title='bbox 649 767 812 832; x_wconf 84' lang='lat' dir='ltr'><strong>smteutor,</strong></span> <span class='ocrx_word' id='word_1_29' title='bbox 834 779 854 820; x_wconf 91' lang='lat' dir='ltr'><strong>a</strong></span> <span class='ocrx_word' id='word_1_30' title='bbox 874 760 960 820; x_wconf 84' lang='lat' dir='ltr'><strong>Duce</strong></span> <span class='ocrx_word' id='word_1_31' title='bbox 981 762 1175 838; x_wconf 84' lang='lat' dir='ltr'><strong>praestandis.</strong></span> <span class='ocrx_word' id='word_1_32' title='bbox 1222 764 1300 827; x_wconf 81' lang='lat' dir='ltr'><strong>lices</strong></span> <span class='ocrx_word' id='word_1_33' title='bbox 1322 768 1422 847; x_wconf 83' lang='lat' dir='ltr'><strong>inopi-</strong></span> 
     </span>
     <span class='ocr_line' id='line_1_5' title="bbox 66 845 1424 925; baseline 0.004 -16"><span class='ocrx_word' id='word_1_34' title='bbox 66 853 173 909; x_wconf 85' lang='lat' dir='ltr'><strong>natum</strong></span> <span class='ocrx_word' id='word_1_35' title='bbox 195 845 249 908; x_wconf 84' lang='lat' dir='ltr'><strong>illl.</strong></span> <span class='ocrx_word' id='word_1_36' title='bbox 296 847 361 908; x_wconf 83' lang='lat' dir='ltr'><strong>Hoc</strong></span> <span class='ocrx_word' id='word_1_37' title='bbox 383 850 460 907; x_wconf 89' lang='lat' dir='ltr'><strong>enirn</strong></span> <span class='ocrx_word' id='word_1_38' title='bbox 483 849 508 905; x_wconf 92' lang='lat' dir='ltr'><strong>si</strong></span> <span class='ocrx_word' id='word_1_39' title='bbox 531 849 717 923; x_wconf 87' lang='lat' dir='ltr'><strong>praescisset,</strong></span> <span class='ocrx_word' id='word_1_40' title='bbox 739 846 826 908; x_wconf 89' lang='lat' dir='ltr'><strong>oredo</strong></span> <span class='ocrx_word' id='word_1_41' title='bbox 849 846 905 907; x_wconf 90' lang='lat' dir='ltr'><strong>hoe</strong></span> <span class='ocrx_word' id='word_1_42' title='bbox 927 847 999 907; x_wconf 90' lang='lat' dir='ltr'><strong>mihi</strong></span> <span class='ocrx_word' id='word_1_43' title='bbox 1020 849 1111 911; x_wconf 84' lang='lat' dir='ltr'><strong>luisse</strong></span> <span class='ocrx_word' id='word_1_44' title='bbox 1133 851 1289 925; x_wconf 75' lang='lat' dir='ltr'><strong>dicturum,</strong></span> <span class='ocrx_word' id='word_1_45' title='bbox 1309 857 1424 914; x_wconf 85' lang='lat' dir='ltr'><strong>consti-</strong></span> 
     </span>
     <span class='ocr_line' id='line_1_6' title="bbox 66 933 1422 1018; baseline 0.006 -23"><span class='ocrx_word' id='word_1_46' title='bbox 66 936 162 995; x_wconf 72' lang='lat' dir='ltr'><strong>tuhso</strong></span> <span class='ocrx_word' id='word_1_47' title='bbox 182 951 217 995; x_wconf 83' lang='lat' dir='ltr'><strong>se</strong></span> <span class='ocrx_word' id='word_1_48' title='bbox 239 938 365 1013; x_wconf 88' lang='lat' dir='ltr'><strong>patriam</strong></span> <span class='ocrx_word' id='word_1_49' title='bbox 386 933 602 1010; x_wconf 72' lang='lat' dir='ltr'><strong>periclitantem</strong></span> <span class='ocrx_word' id='word_1_50' title='bbox 624 934 767 1008; x_wconf 89' lang='lat' dir='ltr'><strong>deserere,</strong></span> <span class='ocrx_word' id='word_1_51' title='bbox 790 935 954 996; x_wconf 89' lang='lat' dir='ltr'><strong>stadiorum</strong></span> <span class='ocrx_word' id='word_1_52' title='bbox 975 936 1076 998; x_wconf 90' lang='lat' dir='ltr'><strong>sedern</strong></span> <span class='ocrx_word' id='word_1_53' title='bbox 1098 942 1127 997; x_wconf 91' lang='lat' dir='ltr'><strong>lu</strong></span> <span class='ocrx_word' id='word_1_54' title='bbox 1149 942 1305 1001; x_wconf 88' lang='lat' dir='ltr'><strong>maritimis</strong></span> <span class='ocrx_word' id='word_1_55' title='bbox 1327 957 1422 1018; x_wconf 80' lang='lat' dir='ltr'><strong>quaa·</strong></span> 
     </span>
     <span class='ocr_line' id='line_1_7' title="bbox 64 1020 1422 1105; baseline 0.005 -22"><span class='ocrx_word' id='word_1_56' title='bbox 64 1038 142 1083; x_wconf 82' lang='lat' dir='ltr'><strong>rere.</strong></span> <span class='ocrx_word' id='word_1_57' title='bbox 186 1020 257 1082; x_wconf 84' lang='lat' dir='ltr'><strong>Jsm</strong></span> <span class='ocrx_word' id='word_1_58' title='bbox 280 1022 338 1082; x_wconf 85' lang='lat' dir='ltr'><strong>hoo</strong></span> <span class='ocrx_word' id='word_1_59' title='bbox 359 1021 462 1083; x_wconf 90' lang='lat' dir='ltr'><strong>audito</strong></span> <span class='ocrx_word' id='word_1_60' title='bbox 490 1020 627 1082; x_wconf 85' lang='lat' dir='ltr'><strong>discessit</strong></span> <span class='ocrx_word' id='word_1_61' title='bbox 648 1020 699 1081; x_wconf 88' lang='lat' dir='ltr'><strong>ille</strong></span> <span class='ocrx_word' id='word_1_62' title='bbox 721 1038 741 1082; x_wconf 92' lang='lat' dir='ltr'><strong>a</strong></span> <span class='ocrx_word' id='word_1_63' title='bbox 761 1038 824 1095; x_wconf 90' lang='lat' dir='ltr'><strong>me,</strong></span> <span class='ocrx_word' id='word_1_64' title='bbox 853 1039 890 1082; x_wconf 91' lang='lat' dir='ltr'><strong>ne</strong></span> <span class='ocrx_word' id='word_1_65' title='bbox 921 1024 1043 1084; x_wconf 84' lang='lat' dir='ltr'><strong>verbnm</strong></span> <span class='ocrx_word' id='word_1_66' title='bbox 1072 1025 1190 1103; x_wconf 87' lang='lat' dir='ltr'><strong>quidem</strong></span> <span class='ocrx_word' id='word_1_67' title='bbox 1212 1029 1362 1105; x_wconf 77' lang='lat' dir='ltr'><strong>proterens</strong></span> <span class='ocrx_word' id='word_1_68' title='bbox 1384 1028 1422 1090; x_wconf 86' lang='lat' dir='ltr'><strong>ds</strong></span> 
     </span>
     <span class='ocr_line' id='line_1_8' title="bbox 64 1107 1422 1192; baseline 0.006 -23"><span class='ocrx_word' id='word_1_69' title='bbox 64 1107 141 1183; x_wconf 82' lang='lat' dir='ltr'><strong>fllia,</strong></span> <span class='ocrx_word' id='word_1_70' title='bbox 156 1108 249 1169; x_wconf 87' lang='lat' dir='ltr'><strong>literis</strong></span> <span class='ocrx_word' id='word_1_71' title='bbox 264 1118 362 1171; x_wconf 74' lang='lat' dir='ltr'><strong>umen</strong></span> <span class='ocrx_word' id='word_1_72' title='bbox 377 1110 545 1169; x_wconf 76' lang='lat' dir='ltr'>subsecutis</span> <span class='ocrx_word' id='word_1_73' title='bbox 560 1107 698 1183; x_wconf 73' lang='lat' dir='ltr'>ostendit,</span> <span class='ocrx_word' id='word_1_74' title='bbox 720 1125 753 1169; x_wconf 90' lang='lat' dir='ltr'><strong>se</strong></span> <span class='ocrx_word' id='word_1_75' title='bbox 767 1116 897 1186; x_wconf 88' lang='lat' dir='ltr'><strong>perstare</strong></span> <span class='ocrx_word' id='word_1_76' title='bbox 911 1113 941 1169; x_wconf 92' lang='lat' dir='ltr'><strong>iu</strong></span> <span class='ocrx_word' id='word_1_77' title='bbox 956 1113 1117 1188; x_wconf 87' lang='lat' dir='ltr'><strong>proposito.</strong></span> <span class='ocrx_word' id='word_1_78' title='bbox 1150 1114 1297 1192; x_wconf 77' lang='lat' dir='ltr'><strong>Exspecto</strong></span> <span class='ocrx_word' id='word_1_79' title='bbox 1312 1130 1422 1176; x_wconf 75' lang='lat' dir='ltr'><strong>novam</strong></span> 
     </span>
     <span class='ocr_line' id='line_1_9' title="bbox 64 1195 1423 1277; baseline 0.006 -20"><span class='ocrx_word' id='word_1_80' title='bbox 64 1196 246 1257; x_wconf 83' lang='lat' dir='ltr'><strong>machinam.</strong></span> <span class='ocrx_word' id='word_1_81' title='bbox 291 1199 355 1274; x_wconf 84' lang='lat' dir='ltr'><strong>Ego</strong></span> <span class='ocrx_word' id='word_1_82' title='bbox 378 1199 477 1256; x_wconf 91' lang='lat' dir='ltr'><strong>ornnia</strong></span> <span class='ocrx_word' id='word_1_83' title='bbox 498 1195 703 1257; x_wconf 69' lang='lat' dir='ltr'><strong>liberalissime</strong></span> <span class='ocrx_word' id='word_1_84' title='bbox 727 1205 757 1255; x_wconf 85' lang='lat' dir='ltr'><strong>et</strong></span> <span class='ocrx_word' id='word_1_85' title='bbox 778 1197 875 1256; x_wconf 85' lang='lat' dir='ltr'><strong>scribo</strong></span> <span class='ocrx_word' id='word_1_86' title='bbox 898 1206 928 1257; x_wconf 91' lang='lat' dir='ltr'><strong>et</strong></span> <span class='ocrx_word' id='word_1_87' title='bbox 949 1199 1027 1257; x_wconf 85' lang='lat' dir='ltr'><strong>iacio</strong></span> <span class='ocrx_word' id='word_1_88' title='bbox 1050 1202 1154 1276; x_wconf 87' lang='lat' dir='ltr'><strong>etism,</strong></span> <span class='ocrx_word' id='word_1_89' title='bbox 1178 1220 1254 1277; x_wconf 88' lang='lat' dir='ltr'><strong>quaa</strong></span> <span class='ocrx_word' id='word_1_90' title='bbox 1276 1202 1316 1262; x_wconf 88' lang='lat' dir='ltr'><strong>ad</strong></span> <span class='ocrx_word' id='word_1_91' title='bbox 1337 1203 1423 1265; x_wconf 92' lang='lat' dir='ltr'><strong>illum</strong></span> 
     </span>
     <span class='ocr_line' id='line_1_10' title="bbox 59 1282 1422 1363; baseline 0.007 -20"><span class='ocrx_word' id='word_1_92' title='bbox 59 1283 232 1363; x_wconf 81' lang='lat' dir='ltr'><strong>¹juvandum</strong></span> <span class='ocrx_word' id='word_1_93' title='bbox 256 1289 408 1360; x_wconf 81' lang='lat' dir='ltr'><strong>pertinent,</strong></span> <span class='ocrx_word' id='word_1_94' title='bbox 431 1282 484 1343; x_wconf 83' lang='lat' dir='ltr'><strong>serl</strong></span> <span class='ocrx_word' id='word_1_95' title='bbox 506 1285 537 1341; x_wconf 91' lang='lat' dir='ltr'><strong>in</strong></span> <span class='ocrx_word' id='word_1_96' title='bbox 555 1282 741 1359; x_wconf 87' lang='lat' dir='ltr'><strong>generalibus</strong></span> <span class='ocrx_word' id='word_1_97' title='bbox 755 1300 872 1357; x_wconf 85' lang='lat' dir='ltr'><strong>maneo,</strong></span> <span class='ocrx_word' id='word_1_98' title='bbox 893 1284 1038 1361; x_wconf 85' lang='lat' dir='ltr'><strong>speciales</strong></span> <span class='ocrx_word' id='word_1_99' title='bbox 1061 1287 1125 1363; x_wconf 86' lang='lat' dir='ltr'><strong>ejtrs</strong></span> <span class='ocrx_word' id='word_1_100' title='bbox 1147 1288 1422 1352; x_wconf 79' lang='lat' dir='ltr'><strong>eunomioeutiooes</strong></span> 
     </span>
     <span class='ocr_line' id='line_1_11' title="bbox 64 1368 1421 1453; baseline 0.006 -22"><span class='ocrx_word' id='word_1_101' title='bbox 64 1371 224 1432; x_wconf 90' lang='lat' dir='ltr'><strong>dissimulo</strong></span> <span class='ocrx_word' id='word_1_102' title='bbox 248 1381 300 1432; x_wconf 89' lang='lat' dir='ltr'><strong>aut</strong></span> <span class='ocrx_word' id='word_1_103' title='bbox 322 1373 438 1430; x_wconf 89' lang='lat' dir='ltr'><strong>silentio</strong></span> <span class='ocrx_word' id='word_1_104' title='bbox 462 1378 623 1447; x_wconf 88' lang='lat' dir='ltr'><strong>praetereo.</strong></span> <span class='ocrx_word' id='word_1_105' title='bbox 660 1368 711 1430; x_wconf 78' lang='lat' dir='ltr'><strong>Sic</strong></span> <span class='ocrx_word' id='word_1_106' title='bbox 726 1373 803 1430; x_wconf 90' lang='lat' dir='ltr'><strong>enlm</strong></span> <span class='ocrx_word' id='word_1_107' title='bbox 826 1380 872 1431; x_wconf 88' lang='lat' dir='ltr'><strong>est</strong></span> <span class='ocrx_word' id='word_1_108' title='bbox 894 1374 983 1432; x_wconf 92' lang='lat' dir='ltr'><strong>moris</strong></span> <span class='ocrx_word' id='word_1_109' title='bbox 1007 1375 1035 1430; x_wconf 92' lang='lat' dir='ltr'><strong>ia</strong></span> <span class='ocrx_word' id='word_1_110' title='bbox 1051 1373 1182 1450; x_wconf 80' lang='lat' dir='ltr'><strong>Austris,</strong></span> <span class='ocrx_word' id='word_1_111' title='bbox 1204 1384 1239 1435; x_wconf 92' lang='lat' dir='ltr'><strong>at</strong></span> <span class='ocrx_word' id='word_1_112' title='bbox 1259 1384 1345 1453; x_wconf 83' lang='lat' dir='ltr'><strong>poter</strong></span> <span class='ocrx_word' id='word_1_113' title='bbox 1367 1394 1421 1439; x_wconf 81' lang='lat' dir='ltr'><strong>ex-</strong></span> 
     </span>
     <span class='ocr_line' id='line_1_12' title="bbox 62 1456 1421 1542; baseline 0.007 -25"><span class='ocrx_word' id='word_1_114' title='bbox 62 1460 178 1537; x_wconf 88' lang='lat' dir='ltr'><strong>pressis</strong></span> <span class='ocrx_word' id='word_1_115' title='bbox 202 1460 298 1518; x_wconf 84' lang='lat' dir='ltr'><strong>verbis</strong></span> <span class='ocrx_word' id='word_1_116' title='bbox 321 1476 372 1535; x_wconf 91' lang='lat' dir='ltr'><strong>por</strong></span> <span class='ocrx_word' id='word_1_117' title='bbox 395 1456 517 1517; x_wconf 86' lang='lat' dir='ltr'><strong>idoneos</strong></span> <span class='ocrx_word' id='word_1_118' title='bbox 539 1457 673 1517; x_wconf 89' lang='lat' dir='ltr'><strong>homines</strong></span> <span class='ocrx_word' id='word_1_119' title='bbox 695 1466 829 1534; x_wconf 89' lang='lat' dir='ltr'><strong>rogetur,</strong></span> <span class='ocrx_word' id='word_1_120' title='bbox 857 1460 965 1534; x_wconf 88' lang='lat' dir='ltr'><strong>quibua</strong></span> <span class='ocrx_word' id='word_1_121' title='bbox 993 1459 1076 1521; x_wconf 85' lang='lat' dir='ltr'><strong>velut</strong></span> <span class='ocrx_word' id='word_1_122' title='bbox 1096 1463 1288 1540; x_wconf 89' lang='lat' dir='ltr'><strong>sponsoribus</strong></span> <span class='ocrx_word' id='word_1_123' title='bbox 1309 1467 1421 1542; x_wconf 86' lang='lat' dir='ltr'><strong>petitor</strong></span> 
     </span>
     <span class='ocr_line' id='line_1_13' title="bbox 60 1546 1416 1628; baseline 0.005 -21"><span class='ocrx_word' id='word_1_124' title='bbox 60 1553 205 1607; x_wconf 82' lang='lat' dir='ltr'><strong>teneatur</strong></span> <span class='ocrx_word' id='word_1_125' title='bbox 226 1546 383 1621; x_wconf 79' lang='lat' dir='ltr'><strong>obligatae,</strong></span> <span class='ocrx_word' id='word_1_126' title='bbox 407 1554 440 1604; x_wconf 89' lang='lat' dir='ltr'><strong>ut</strong></span> <span class='ocrx_word' id='word_1_127' title='bbox 461 1554 588 1620; x_wconf 89' lang='lat' dir='ltr'><strong>nequeat</strong></span> <span class='ocrx_word' id='word_1_128' title='bbox 610 1547 726 1605; x_wconf 89' lang='lat' dir='ltr'><strong>actione</strong></span> <span class='ocrx_word' id='word_1_129' title='bbox 748 1561 804 1604; x_wconf 87' lang='lat' dir='ltr'><strong>sua</strong></span> <span class='ocrx_word' id='word_1_130' title='bbox 818 1552 886 1606; x_wconf 91' lang='lat' dir='ltr'><strong>aute</strong></span> <span class='ocrx_word' id='word_1_131' title='bbox 901 1564 1074 1624; x_wconf 90' lang='lat' dir='ltr'><strong>responsum</strong></span> <span class='ocrx_word' id='word_1_132' title='bbox 1096 1559 1249 1628; x_wconf 85' lang='lat' dir='ltr'><strong>acceptum</strong></span> <span class='ocrx_word' id='word_1_133' title='bbox 1265 1549 1416 1614; x_wconf 80' lang='lat' dir='ltr'><strong>desistore.</strong></span> 
     </span>
     <span class='ocr_line' id='line_1_14' title="bbox 63 1631 564 1695; baseline -0.008 0"><span class='ocrx_word' id='word_1_134' title='bbox 63 1632 153 1695; x_wconf 81' lang='lat' dir='ltr'><strong>Haeo</strong></span> <span class='ocrx_word' id='word_1_135' title='bbox 176 1632 318 1693; x_wconf 87' lang='lat' dir='ltr'><strong>baeterrae</strong></span> <span class='ocrx_word' id='word_1_136' title='bbox 341 1631 376 1694; x_wconf 91' lang='lat' dir='ltr'><strong>de</strong></span> <span class='ocrx_word' id='word_1_137' title='bbox 399 1632 564 1693; x_wconf 87' lang='lat' dir='ltr'><strong>Bartschio.</strong></span> 
     </span>
    </p>

    <p class='ocr_par' dir='ltr' id='par_1_3' title="bbox 34 1719 1419 2672">
     <span class='ocr_line' id='line_1_15' title="bbox 172 1719 1418 1799; baseline 0.006 -18"><span class='ocrx_word' id='word_1_138' title='bbox 172 1721 366 1781; x_wconf 86' lang='lat' dir='ltr'><strong>Rostochium</strong></span> <span class='ocrx_word' id='word_1_139' title='bbox 389 1719 469 1796; x_wconf 91' lang='lat' dir='ltr'><strong>quod</strong></span> <span class='ocrx_word' id='word_1_140' title='bbox 491 1721 606 1792; x_wconf 86' lang='lat' dir='ltr'><strong>attinet,</strong></span> <span class='ocrx_word' id='word_1_141' title='bbox 628 1721 686 1779; x_wconf 90' lang='lat' dir='ltr'><strong>etsi</strong></span> <span class='ocrx_word' id='word_1_142' title='bbox 706 1720 784 1778; x_wconf 94' lang='lat' dir='ltr'><strong>omui</strong></span> <span class='ocrx_word' id='word_1_143' title='bbox 801 1723 972 1798; x_wconf 77' lang='lat' dir='ltr'><strong>exceptione</strong></span> <span class='ocrx_word' id='word_1_144' title='bbox 986 1722 1081 1799; x_wconf 84' lang='lat' dir='ltr'><strong>major</strong></span> <span class='ocrx_word' id='word_1_145' title='bbox 1102 1733 1148 1784; x_wconf 89' lang='lat' dir='ltr'><strong>est</strong></span> <span class='ocrx_word' id='word_1_146' title='bbox 1168 1728 1293 1787; x_wconf 73' lang='lat' dir='ltr'><strong>nucina</strong></span> <span class='ocrx_word' id='word_1_147' title='bbox 1309 1726 1418 1788; x_wconf 77' lang='lat' dir='ltr'><strong>rolan-</strong></span> 
     </span>
     <span class='ocr_line' id='line_1_16' title="bbox 62 1806 1419 1885; baseline 0.003 -14"><span class='ocrx_word' id='word_1_148' title='bbox 62 1810 141 1871; x_wconf 83' lang='lat' dir='ltr'><strong>tstis</strong></span> <span class='ocrx_word' id='word_1_149' title='bbox 160 1808 254 1868; x_wconf 88' lang='lat' dir='ltr'><strong>Ducis</strong></span> <span class='ocrx_word' id='word_1_150' title='bbox 277 1806 472 1880; x_wconf 81' lang='lat' dir='ltr'><strong>Fridlaudiae,</strong></span> <span class='ocrx_word' id='word_1_151' title='bbox 496 1823 561 1883; x_wconf 88' lang='lat' dir='ltr'><strong>ego·</strong></span> <span class='ocrx_word' id='word_1_152' title='bbox 574 1813 673 1866; x_wconf 83' lang='lat' dir='ltr'><strong>tamen</strong></span> <span class='ocrx_word' id='word_1_153' title='bbox 695 1807 807 1884; x_wconf 89' lang='lat' dir='ltr'><strong>primae</strong></span> <span class='ocrx_word' id='word_1_154' title='bbox 828 1806 898 1867; x_wconf 90' lang='lat' dir='ltr'><strong>huie</strong></span> <span class='ocrx_word' id='word_1_155' title='bbox 919 1807 1126 1885; x_wconf 78' lang='lat' dir='ltr'><strong>significationi</strong></span> <span class='ocrx_word' id='word_1_156' title='bbox 1157 1818 1266 1876; x_wconf 88' lang='lat' dir='ltr'><strong>temere</strong></span> <span class='ocrx_word' id='word_1_157' title='bbox 1288 1831 1348 1876; x_wconf 89' lang='lat' dir='ltr'><strong>non</strong></span> <span class='ocrx_word' id='word_1_158' title='bbox 1370 1819 1419 1875; x_wconf 89' lang='lat' dir='ltr'><strong>iu-</strong></span> 
     </span>
     <span class='ocr_line' id='line_1_17' title="bbox 60 1893 1419 1979; baseline 0.004 -22"><span class='ocrx_word' id='word_1_159' title='bbox 60 1898 145 1961; x_wconf 76' lang='lat' dir='ltr'><strong>nltor</strong></span> <span class='ocrx_word' id='word_1_160' title='bbox 166 1903 283 1974; x_wconf 91' lang='lat' dir='ltr'><strong>proptor</strong></span> <span class='ocrx_word' id='word_1_161' title='bbox 305 1895 365 1957; x_wconf 88' lang='lat' dir='ltr'><strong>alia</strong></span> <span class='ocrx_word' id='word_1_162' title='bbox 387 1893 534 1968; x_wconf 89' lang='lat' dir='ltr'><strong>mandata,</strong></span> <span class='ocrx_word' id='word_1_163' title='bbox 557 1895 743 1970; x_wconf 87' lang='lat' dir='ltr'><strong>paucissimis</strong></span> <span class='ocrx_word' id='word_1_164' title='bbox 758 1901 827 1955; x_wconf 91' lang='lat' dir='ltr'><strong>aute</strong></span> <span class='ocrx_word' id='word_1_165' title='bbox 850 1894 953 1955; x_wconf 89' lang='lat' dir='ltr'><strong>diebus</strong></span> <span class='ocrx_word' id='word_1_166' title='bbox 976 1895 1054 1970; x_wconf 86' lang='lat' dir='ltr'><strong>deta,</strong></span> <span class='ocrx_word' id='word_1_167' title='bbox 1078 1898 1186 1973; x_wconf 91' lang='lat' dir='ltr'><strong>quibus</strong></span> <span class='ocrx_word' id='word_1_168' title='bbox 1208 1918 1292 1961; x_wconf 88' lang='lat' dir='ltr'><strong>mora</strong></span> <span class='ocrx_word' id='word_1_169' title='bbox 1305 1900 1419 1979; x_wconf 76' lang='lat' dir='ltr'><strong>begam</strong></span> 
     </span>
     <span class='ocr_line' id='line_1_18' title="bbox 61 1980 1418 2056; baseline 0.004 -11"><span class='ocrx_word' id='word_1_170' title='bbox 61 1984 210 2045; x_wconf 71' lang='lat' dir='ltr'><strong>contineri</strong></span> <span class='ocrx_word' id='word_1_171' title='bbox 233 1983 357 2042; x_wconf 85' lang='lat' dir='ltr'><strong>ridetur.</strong></span> <span class='ocrx_word' id='word_1_172' title='bbox 403 1980 522 2039; x_wconf 86' lang='lat' dir='ltr'><strong>Interim</strong></span> <span class='ocrx_word' id='word_1_173' title='bbox 546 1991 643 2041; x_wconf 89' lang='lat' dir='ltr'><strong>tamen</strong></span> <span class='ocrx_word' id='word_1_174' title='bbox 666 1980 905 2056; x_wconf 85' lang='lat' dir='ltr'><strong>promtitudincm</strong></span> <span class='ocrx_word' id='word_1_175' title='bbox 927 1999 1023 2043; x_wconf 82' lang='lat' dir='ltr'><strong>meam</strong></span> <span class='ocrx_word' id='word_1_176' title='bbox 1045 1985 1161 2045; x_wconf 89' lang='lat' dir='ltr'><strong>ostendi</strong></span> <span class='ocrx_word' id='word_1_177' title='bbox 1185 2003 1252 2048; x_wconf 87' lang='lat' dir='ltr'><strong>eum</strong></span> <span class='ocrx_word' id='word_1_178' title='bbox 1273 1988 1321 2048; x_wconf 75' lang='lat' dir='ltr'><strong>hb</strong></span> <span class='ocrx_word' id='word_1_179' title='bbox 1342 2006 1418 2050; x_wconf 82' lang='lat' dir='ltr'><strong>eos·</strong></span> 
     </span>
     <span class='ocr_line' id='line_1_19' title="bbox 61 2067 1417 2155; baseline 0.004 -24"><span class='ocrx_word' id='word_1_180' title='bbox 61 2070 243 2131; x_wconf 71' lang='lat' dir='ltr'><strong>ditionibus:</strong></span> <span class='ocrx_word' id='word_1_181' title='bbox 269 2069 300 2146; x_wconf 86' lang='lat' dir='ltr'><strong>l)</strong></span> <span class='ocrx_word' id='word_1_182' title='bbox 323 2069 354 2129; x_wconf 85' lang='lat' dir='ltr'><strong>Si</strong></span> <span class='ocrx_word' id='word_1_183' title='bbox 378 2071 512 2145; x_wconf 88' lang='lat' dir='ltr'><strong>princeps</strong></span> <span class='ocrx_word' id='word_1_184' title='bbox 535 2069 599 2144; x_wconf 88' lang='lat' dir='ltr'><strong>ipse</strong></span> <span class='ocrx_word' id='word_1_185' title='bbox 621 2086 641 2127; x_wconf 93' lang='lat' dir='ltr'><strong>a</strong></span> <span class='ocrx_word' id='word_1_186' title='bbox 663 2067 789 2128; x_wconf 81' lang='lat' dir='ltr'><strong>Caesare</strong></span> <span class='ocrx_word' id='word_1_187' title='bbox 811 2069 883 2128; x_wconf 90' lang='lat' dir='ltr'><strong>mihi</strong></span> <span class='ocrx_word' id='word_1_188' title='bbox 905 2072 1023 2130; x_wconf 79' lang='lat' dir='ltr'><strong>veniam</strong></span> <span class='ocrx_word' id='word_1_189' title='bbox 1045 2074 1195 2149; x_wconf 87' lang='lat' dir='ltr'><strong>impetret,</strong></span> <span class='ocrx_word' id='word_1_190' title='bbox 1223 2073 1257 2155; x_wconf 77' lang='grc' dir='ltr'>ι)</span> <span class='ocrx_word' id='word_1_191' title='bbox 1275 2077 1311 2149; x_wconf 82' lang='lat' dir='ltr'><strong>sl,</strong></span> <span class='ocrx_word' id='word_1_192' title='bbox 1335 2076 1417 2153; x_wconf 91' lang='lat' dir='ltr'><strong>quod</strong></span> 
     </span>
     <span class='ocr_line' id='line_1_20' title="bbox 59 2154 1418 2238; baseline 0.004 -19"><span class='ocrx_word' id='word_1_193' title='bbox 59 2164 137 2219; x_wconf 81' lang='lat' dir='ltr'><strong>ants</strong></span> <span class='ocrx_word' id='word_1_194' title='bbox 158 2174 267 2217; x_wconf 89' lang='lat' dir='ltr'><strong>aunum</strong></span> <span class='ocrx_word' id='word_1_195' title='bbox 289 2156 359 2214; x_wconf 89' lang='lat' dir='ltr'><strong>milri</strong></span> <span class='ocrx_word' id='word_1_196' title='bbox 383 2174 419 2215; x_wconf 83' lang='lat' dir='ltr'><strong>er</strong></span> <span class='ocrx_word' id='word_1_197' title='bbox 443 2155 551 2214; x_wconf 90' lang='lat' dir='ltr'><strong>ducatu</strong></span> <span class='ocrx_word' id='word_1_198' title='bbox 573 2154 828 2232; x_wconf 80' lang='lat' dir='ltr'><strong>Mechelburgensi</strong></span> <span class='ocrx_word' id='word_1_199' title='bbox 850 2158 985 2233; x_wconf 82' lang='lat' dir='ltr'><strong>promisit</strong></span> <span class='ocrx_word' id='word_1_200' title='bbox 1005 2175 1038 2218; x_wconf 87' lang='lat' dir='ltr'><strong>se</strong></span> <span class='ocrx_word' id='word_1_201' title='bbox 1060 2170 1364 2238; x_wconf 67' lang='lat' dir='ltr'><strong>repraesentaturam,</strong></span> <span class='ocrx_word' id='word_1_202' title='bbox 1386 2164 1418 2224; x_wconf 87' lang='lat' dir='ltr'><strong>id</strong></span> 
     </span>
     <span class='ocr_line' id='line_1_21' title="bbox 59 2243 1418 2322; baseline 0.006 -17"><span class='ocrx_word' id='word_1_203' title='bbox 59 2261 145 2305; x_wconf 87' lang='lat' dir='ltr'><strong>nanc</strong></span> <span class='ocrx_word' id='word_1_204' title='bbox 170 2243 323 2303; x_wconf 86' lang='lat' dir='ltr'><strong>Roetocbii</strong></span> <span class='ocrx_word' id='word_1_205' title='bbox 352 2249 564 2320; x_wconf 89' lang='lat' dir='ltr'><strong>repraesentet,</strong></span> <span class='ocrx_word' id='word_1_206' title='bbox 594 2243 770 2303; x_wconf 90' lang='lat' dir='ltr'><strong>solutionem</strong></span> <span class='ocrx_word' id='word_1_207' title='bbox 792 2259 834 2304; x_wconf 77' lang='lat' dir='ltr'><strong>so.</strong></span> <span class='ocrx_word' id='word_1_208' title='bbox 864 2247 993 2304; x_wconf 89' lang='lat' dir='ltr'><strong>omniurn</strong></span> <span class='ocrx_word' id='word_1_209' title='bbox 1021 2250 1259 2322; x_wconf 87' lang='lat' dir='ltr'><strong>praetensionum</strong></span> <span class='ocrx_word' id='word_1_210' title='bbox 1284 2268 1418 2313; x_wconf 73' lang='lat' dir='ltr'><strong>muman</strong></span> 
     </span>
     <span class='ocr_line' id='line_1_22' title="bbox 58 2329 1417 2401; baseline 0.004 -7"><span class='ocrx_word' id='word_1_211' title='bbox 58 2332 227 2395; x_wconf 74' lang='lat' dir='ltr'><strong>amimam</strong></span> <span class='ocrx_word' id='word_1_212' title='bbox 248 2329 288 2390; x_wconf 90' lang='lat' dir='ltr'><strong>ad</strong></span> <span class='ocrx_word' id='word_1_213' title='bbox 314 2337 352 2390; x_wconf 81' lang='lat'><strong>12</strong></span> <span class='ocrx_word' id='word_1_214' title='bbox 375 2330 468 2389; x_wconf 89' lang='lat' dir='ltr'><strong>millia</strong></span> <span class='ocrx_word' id='word_1_215' title='bbox 490 2329 674 2401; x_wconf 88' lang='lat' dir='ltr'><strong>florenorum,</strong></span> <span class='ocrx_word' id='word_1_216' title='bbox 697 2336 730 2389; x_wconf 92' lang='lat' dir='ltr'><strong>nt</strong></span> <span class='ocrx_word' id='word_1_217' title='bbox 752 2330 779 2389; x_wconf 90' lang='lat' dir='ltr'><strong>si</strong></span> <span class='ocrx_word' id='word_1_218' title='bbox 800 2330 971 2392; x_wconf 90' lang='lat' dir='ltr'><strong>mandatnm</strong></span> <span class='ocrx_word' id='word_1_219' title='bbox 994 2339 1039 2392; x_wconf 90' lang='lat' dir='ltr'><strong>est</strong></span> <span class='ocrx_word' id='word_1_220' title='bbox 1060 2350 1080 2393; x_wconf 89' lang='lat' dir='ltr'><strong>a</strong></span> <span class='ocrx_word' id='word_1_221' title='bbox 1101 2332 1236 2400; x_wconf 68' lang='lat' dir='ltr'><strong>Camere.</strong></span> <span class='ocrx_word' id='word_1_222' title='bbox 1278 2335 1315 2397; x_wconf 91' lang='lat' dir='ltr'><strong>Ia</strong></span> <span class='ocrx_word' id='word_1_223' title='bbox 1338 2338 1417 2401; x_wconf 89' lang='lat' dir='ltr'><strong>huuc</strong></span> 
     </span>
     <span class='ocr_line' id='line_1_23' title="bbox 58 2416 1417 2504; baseline 0.001 -21"><span class='ocrx_word' id='word_1_224' title='bbox 58 2426 206 2483; x_wconf 73' lang='lat' dir='ltr'><strong>uentum</strong></span> <span class='ocrx_word' id='word_1_225' title='bbox 229 2421 294 2478; x_wconf 84' lang='lat' dir='ltr'><strong>misi</strong></span> <span class='ocrx_word' id='word_1_226' title='bbox 315 2419 416 2477; x_wconf 91' lang='lat' dir='ltr'><strong>literas</strong></span> <span class='ocrx_word' id='word_1_227' title='bbox 439 2416 709 2497; x_wconf 85' lang='lat' dir='ltr'><strong>plenipotentiariaa</strong></span> <span class='ocrx_word' id='word_1_228' title='bbox 729 2416 898 2481; x_wconf 86' lang='lat' dir='ltr'><strong>academiae</strong></span> <span class='ocrx_word' id='word_1_229' title='bbox 912 2418 1127 2494; x_wconf 87' lang='lat' dir='ltr'><strong>Roatoobieusi,</strong></span> <span class='ocrx_word' id='word_1_230' title='bbox 1151 2429 1183 2482; x_wconf 91' lang='lat' dir='ltr'><strong>ut</strong></span> <span class='ocrx_word' id='word_1_231' title='bbox 1196 2425 1223 2483; x_wconf 91' lang='lat' dir='ltr'><strong>si</strong></span> <span class='ocrx_word' id='word_1_232' title='bbox 1240 2423 1316 2485; x_wconf 89' lang='lat' dir='ltr'><strong>iorte</strong></span> <span class='ocrx_word' id='word_1_233' title='bbox 1328 2442 1417 2504; x_wconf 85' lang='lat' dir='ltr'><strong>prae·</strong></span> 
     </span>
     <span class='ocr_line' id='line_1_24' title="bbox 60 2504 1416 2581; baseline 0.003 -12"><span class='ocrx_word' id='word_1_234' title='bbox 60 2506 149 2569; x_wconf 74' lang='lat' dir='ltr'><strong>mam</strong></span> <span class='ocrx_word' id='word_1_235' title='bbox 170 2509 209 2566; x_wconf 88' lang='lat' dir='ltr'><strong>ait</strong></span> <span class='ocrx_word' id='word_1_236' title='bbox 230 2507 374 2578; x_wconf 83' lang='lat' dir='ltr'><strong>laturam,</strong></span> <span class='ocrx_word' id='word_1_237' title='bbox 403 2505 432 2564; x_wconf 91' lang='lat' dir='ltr'><strong>id</strong></span> <span class='ocrx_word' id='word_1_238' title='bbox 455 2504 607 2565; x_wconf 89' lang='lat' dir='ltr'><strong>academia</strong></span> <span class='ocrx_word' id='word_1_239' title='bbox 636 2520 688 2580; x_wconf 91' lang='lat' dir='ltr'><strong>per</strong></span> <span class='ocrx_word' id='word_1_240' title='bbox 717 2512 933 2581; x_wconf 86' lang='lat' dir='ltr'><strong>procuratorem</strong></span> <span class='ocrx_word' id='word_1_241' title='bbox 962 2505 1144 2569; x_wconf 87' lang='lat' dir='ltr'><strong>administret</strong></span> <span class='ocrx_word' id='word_1_242' title='bbox 1173 2509 1271 2573; x_wconf 84' lang='lat' dir='ltr'><strong>douae</strong></span> <span class='ocrx_word' id='word_1_243' title='bbox 1289 2514 1416 2573; x_wconf 78' lang='lat' dir='ltr'><strong>reniam.</strong></span> 
     </span>
     <span class='ocr_line' id='line_1_25' title="bbox 34 2590 1416 2672; baseline 0.001 -13"><span class='ocrx_word' id='word_1_244' title='bbox 34 2592 136 2663; x_wconf 73' lang='lat' dir='ltr'><strong>:fleto</strong></span> <span class='ocrx_word' id='word_1_245' title='bbox 157 2593 379 2654; x_wconf 86' lang='lat' dir='ltr'><strong>admirabuntur</strong></span> <span class='ocrx_word' id='word_1_246' title='bbox 400 2590 553 2651; x_wconf 87' lang='lat' dir='ltr'><strong>audaciam</strong></span> <span class='ocrx_word' id='word_1_247' title='bbox 576 2591 770 2652; x_wconf 85' lang='lat' dir='ltr'><strong>bonumeam</strong></span> <span class='ocrx_word' id='word_1_248' title='bbox 793 2600 823 2652; x_wconf 89' lang='lat' dir='ltr'><strong>et</strong></span> <span class='ocrx_word' id='word_1_249' title='bbox 844 2593 1002 2654; x_wconf 85' lang='lat' dir='ltr'><strong>cachinnos</strong></span> <span class='ocrx_word' id='word_1_250' title='bbox 1026 2594 1189 2672; x_wconf 76' lang='lat' dir='ltr'><strong>effundent,</strong></span> <span class='ocrx_word' id='word_1_251' title='bbox 1211 2597 1264 2658; x_wconf 92' lang='lat' dir='ltr'><strong>sed</strong></span> <span class='ocrx_word' id='word_1_252' title='bbox 1287 2608 1321 2659; x_wconf 89' lang='lat' dir='ltr'><strong>at</strong></span> <span class='ocrx_word' id='word_1_253' title='bbox 1343 2615 1416 2660; x_wconf 84' lang='lat' dir='ltr'><strong>cos-</strong></span> 
     </span>
    </p>

    <p class='ocr_par' dir='ltr' id='par_1_4' title="bbox 59 2677 1424 3373">
     <span class='ocr_line' id='line_1_26' title="bbox 59 2677 1416 2764; baseline 0.002 -21"><span class='ocrx_word' id='word_1_254' title='bbox 59 2680 142 2743; x_wconf 83' lang='lat' dir='ltr'><strong>dltlo</strong></span> <span class='ocrx_word' id='word_1_255' title='bbox 164 2688 217 2756; x_wconf 84' lang='lat' dir='ltr'><strong>est,</strong></span> <span class='ocrx_word' id='word_1_256' title='bbox 241 2685 283 2740; x_wconf 88' lang='lat' dir='ltr'><strong>ite</strong></span> <span class='ocrx_word' id='word_1_257' title='bbox 305 2698 371 2740; x_wconf 91' lang='lat' dir='ltr'><strong>mea</strong></span> <span class='ocrx_word' id='word_1_258' title='bbox 392 2681 544 2740; x_wconf 88' lang='lat' dir='ltr'><strong>consensio</strong></span> <span class='ocrx_word' id='word_1_259' title='bbox 567 2677 743 2756; x_wconf 89' lang='lat' dir='ltr'><strong>respondere</strong></span> <span class='ocrx_word' id='word_1_260' title='bbox 765 2677 877 2739; x_wconf 82' lang='lat' dir='ltr'><strong>debuit.</strong></span> <span class='ocrx_word' id='word_1_261' title='bbox 921 2679 969 2739; x_wconf 91' lang='lat' dir='ltr'><strong>Ilii</strong></span> <span class='ocrx_word' id='word_1_262' title='bbox 992 2681 1111 2757; x_wconf 86' lang='lat' dir='ltr'><strong>quidem</strong></span> <span class='ocrx_word' id='word_1_263' title='bbox 1131 2701 1180 2743; x_wconf 83' lang='lat' dir='ltr'><strong>me</strong></span> <span class='ocrx_word' id='word_1_264' title='bbox 1202 2693 1325 2759; x_wconf 79' lang='lat' dir='ltr'><strong>nocant,</strong></span> <span class='ocrx_word' id='word_1_265' title='bbox 1339 2686 1416 2764; x_wconf 83' lang='lat' dir='ltr'><strong>pol·</strong></span> 
     </span>
     <span class='ocr_line' id='line_1_27' title="bbox 59 2766 1416 2849; baseline 0.004 -20"><span class='ocrx_word' id='word_1_266' title='bbox 59 2768 191 2831; x_wconf 80' lang='lat' dir='ltr'><strong>licentur</strong></span> <span class='ocrx_word' id='word_1_267' title='bbox 212 2786 249 2829; x_wconf 87' lang='lat' dir='ltr'><strong>ea</strong></span> <span class='ocrx_word' id='word_1_268' title='bbox 271 2785 306 2828; x_wconf 84' lang='lat' dir='ltr'><strong>ex</strong></span> <span class='ocrx_word' id='word_1_269' title='bbox 330 2769 549 2827; x_wconf 75' lang='lat' dir='ltr'><strong>continuatione</strong></span> <span class='ocrx_word' id='word_1_270' title='bbox 571 2768 684 2842; x_wconf 87' lang='lat' dir='ltr'><strong>gratiae</strong></span> <span class='ocrx_word' id='word_1_271' title='bbox 706 2766 860 2844; x_wconf 89' lang='lat' dir='ltr'><strong>principia,</strong></span> <span class='ocrx_word' id='word_1_272' title='bbox 892 2784 968 2844; x_wconf 90' lang='lat' dir='ltr'><strong>qnae</strong></span> <span class='ocrx_word' id='word_1_273' title='bbox 990 2784 1068 2829; x_wconf 88' lang='lat' dir='ltr'><strong>nuuc</strong></span> <span class='ocrx_word' id='word_1_274' title='bbox 1091 2770 1187 2831; x_wconf 88' lang='lat' dir='ltr'><strong>habeo</strong></span> <span class='ocrx_word' id='word_1_275' title='bbox 1209 2770 1329 2849; x_wconf 73' lang='lat' dir='ltr'><strong>sagari.</strong></span> <span class='ocrx_word' id='word_1_276' title='bbox 1376 2774 1416 2835; x_wconf 79' lang='lat' dir='ltr'><strong>At</strong></span> 
     </span>
     <span class='ocr_line' id='line_1_28' title="bbox 59 2851 1424 2941; baseline 0.005 -24"><span class='ocrx_word' id='word_1_277' title='bbox 59 2856 119 2917; x_wconf 77' lang='lat' dir='ltr'><strong>abl</strong></span> <span class='ocrx_word' id='word_1_278' title='bbox 141 2871 197 2933; x_wconf 88' lang='lat' dir='ltr'><strong>ego</strong></span> <span class='ocrx_word' id='word_1_279' title='bbox 219 2855 413 2915; x_wconf 87' lang='lat' dir='ltr'><strong>Rostochinm</strong></span> <span class='ocrx_word' id='word_1_280' title='bbox 437 2856 611 2926; x_wconf 86' lang='lat' dir='ltr'><strong>transivero,</strong></span> <span class='ocrx_word' id='word_1_281' title='bbox 644 2851 803 2913; x_wconf 81' lang='lat' dir='ltr'><strong>Germania</strong></span> <span class='ocrx_word' id='word_1_282' title='bbox 824 2855 998 2931; x_wconf 77' lang='lat' dir='ltr'><strong>migravero.</strong></span> <span class='ocrx_word' id='word_1_283' title='bbox 1043 2854 1184 2935; x_wconf 83' lang='lat' dir='ltr'><strong>Princeps</strong></span> <span class='ocrx_word' id='word_1_284' title='bbox 1205 2876 1279 2920; x_wconf 89' lang='lat' dir='ltr'><strong>suae</strong></span> <span class='ocrx_word' id='word_1_285' title='bbox 1300 2859 1424 2941; x_wconf 73' lang='lat' dir='ltr'><strong>gratiosa¹</strong></span> 
     </span>
     <span class='ocr_line' id='line_1_29' title="bbox 60 2939 1415 3025; baseline 0.003 -20"><span class='ocrx_word' id='word_1_286' title='bbox 60 2950 244 3025; x_wconf 82' lang='lat' dir='ltr'><strong>potestatem</strong></span> <span class='ocrx_word' id='word_1_287' title='bbox 267 2941 398 3015; x_wconf 87' lang='lat' dir='ltr'><strong>hebebit,</strong></span> <span class='ocrx_word' id='word_1_288' title='bbox 421 2942 538 3000; x_wconf 81' lang='lat' dir='ltr'><strong>fortuna</strong></span> <span class='ocrx_word' id='word_1_289' title='bbox 560 2940 711 3016; x_wconf 83' lang='lat' dir='ltr'><strong>principis.</strong></span> <span class='ocrx_word' id='word_1_290' title='bbox 756 2939 905 3018; x_wconf 83' lang='lat' dir='ltr'><strong>Quicquid</strong></span> <span class='ocrx_word' id='word_1_291' title='bbox 927 2949 1043 3019; x_wconf 89' lang='lat' dir='ltr'><strong>praeter</strong></span> <span class='ocrx_word' id='word_1_292' title='bbox 1064 2960 1153 3020; x_wconf 89' lang='lat' dir='ltr'><strong>qnam</strong></span> <span class='ocrx_word' id='word_1_293' title='bbox 1174 2962 1253 3006; x_wconf 89' lang='lat' dir='ltr'><strong>nuno</strong></span> <span class='ocrx_word' id='word_1_294' title='bbox 1273 2956 1320 3008; x_wconf 87' lang='lat' dir='ltr'><strong>eet</strong></span> <span class='ocrx_word' id='word_1_295' title='bbox 1342 2964 1415 3009; x_wconf 80' lang='lat' dir='ltr'><strong>eve·</strong></span> 
     </span>
     <span class='ocr_line' id='line_1_30' title="bbox 60 3026 1416 3106; baseline 0.001 -13"><span class='ocrx_word' id='word_1_296' title='bbox 60 3032 157 3103; x_wconf 86' lang='lat' dir='ltr'><strong>rrsrit,</strong></span> <span class='ocrx_word' id='word_1_297' title='bbox 179 3029 295 3105; x_wconf 82' lang='lat' dir='ltr'><strong>redigar</strong></span> <span class='ocrx_word' id='word_1_298' title='bbox 317 3046 372 3106; x_wconf 88' lang='lat' dir='ltr'><strong>ego</strong></span> <span class='ocrx_word' id='word_1_299' title='bbox 395 3028 432 3088; x_wconf 88' lang='lat' dir='ltr'><strong>ad</strong></span> <span class='ocrx_word' id='word_1_300' title='bbox 456 3031 608 3106; x_wconf 88' lang='lat' dir='ltr'><strong>angustias</strong></span> <span class='ocrx_word' id='word_1_301' title='bbox 630 3026 731 3087; x_wconf 88' lang='lat' dir='ltr'><strong>salaril</strong></span> <span class='ocrx_word' id='word_1_302' title='bbox 753 3028 967 3101; x_wconf 74' lang='lat' dir='ltr'><strong>mathematici,</strong></span> <span class='ocrx_word' id='word_1_303' title='bbox 997 3031 1100 3105; x_wconf 90' lang='lat' dir='ltr'><strong>procul</strong></span> <span class='ocrx_word' id='word_1_304' title='bbox 1123 3048 1172 3091; x_wconf 90' lang='lat' dir='ltr'><strong>ero</strong></span> <span class='ocrx_word' id='word_1_305' title='bbox 1194 3033 1234 3094; x_wconf 85' lang='lat' dir='ltr'><strong>ab</strong></span> <span class='ocrx_word' id='word_1_306' title='bbox 1254 3035 1338 3094; x_wconf 72' lang='lat' dir='ltr'><strong>ama.</strong></span> <span class='ocrx_word' id='word_1_307' title='bbox 1383 3033 1416 3096; x_wconf 81' lang='lat' dir='ltr'><strong>st</strong></span> 
     </span>
     <span class='ocr_line' id='line_1_31' title="bbox 59 3114 1415 3199; baseline 0.004 -22"><span class='ocrx_word' id='word_1_308' title='bbox 59 3136 124 3199; x_wconf 78' lang='lat' dir='ltr'><strong>pas</strong></span> <span class='ocrx_word' id='word_1_309' title='bbox 147 3119 202 3178; x_wconf 91' lang='lat' dir='ltr'><strong>erit</strong></span> <span class='ocrx_word' id='word_1_310' title='bbox 223 3117 262 3176; x_wconf 89' lang='lat' dir='ltr'><strong>ad</strong></span> <span class='ocrx_word' id='word_1_311' title='bbox 283 3117 354 3179; x_wconf 92' lang='lat' dir='ltr'><strong>litus</strong></span> <span class='ocrx_word' id='word_1_312' title='bbox 377 3115 551 3188; x_wconf 86' lang='lat' dir='ltr'><strong>halthioam,</strong></span> <span class='ocrx_word' id='word_1_313' title='bbox 585 3131 703 3175; x_wconf 85' lang='lat' dir='ltr'><strong>necesso</strong></span> <span class='ocrx_word' id='word_1_314' title='bbox 731 3122 776 3173; x_wconf 93' lang='lat' dir='ltr'><strong>est</strong></span> <span class='ocrx_word' id='word_1_315' title='bbox 798 3114 911 3175; x_wconf 88' lang='lat' dir='ltr'><strong>Ducem</strong></span> <span class='ocrx_word' id='word_1_316' title='bbox 939 3131 1006 3175; x_wconf 90' lang='lat' dir='ltr'><strong>oum</strong></span> <span class='ocrx_word' id='word_1_317' title='bbox 1027 3120 1204 3178; x_wconf 88' lang='lat' dir='ltr'><strong>exercitibus</strong></span> <span class='ocrx_word' id='word_1_318' title='bbox 1231 3120 1314 3181; x_wconf 89' lang='lat' dir='ltr'><strong>abire</strong></span> <span class='ocrx_word' id='word_1_319' title='bbox 1343 3121 1415 3183; x_wconf 83' lang='lat' dir='ltr'><strong>indo</strong></span> 
     </span>
     <span class='ocr_line' id='line_1_32' title="bbox 59 3201 1415 3283; baseline 0.002 -16"><span class='ocrx_word' id='word_1_320' title='bbox 59 3204 200 3283; x_wconf 87' lang='lat' dir='ltr'><strong>longius,</strong></span> <span class='ocrx_word' id='word_1_321' title='bbox 223 3206 331 3263; x_wconf 90' lang='lat' dir='ltr'><strong>sinon</strong></span> <span class='ocrx_word' id='word_1_322' title='bbox 355 3207 424 3274; x_wconf 84' lang='lat' dir='ltr'><strong>erit,</strong></span> <span class='ocrx_word' id='word_1_323' title='bbox 447 3212 480 3262; x_wconf 93' lang='lat' dir='ltr'><strong>nt</strong></span> <span class='ocrx_word' id='word_1_324' title='bbox 502 3203 561 3262; x_wconf 87' lang='lat' dir='ltr'><strong>iere</strong></span> <span class='ocrx_word' id='word_1_325' title='bbox 583 3201 716 3262; x_wconf 92' lang='lat' dir='ltr'><strong>abnuunt</strong></span> <span class='ocrx_word' id='word_1_326' title='bbox 738 3218 855 3277; x_wconf 84' lang='lat' dir='ltr'><strong>ornnes,</strong></span> <span class='ocrx_word' id='word_1_327' title='bbox 879 3201 994 3265; x_wconf 86' lang='lat' dir='ltr'><strong>hostem</strong></span> <span class='ocrx_word' id='word_1_328' title='bbox 1017 3204 1057 3264; x_wconf 90' lang='lat' dir='ltr'><strong>ibi</strong></span> <span class='ocrx_word' id='word_1_329' title='bbox 1081 3204 1209 3267; x_wconf 83' lang='lat' dir='ltr'><strong>Saeuum</strong></span> <span class='ocrx_word' id='word_1_330' title='bbox 1230 3206 1356 3269; x_wconf 89' lang='lat' dir='ltr'><strong>babebit</strong></span> <span class='ocrx_word' id='word_1_331' title='bbox 1384 3218 1415 3271; x_wconf 87' lang='lat' dir='ltr'><strong>et</strong></span> 
     </span>
     <span class='ocr_line' id='line_1_33' title="bbox 59 3289 720 3373; baseline -0.011 -19"><span class='ocrx_word' id='word_1_332' title='bbox 59 3290 184 3355; x_wconf 73' lang='lat' dir='ltr'><strong>omum</strong></span> <span class='ocrx_word' id='word_1_333' title='bbox 207 3299 238 3352; x_wconf 91' lang='lat' dir='ltr'><strong>et</strong></span> <span class='ocrx_word' id='word_1_334' title='bbox 259 3291 382 3351; x_wconf 87' lang='lat' dir='ltr'><strong>classem</strong></span> <span class='ocrx_word' id='word_1_335' title='bbox 406 3289 621 3350; x_wconf 86' lang='lat' dir='ltr'><strong>Hollaudicam.</strong></span> <span class='ocrx_word' id='word_1_336' title='bbox 716 3366 720 3373; x_wconf 29' lang='grc' dir='ltr'>Ι</span> 
     </span>
    </p>

    <p class='ocr_par' dir='ltr' id='par_1_5' title="bbox 162 3375 1415 3454">
     <span class='ocr_line' id='line_1_34' title="bbox 162 3375 1415 3454; baseline 0.002 -14"><span class='ocrx_word' id='word_1_337' title='bbox 162 3379 234 3440; x_wconf 69' lang='lat' dir='ltr'><strong>sed</strong></span> <span class='ocrx_word' id='word_1_338' title='bbox 255 3382 343 3454; x_wconf 68' lang='lat' dir='ltr'><strong>satis,</strong></span> <span class='ocrx_word' id='word_1_339' title='bbox 373 3378 411 3436; x_wconf 92' lang='lat' dir='ltr'><strong>ad</strong></span> <span class='ocrx_word' id='word_1_340' title='bbox 433 3394 500 3437; x_wconf 90' lang='lat' dir='ltr'><strong>mea</strong></span> <span class='ocrx_word' id='word_1_341' title='bbox 521 3377 639 3453; x_wconf 83' lang='lat' dir='ltr'><strong>propris</strong></span> <span class='ocrx_word' id='word_1_342' title='bbox 660 3381 801 3439; x_wconf 82' lang='lat' dir='ltr'><strong>revertor.</strong></span> <span class='ocrx_word' id='word_1_343' title='bbox 845 3375 991 3452; x_wconf 81' lang='lat' dir='ltr'><strong>Obsecro,</strong></span> <span class='ocrx_word' id='word_1_344' title='bbox 1023 3394 1113 3454; x_wconf 88' lang='lat' dir='ltr'><strong>qnam</strong></span> <span class='ocrx_word' id='word_1_345' title='bbox 1137 3381 1215 3441; x_wconf 87' lang='lat' dir='ltr'><strong>viam</strong></span> <span class='ocrx_word' id='word_1_346' title='bbox 1237 3383 1318 3443; x_wconf 90' lang='lat' dir='ltr'><strong>inibo</strong></span> <span class='ocrx_word' id='word_1_347' title='bbox 1342 3400 1415 3445; x_wconf 89' lang='lat' dir='ltr'><strong>oon-</strong></span> 
     </span>
    </p>

    <p class='ocr_par' dir='ltr' id='par_1_6' title="bbox 37 3462 1415 4861">
     <span class='ocr_line' id='line_1_35' title="bbox 39 3462 1414 3543; baseline 0.001 -14"><span class='ocrx_word' id='word_1_348' title='bbox 39 3462 181 3529; x_wconf 74' lang='lat' dir='ltr'><strong>¹flolcrrdl</strong></span> <span class='ocrx_word' id='word_1_349' title='bbox 203 3467 259 3526; x_wconf 91' lang='lat' dir='ltr'><strong>hus</strong></span> <span class='ocrx_word' id='word_1_350' title='bbox 280 3465 421 3543; x_wconf 76' lang='lat' dir='ltr'><strong>nuptias?</strong></span> <span class='ocrx_word' id='word_1_351' title='bbox 458 3464 517 3540; x_wconf 86' lang='lat' dir='ltr'><strong>Qui</strong></span> <span class='ocrx_word' id='word_1_352' title='bbox 539 3465 648 3540; x_wconf 88' lang='lat' dir='ltr'><strong>ubique</strong></span> <span class='ocrx_word' id='word_1_353' title='bbox 669 3472 724 3537; x_wconf 88' lang='lat' dir='ltr'><strong>est,</strong></span> <span class='ocrx_word' id='word_1_354' title='bbox 746 3465 880 3540; x_wconf 88' lang='lat' dir='ltr'><strong>nuspiam</strong></span> <span class='ocrx_word' id='word_1_355' title='bbox 904 3473 957 3537; x_wconf 90' lang='lat' dir='ltr'><strong>est,</strong></span> <span class='ocrx_word' id='word_1_356' title='bbox 980 3475 1058 3526; x_wconf 87' lang='lat' dir='ltr'><strong>certe</strong></span> <span class='ocrx_word' id='word_1_357' title='bbox 1081 3466 1159 3526; x_wconf 91' lang='lat' dir='ltr'><strong>domi</strong></span> <span class='ocrx_word' id='word_1_358' title='bbox 1182 3486 1241 3527; x_wconf 92' lang='lat' dir='ltr'><strong>nun</strong></span> <span class='ocrx_word' id='word_1_359' title='bbox 1264 3478 1319 3531; x_wconf 88' lang='lat' dir='ltr'><strong>est.</strong></span> <span class='ocrx_word' id='word_1_360' title='bbox 1366 3471 1414 3531; x_wconf 77' lang='lat' dir='ltr'><strong>Aa</strong></span> 
     </span>
     <span class='ocr_line' id='line_1_36' title="bbox 59 3551 1414 3637; baseline 0.003 -22"><span class='ocrx_word' id='word_1_361' title='bbox 59 3552 156 3615; x_wconf 73' lang='lat' dir='ltr'><strong>mum</strong></span> <span class='ocrx_word' id='word_1_362' title='bbox 178 3571 235 3631; x_wconf 88' lang='lat' dir='ltr'><strong>ego</strong></span> <span class='ocrx_word' id='word_1_363' title='bbox 257 3552 354 3613; x_wconf 87' lang='lat' dir='ltr'><strong>locoru</strong></span> <span class='ocrx_word' id='word_1_364' title='bbox 378 3551 505 3628; x_wconf 84' lang='lat' dir='ltr'><strong>deligere</strong></span> <span class='ocrx_word' id='word_1_365' title='bbox 527 3559 639 3629; x_wconf 88' lang='lat' dir='ltr'><strong>potero,</strong></span> <span class='ocrx_word' id='word_1_366' title='bbox 661 3566 749 3628; x_wconf 91' lang='lat' dir='ltr'><strong>quem</strong></span> <span class='ocrx_word' id='word_1_367' title='bbox 771 3551 851 3610; x_wconf 88' lang='lat' dir='ltr'><strong>adire</strong></span> <span class='ocrx_word' id='word_1_368' title='bbox 878 3551 967 3612; x_wconf 84' lang='lat' dir='ltr'><strong>velint</strong></span> <span class='ocrx_word' id='word_1_369' title='bbox 988 3554 1074 3612; x_wconf 89' lang='lat' dir='ltr'><strong>amici</strong></span> <span class='ocrx_word' id='word_1_370' title='bbox 1097 3560 1157 3614; x_wconf 87' lang='lat' dir='ltr'><strong>tanr</strong></span> <span class='ocrx_word' id='word_1_371' title='bbox 1179 3555 1240 3617; x_wconf 91' lang='lat' dir='ltr'><strong>late</strong></span> <span class='ocrx_word' id='word_1_372' title='bbox 1263 3556 1414 3637; x_wconf 76' lang='lat' dir='ltr'><strong>dispersi?</strong></span> 
     </span>
     <span class='ocr_line' id='line_1_37' title="bbox 60 3638 1413 3719; baseline 0.003 -18"><span class='ocrx_word' id='word_1_373' title='bbox 60 3640 149 3701; x_wconf 83' lang='lat' dir='ltr'><strong>lllbii</strong></span> <span class='ocrx_word' id='word_1_374' title='bbox 170 3640 306 3719; x_wconf 87' lang='lat' dir='ltr'><strong>equidem</strong></span> <span class='ocrx_word' id='word_1_375' title='bbox 330 3639 427 3714; x_wconf 86' lang='lat' dir='ltr'><strong>rideo,</strong></span> <span class='ocrx_word' id='word_1_376' title='bbox 451 3639 530 3715; x_wconf 91' lang='lat' dir='ltr'><strong>quod</strong></span> <span class='ocrx_word' id='word_1_377' title='bbox 552 3641 651 3716; x_wconf 89' lang='lat' dir='ltr'><strong>potius</strong></span> <span class='ocrx_word' id='word_1_378' title='bbox 672 3638 789 3712; x_wconf 89' lang='lat' dir='ltr'><strong>luciam,</strong></span> <span class='ocrx_word' id='word_1_379' title='bbox 811 3655 900 3715; x_wconf 88' lang='lat' dir='ltr'><strong>quarn</strong></span> <span class='ocrx_word' id='word_1_380' title='bbox 924 3648 956 3698; x_wconf 90' lang='lat' dir='ltr'><strong>nt</strong></span> <span class='ocrx_word' id='word_1_381' title='bbox 978 3641 1007 3697; x_wconf 91' lang='lat' dir='ltr'><strong>in</strong></span> <span class='ocrx_word' id='word_1_382' title='bbox 1031 3639 1074 3699; x_wconf 84' lang='lat' dir='ltr'><strong>Te</strong></span> <span class='ocrx_word' id='word_1_383' title='bbox 1097 3643 1188 3717; x_wconf 89' lang='lat' dir='ltr'><strong>patris</strong></span> <span class='ocrx_word' id='word_1_384' title='bbox 1212 3645 1292 3703; x_wconf 82' lang='lat' dir='ltr'><strong>vices</strong></span> <span class='ocrx_word' id='word_1_385' title='bbox 1314 3652 1413 3705; x_wconf 80' lang='lat' dir='ltr'><strong>trans·</strong></span> 
     </span>
     <span class='ocr_line' id='line_1_38' title="bbox 59 3725 1410 3807; baseline -0.001 -16"><span class='ocrx_word' id='word_1_386' title='bbox 59 3728 166 3791; x_wconf 57' lang='lat' dir='ltr'><strong>barn.</strong></span> <span class='ocrx_word' id='word_1_387' title='bbox 211 3728 259 3788; x_wconf 84' lang='lat' dir='ltr'><strong>Tu</strong></span> <span class='ocrx_word' id='word_1_388' title='bbox 281 3728 359 3788; x_wconf 89' lang='lat' dir='ltr'><strong>liliae</strong></span> <span class='ocrx_word' id='word_1_389' title='bbox 383 3746 475 3798; x_wconf 88' lang='lat' dir='ltr'><strong>meae,</strong></span> <span class='ocrx_word' id='word_1_390' title='bbox 500 3730 558 3786; x_wconf 91' lang='lat' dir='ltr'><strong>imo</strong></span> <span class='ocrx_word' id='word_1_391' title='bbox 581 3735 659 3799; x_wconf 86' lang='lat' dir='ltr'><strong>tuac,</strong></span> <span class='ocrx_word' id='word_1_392' title='bbox 682 3726 802 3798; x_wconf 85' lang='lat' dir='ltr'><strong>scribes,</strong></span> <span class='ocrx_word' id='word_1_393' title='bbox 827 3734 860 3784; x_wconf 93' lang='lat' dir='ltr'><strong>ut</strong></span> <span class='ocrx_word' id='word_1_394' title='bbox 880 3725 1025 3802; x_wconf 84' lang='lat' dir='ltr'><strong>significet</strong></span> <span class='ocrx_word' id='word_1_395' title='bbox 1047 3727 1110 3799; x_wconf 86' lang='lat' dir='ltr'><strong>tihi,</strong></span> <span class='ocrx_word' id='word_1_396' title='bbox 1132 3731 1209 3788; x_wconf 90' lang='lat' dir='ltr'><strong>sitne</strong></span> <span class='ocrx_word' id='word_1_397' title='bbox 1224 3747 1294 3791; x_wconf 82' lang='lat' dir='ltr'><strong>vere</strong></span> <span class='ocrx_word' id='word_1_398' title='bbox 1308 3732 1410 3807; x_wconf 90' lang='lat' dir='ltr'><strong>libera,</strong></span> 
     </span>
     <span class='ocr_line' id='line_1_39' title="bbox 59 3812 1414 3895; baseline 0.004 -20"><span class='ocrx_word' id='word_1_399' title='bbox 59 3813 174 3877; x_wconf 77' lang='lat' dir='ltr'><strong>velitne</strong></span> <span class='ocrx_word' id='word_1_400' title='bbox 197 3817 317 3889; x_wconf 87' lang='lat' dir='ltr'><strong>nubere,</strong></span> <span class='ocrx_word' id='word_1_401' title='bbox 340 3817 366 3874; x_wconf 93' lang='lat' dir='ltr'><strong>si</strong></span> <span class='ocrx_word' id='word_1_402' title='bbox 383 3817 474 3892; x_wconf 87' lang='lat' dir='ltr'><strong>patris</strong></span> <span class='ocrx_word' id='word_1_403' title='bbox 491 3815 628 3874; x_wconf 85' lang='lat' dir='ltr'><strong>voluutas</strong></span> <span class='ocrx_word' id='word_1_404' title='bbox 651 3829 709 3872; x_wconf 92' lang='lat' dir='ltr'><strong>non</strong></span> <span class='ocrx_word' id='word_1_405' title='bbox 724 3812 809 3885; x_wconf 88' lang='lat' dir='ltr'><strong>desit,</strong></span> <span class='ocrx_word' id='word_1_406' title='bbox 832 3823 987 3875; x_wconf 80' lang='lat' dir='ltr'><strong>censemus</strong></span> <span class='ocrx_word' id='word_1_407' title='bbox 1008 3830 1041 3873; x_wconf 88' lang='lat' dir='ltr'><strong>se</strong></span> <span class='ocrx_word' id='word_1_408' title='bbox 1064 3815 1120 3874; x_wconf 91' lang='lat' dir='ltr'><strong>tibi</strong></span> <span class='ocrx_word' id='word_1_409' title='bbox 1141 3824 1205 3875; x_wconf 87' lang='lat' dir='ltr'><strong>tato</strong></span> <span class='ocrx_word' id='word_1_410' title='bbox 1221 3816 1311 3878; x_wconf 76' lang='lat' dir='ltr'><strong>iidem</strong></span> <span class='ocrx_word' id='word_1_411' title='bbox 1326 3835 1414 3895; x_wconf 87' lang='lat' dir='ltr'><strong>posss</strong></span> 
     </span>
     <span class='ocr_line' id='line_1_40' title="bbox 58 3899 1413 3980; baseline 0.001 -15"><span class='ocrx_word' id='word_1_412' title='bbox 58 3904 182 3980; x_wconf 75' lang='lat' dir='ltr'><strong>tuaque</strong></span> <span class='ocrx_word' id='word_1_413' title='bbox 205 3902 309 3977; x_wconf 89' lang='lat' dir='ltr'><strong>oculis,</strong></span> <span class='ocrx_word' id='word_1_414' title='bbox 331 3905 356 3962; x_wconf 91' lang='lat' dir='ltr'><strong>si</strong></span> <span class='ocrx_word' id='word_1_415' title='bbox 380 3910 413 3962; x_wconf 94' lang='lat' dir='ltr'><strong>tu</strong></span> <span class='ocrx_word' id='word_1_416' title='bbox 435 3901 476 3960; x_wconf 90' lang='lat' dir='ltr'><strong>illi</strong></span> <span class='ocrx_word' id='word_1_417' title='bbox 499 3917 639 3979; x_wconf 92' lang='lat' dir='ltr'><strong>sponsum</strong></span> <span class='ocrx_word' id='word_1_418' title='bbox 663 3899 816 3979; x_wconf 87' lang='lat' dir='ltr'><strong>delegeris,</strong></span> <span class='ocrx_word' id='word_1_419' title='bbox 838 3917 926 3978; x_wconf 91' lang='lat' dir='ltr'><strong>quem</strong></span> <span class='ocrx_word' id='word_1_420' title='bbox 949 3909 1067 3977; x_wconf 90' lang='lat' dir='ltr'><strong>propter</strong></span> <span class='ocrx_word' id='word_1_421' title='bbox 1088 3900 1282 3980; x_wconf 87' lang='lat' dir='ltr'><strong>longinquam</strong></span> <span class='ocrx_word' id='word_1_422' title='bbox 1302 3907 1413 3966; x_wconf 86' lang='lat' dir='ltr'><strong>abssa-</strong></span> 
     </span>
     <span class='ocr_line' id='line_1_41' title="bbox 59 3989 1415 4066; baseline 0.001 -15"><span class='ocrx_word' id='word_1_423' title='bbox 59 3992 136 4051; x_wconf 80' lang='lat' dir='ltr'><strong>tiam</strong></span> <span class='ocrx_word' id='word_1_424' title='bbox 159 4008 258 4053; x_wconf 82' lang='lat' dir='ltr'><strong>eoram</strong></span> <span class='ocrx_word' id='word_1_425' title='bbox 280 3992 384 4050; x_wconf 77' lang='lat' dir='ltr'><strong>sistere</strong></span> <span class='ocrx_word' id='word_1_426' title='bbox 406 4007 463 4048; x_wconf 94' lang='lat' dir='ltr'><strong>non</strong></span> <span class='ocrx_word' id='word_1_427' title='bbox 487 3990 594 4066; x_wconf 85' lang='lat' dir='ltr'><strong>possis,</strong></span> <span class='ocrx_word' id='word_1_428' title='bbox 618 4005 684 4047; x_wconf 91' lang='lat' dir='ltr'><strong>nam</strong></span> <span class='ocrx_word' id='word_1_429' title='bbox 707 4005 787 4047; x_wconf 82' lang='lat' dir='ltr'><strong>erne</strong></span> <span class='ocrx_word' id='word_1_430' title='bbox 809 3996 892 4065; x_wconf 88' lang='lat' dir='ltr'><strong>petre</strong></span> <span class='ocrx_word' id='word_1_431' title='bbox 918 3989 996 4048; x_wconf 81' lang='lat' dir='ltr'><strong>vices</strong></span> <span class='ocrx_word' id='word_1_432' title='bbox 1020 4005 1101 4048; x_wconf 88' lang='lat' dir='ltr'><strong>meas</strong></span> <span class='ocrx_word' id='word_1_433' title='bbox 1124 3990 1154 4047; x_wconf 92' lang='lat' dir='ltr'><strong>iu</strong></span> <span class='ocrx_word' id='word_1_434' title='bbox 1176 3997 1206 4051; x_wconf 89' lang='lat' dir='ltr'><strong>to</strong></span> <span class='ocrx_word' id='word_1_435' title='bbox 1228 4007 1294 4052; x_wconf 88' lang='lat' dir='ltr'><strong>esso</strong></span> <span class='ocrx_word' id='word_1_436' title='bbox 1316 4000 1415 4052; x_wconf 52' lang='lat' dir='ltr'><strong>naua</strong></span> 
     </span>
     <span class='ocr_line' id='line_1_42' title="bbox 56 4074 1413 4154; baseline 0.001 -15"><span class='ocrx_word' id='word_1_437' title='bbox 56 4074 150 4139; x_wconf 73' lang='lat' dir='ltr'><strong>bras.</strong></span> <span class='ocrx_word' id='word_1_438' title='bbox 195 4077 243 4138; x_wconf 81' lang='lat' dir='ltr'><strong>Ad</strong></span> <span class='ocrx_word' id='word_1_439' title='bbox 265 4087 294 4137; x_wconf 92' lang='lat' dir='ltr'><strong>te</strong></span> <span class='ocrx_word' id='word_1_440' title='bbox 318 4080 405 4154; x_wconf 90' lang='lat' dir='ltr'><strong>igitur</strong></span> <span class='ocrx_word' id='word_1_441' title='bbox 428 4085 569 4152; x_wconf 84' lang='lat' dir='ltr'><strong>tauquam</strong></span> <span class='ocrx_word' id='word_1_442' title='bbox 586 4075 624 4135; x_wconf 91' lang='lat' dir='ltr'><strong>ad</strong></span> <span class='ocrx_word' id='word_1_443' title='bbox 647 4077 796 4135; x_wconf 88' lang='lat' dir='ltr'><strong>conscium</strong></span> <span class='ocrx_word' id='word_1_444' title='bbox 819 4092 914 4136; x_wconf 83' lang='lat' dir='ltr'><strong>rerum</strong></span> <span class='ocrx_word' id='word_1_445' title='bbox 937 4077 1167 4136; x_wconf 86' lang='lat' dir='ltr'><strong>necessariarum</strong></span> <span class='ocrx_word' id='word_1_446' title='bbox 1188 4094 1246 4154; x_wconf 85' lang='lat' dir='ltr'><strong>ego</strong></span> <span class='ocrx_word' id='word_1_447' title='bbox 1268 4082 1413 4140; x_wconf 88' lang='lat' dir='ltr'><strong>remittam</strong></span> 
     </span>
     <span class='ocr_line' id='line_1_43' title="bbox 37 4159 1413 4245; baseline 0.001 -20"><span class='ocrx_word' id='word_1_448' title='bbox 37 4208 42 4217; x_wconf 79' lang='lat'><strong>·</strong></span> <span class='ocrx_word' id='word_1_449' title='bbox 57 4166 249 4245; x_wconf 80' lang='lat' dir='ltr'><strong>petitionem,</strong></span> <span class='ocrx_word' id='word_1_450' title='bbox 280 4168 305 4223; x_wconf 91' lang='lat' dir='ltr'><strong>si</strong></span> <span class='ocrx_word' id='word_1_451' title='bbox 330 4163 399 4240; x_wconf 92' lang='lat' dir='ltr'><strong>quid</strong></span> <span class='ocrx_word' id='word_1_452' title='bbox 431 4164 559 4223; x_wconf 90' lang='lat' dir='ltr'><strong>noudum</strong></span> <span class='ocrx_word' id='word_1_453' title='bbox 587 4162 652 4222; x_wconf 86' lang='lat' dir='ltr'><strong>visa</strong></span> <span class='ocrx_word' id='word_1_454' title='bbox 675 4159 727 4221; x_wconf 90' lang='lat' dir='ltr'><strong>illa</strong></span> <span class='ocrx_word' id='word_1_455' title='bbox 752 4164 869 4239; x_wconf 89' lang='lat' dir='ltr'><strong>petierit</strong></span> <span class='ocrx_word' id='word_1_456' title='bbox 895 4165 1035 4239; x_wconf 88' lang='lat' dir='ltr'><strong>apertius.</strong></span> <span class='ocrx_word' id='word_1_457' title='bbox 1081 4161 1128 4223; x_wconf 77' lang='lat' dir='ltr'><strong>&#39;l&#39;u</strong></span> <span class='ocrx_word' id='word_1_458' title='bbox 1148 4163 1191 4222; x_wconf 92' lang='lat' dir='ltr'><strong>illi</strong></span> <span class='ocrx_word' id='word_1_459' title='bbox 1215 4164 1349 4241; x_wconf 84' lang='lat' dir='ltr'><strong>addices,</strong></span> <span class='ocrx_word' id='word_1_460' title='bbox 1379 4176 1413 4228; x_wconf 90' lang='lat' dir='ltr'><strong>tu</strong></span> 
     </span>
     <span class='ocr_line' id='line_1_44' title="bbox 56 4249 1413 4328; baseline 0.001 -15"><span class='ocrx_word' id='word_1_461' title='bbox 56 4250 161 4315; x_wconf 70' lang='lat' dir='ltr'><strong>boum</strong></span> <span class='ocrx_word' id='word_1_462' title='bbox 184 4254 295 4328; x_wconf 89' lang='lat' dir='ltr'><strong>nuptiis</strong></span> <span class='ocrx_word' id='word_1_463' title='bbox 318 4251 444 4327; x_wconf 90' lang='lat' dir='ltr'><strong>deliges,</strong></span> <span class='ocrx_word' id='word_1_464' title='bbox 472 4260 504 4309; x_wconf 90' lang='lat' dir='ltr'><strong>tu</strong></span> <span class='ocrx_word' id='word_1_465' title='bbox 528 4266 593 4309; x_wconf 91' lang='lat' dir='ltr'><strong>meo</strong></span> <span class='ocrx_word' id='word_1_466' title='bbox 616 4249 682 4309; x_wconf 91' lang='lat' dir='ltr'><strong>looo</strong></span> <span class='ocrx_word' id='word_1_467' title='bbox 710 4266 849 4324; x_wconf 86' lang='lat' dir='ltr'><strong>praesens</strong></span> <span class='ocrx_word' id='word_1_468' title='bbox 876 4250 986 4323; x_wconf 91' lang='lat' dir='ltr'><strong>aderis,</strong></span> <span class='ocrx_word' id='word_1_469' title='bbox 1008 4253 1073 4310; x_wconf 77' lang='lat' dir='ltr'><strong>slve</strong></span> <span class='ocrx_word' id='word_1_470' title='bbox 1095 4250 1216 4312; x_wconf 81' lang='lat' dir='ltr'><strong>Darinoi</strong></span> <span class='ocrx_word' id='word_1_471' title='bbox 1247 4254 1413 4315; x_wconf 84' lang='lat' dir='ltr'><strong>consultum</strong></span> 
     </span>
     <span class='ocr_line' id='line_1_45' title="bbox 56 4336 1413 4419; baseline 0.002 -20"><span class='ocrx_word' id='word_1_472' title='bbox 56 4340 303 4419; x_wconf 82' lang='lat' dir='ltr'><strong>principibusque</strong></span> <span class='ocrx_word' id='word_1_473' title='bbox 326 4355 384 4397; x_wconf 91' lang='lat' dir='ltr'><strong>uon</strong></span> <span class='ocrx_word' id='word_1_474' title='bbox 400 4338 555 4397; x_wconf 85' lang='lat' dir='ltr'><strong>adversum</strong></span> <span class='ocrx_word' id='word_1_475' title='bbox 572 4338 727 4409; x_wconf 88' lang='lat' dir='ltr'><strong>inveneris,</strong></span> <span class='ocrx_word' id='word_1_476' title='bbox 751 4339 814 4396; x_wconf 88' lang='lat' dir='ltr'><strong>sive</strong></span> <span class='ocrx_word' id='word_1_477' title='bbox 831 4336 1010 4412; x_wconf 86' lang='lat' dir='ltr'><strong>Leobergae,</strong></span> <span class='ocrx_word' id='word_1_478' title='bbox 1034 4337 1119 4412; x_wconf 88' lang='lat' dir='ltr'><strong>eujus</strong></span> <span class='ocrx_word' id='word_1_479' title='bbox 1140 4340 1242 4416; x_wconf 91' lang='lat' dir='ltr'><strong>oppidi</strong></span> <span class='ocrx_word' id='word_1_480' title='bbox 1258 4343 1334 4401; x_wconf 84' lang='lat' dir='ltr'><strong>ciris</strong></span> <span class='ocrx_word' id='word_1_481' title='bbox 1348 4359 1413 4403; x_wconf 88' lang='lat' dir='ltr'><strong>sum</strong></span> 
     </span>
     <span class='ocr_line' id='line_1_46' title="bbox 58 4424 1413 4504; baseline 0.001 -15"><span class='ocrx_word' id='word_1_482' title='bbox 58 4426 201 4504; x_wconf 81' lang='lat' dir='ltr'><strong>siquod</strong></span> <span class='ocrx_word' id='word_1_483' title='bbox 230 4425 475 4486; x_wconf 85' lang='lat' dir='ltr'><strong>circumhabitant</strong></span> <span class='ocrx_word' id='word_1_484' title='bbox 504 4426 619 4499; x_wconf 77' lang='lat' dir='ltr'><strong>cognati</strong></span> <span class='ocrx_word' id='word_1_485' title='bbox 650 4425 707 4483; x_wconf 89' lang='lat' dir='ltr'><strong>mei</strong></span> <span class='ocrx_word' id='word_1_486' title='bbox 735 4440 843 4500; x_wconf 87' lang='lat' dir='ltr'><strong>magno</strong></span> <span class='ocrx_word' id='word_1_487' title='bbox 873 4440 1008 4496; x_wconf 84' lang='lat' dir='ltr'><strong>numero,</strong></span> <span class='ocrx_word' id='word_1_488' title='bbox 1037 4424 1169 4502; x_wconf 90' lang='lat' dir='ltr'><strong>plerique</strong></span> <span class='ocrx_word' id='word_1_489' title='bbox 1200 4429 1318 4504; x_wconf 87' lang='lat' dir='ltr'><strong>inopes,</strong></span> <span class='ocrx_word' id='word_1_490' title='bbox 1349 4431 1413 4491; x_wconf 86' lang='lat' dir='ltr'><strong>sire</strong></span> 
     </span>
     <span class='ocr_line' id='line_1_47' title="bbox 58 4509 1413 4592; baseline 0.001 -16"><span class='ocrx_word' id='word_1_491' title='bbox 58 4512 190 4592; x_wconf 79' lang='lat' dir='ltr'><strong>aratque</strong></span> <span class='ocrx_word' id='word_1_492' title='bbox 213 4513 404 4591; x_wconf 77' lang='lat' dir='ltr'><strong>Argentinae.</strong></span> <span class='ocrx_word' id='word_1_493' title='bbox 428 4511 572 4588; x_wconf 90' lang='lat' dir='ltr'><strong>siquidem</strong></span> <span class='ocrx_word' id='word_1_494' title='bbox 596 4510 666 4571; x_wconf 89' lang='lat' dir='ltr'><strong>haio</strong></span> <span class='ocrx_word' id='word_1_495' title='bbox 687 4509 753 4571; x_wconf 89' lang='lat' dir='ltr'><strong>ioco</strong></span> <span class='ocrx_word' id='word_1_496' title='bbox 776 4511 827 4569; x_wconf 82' lang='lat' dir='ltr'><strong>lux</strong></span> <span class='ocrx_word' id='word_1_497' title='bbox 842 4511 941 4586; x_wconf 85' lang='lat' dir='ltr'><strong>aliqua</strong></span> <span class='ocrx_word' id='word_1_498' title='bbox 955 4511 1096 4588; x_wconf 79' lang='lat' dir='ltr'><strong>affulgeat</strong></span> <span class='ocrx_word' id='word_1_499' title='bbox 1110 4530 1128 4573; x_wconf 90' lang='lat' dir='ltr'><strong>o</strong></span> <span class='ocrx_word' id='word_1_500' title='bbox 1143 4514 1334 4589; x_wconf 80' lang='lat' dir='ltr'><strong>professionis</strong></span> <span class='ocrx_word' id='word_1_501' title='bbox 1348 4532 1413 4592; x_wconf 87' lang='lat' dir='ltr'><strong>spo.</strong></span> 
     </span>
     <span class='ocr_line' id='line_1_48' title="bbox 58 4598 1412 4675; baseline 0 -14"><span class='ocrx_word' id='word_1_502' title='bbox 58 4598 107 4661; x_wconf 83' lang='lat' dir='ltr'><strong>&#39;l&#39;u</strong></span> <span class='ocrx_word' id='word_1_503' title='bbox 128 4619 250 4662; x_wconf 83' lang='lat' dir='ltr'><strong>uxorem</strong></span> <span class='ocrx_word' id='word_1_504' title='bbox 279 4612 359 4660; x_wconf 90' lang='lat' dir='ltr'><strong>tuam</strong></span> <span class='ocrx_word' id='word_1_505' title='bbox 381 4599 541 4658; x_wconf 87' lang='lat' dir='ltr'><strong>Durlacum</strong></span> <span class='ocrx_word' id='word_1_506' title='bbox 573 4599 670 4656; x_wconf 89' lang='lat' dir='ltr'><strong>mittes</strong></span> <span class='ocrx_word' id='word_1_507' title='bbox 697 4600 855 4658; x_wconf 85' lang='lat' dir='ltr'><strong>comitante</strong></span> <span class='ocrx_word' id='word_1_508' title='bbox 876 4601 1002 4675; x_wconf 88' lang='lat' dir='ltr'><strong>patrima</strong></span> <span class='ocrx_word' id='word_1_509' title='bbox 1030 4616 1110 4674; x_wconf 90' lang='lat' dir='ltr'><strong>mea,</strong></span> <span class='ocrx_word' id='word_1_510' title='bbox 1140 4600 1178 4663; x_wconf 91' lang='lat' dir='ltr'><strong>D.</strong></span> <span class='ocrx_word' id='word_1_511' title='bbox 1201 4600 1412 4663; x_wconf 82' lang='lat' dir='ltr'><strong>hiartreoclrerl</strong></span> 
     </span>
     <span class='ocr_line' id='line_1_49' title="bbox 60 4683 1412 4766; baseline 0.001 -18"><span class='ocrx_word' id='word_1_512' title='bbox 60 4704 164 4763; x_wconf 82' lang='lat' dir='ltr'><strong>axorc,</strong></span> <span class='ocrx_word' id='word_1_513' title='bbox 195 4695 352 4749; x_wconf 86' lang='lat' dir='ltr'><strong>avocatum</strong></span> <span class='ocrx_word' id='word_1_514' title='bbox 376 4698 404 4746; x_wconf 91' lang='lat' dir='ltr'><strong>et</strong></span> <span class='ocrx_word' id='word_1_515' title='bbox 435 4685 610 4746; x_wconf 87' lang='lat' dir='ltr'><strong>conductum</strong></span> <span class='ocrx_word' id='word_1_516' title='bbox 639 4683 728 4743; x_wconf 88' lang='lat' dir='ltr'><strong>liliam</strong></span> <span class='ocrx_word' id='word_1_517' title='bbox 759 4702 862 4746; x_wconf 88' lang='lat' dir='ltr'><strong>meam.</strong></span> <span class='ocrx_word' id='word_1_518' title='bbox 907 4684 952 4746; x_wconf 72' lang='lat' dir='ltr'><strong>&#39;l&#39;n</strong></span> <span class='ocrx_word' id='word_1_519' title='bbox 980 4693 1094 4745; x_wconf 88' lang='lat' dir='ltr'><strong>sumtus</strong></span> <span class='ocrx_word' id='word_1_520' title='bbox 1123 4688 1227 4760; x_wconf 88' lang='lat' dir='ltr'><strong>lacios,</strong></span> <span class='ocrx_word' id='word_1_521' title='bbox 1259 4705 1334 4765; x_wconf 92' lang='lat' dir='ltr'><strong>qnos</strong></span> <span class='ocrx_word' id='word_1_522' title='bbox 1355 4707 1412 4766; x_wconf 88' lang='lat' dir='ltr'><strong>ego</strong></span> 
     </span>
     <span class='ocr_line' id='line_1_50' title="bbox 61 4765 1413 4861; baseline -0.003 -22"><span class='ocrx_word' id='word_1_523' title='bbox 61 4776 113 4839; x_wconf 79' lang='lat' dir='ltr'><strong>uir</strong></span> <span class='ocrx_word' id='word_1_524' title='bbox 135 4775 339 4849; x_wconf 76' lang='lat' dir='ltr'><strong>Francolartq</strong></span> <span class='ocrx_word' id='word_1_525' title='bbox 363 4774 474 4850; x_wconf 87' lang='lat' dir='ltr'><strong>Lipsia,</strong></span> <span class='ocrx_word' id='word_1_526' title='bbox 497 4770 688 4848; x_wconf 85' lang='lat' dir='ltr'><strong>Campeduno</strong></span> <span class='ocrx_word' id='word_1_527' title='bbox 703 4765 765 4855; x_wconf 88' lang='lat' dir='ltr'><strong>(his</strong></span> <span class='ocrx_word' id='word_1_528' title='bbox 779 4775 856 4833; x_wconf 91' lang='lat' dir='ltr'><strong>enim</strong></span> <span class='ocrx_word' id='word_1_529' title='bbox 878 4774 951 4834; x_wconf 86' lang='lat' dir='ltr'><strong>locis</strong></span> <span class='ocrx_word' id='word_1_530' title='bbox 974 4773 1070 4834; x_wconf 87' lang='lat' dir='ltr'><strong>habeo</strong></span> <span class='ocrx_word' id='word_1_531' title='bbox 1093 4773 1244 4852; x_wconf 84' lang='lat' dir='ltr'><strong>depositas</strong></span> <span class='ocrx_word' id='word_1_532' title='bbox 1258 4772 1413 4861; x_wconf 87' lang='lat' dir='ltr'><strong>pecunias)</strong></span> 
     </span>
    </p>
   </div>
   <div class='ocr_carea' id='block_1_3' title="bbox 61 4859 1413 4994">
    <p class='ocr_par' dir='ltr' id='par_1_7' title="bbox 61 4859 1413 4994">
     <span class='ocr_line' id='line_1_51' title="bbox 61 4859 1413 4953; baseline 0.001 -26"><span class='ocrx_word' id='word_1_533' title='bbox 61 4862 230 4927; x_wconf 78' lang='lat' dir='ltr'><strong>nbmittam</strong></span> <span class='ocrx_word' id='word_1_534' title='bbox 252 4871 306 4927; x_wconf 90' lang='lat' dir='ltr'><strong>aut</strong></span> <span class='ocrx_word' id='word_1_535' title='bbox 319 4864 479 4925; x_wconf 86' lang='lat' dir='ltr'><strong>restituam.</strong></span> <span class='ocrx_word' id='word_1_536' title='bbox 510 4860 629 4939; x_wconf 88' lang='lat' dir='ltr'><strong>Nuptiis</strong></span> <span class='ocrx_word' id='word_1_537' title='bbox 649 4861 776 4937; x_wconf 83' lang='lat' dir='ltr'><strong>peractis</strong></span> <span class='ocrx_word' id='word_1_538' title='bbox 799 4859 900 4953; x_wconf 85' lang='lat' dir='ltr'><strong>videet</strong></span> <span class='ocrx_word' id='word_1_539' title='bbox 921 4878 1017 4924; x_wconf 84' lang='lat' dir='ltr'><strong>noras</strong></span> <span class='ocrx_word' id='word_1_540' title='bbox 1039 4861 1170 4938; x_wconf 80' lang='lat' dir='ltr'><strong>multus,</strong></span> <span class='ocrx_word' id='word_1_541' title='bbox 1193 4880 1254 4941; x_wconf 90' lang='lat' dir='ltr'><strong>qua</strong></span> <span class='ocrx_word' id='word_1_542' title='bbox 1275 4866 1413 4929; x_wconf 80' lang='lat' dir='ltr'><strong>itinerum</strong></span> 
     </span>
     <span class='ocr_line' id='line_1_52' title="bbox 1148 4961 1203 4994; baseline 0 0"><span class='ocrx_word' id='word_1_543' title='bbox 1148 4961 1203 4994; x_wconf 60' lang='lat' dir='ltr'><strong>en·</strong></span> 
     </span>
    </p>
   </div>
   <div class='ocr_carea' id='block_1_4' title="bbox 0 0 1658 5534">
    <p class='ocr_par' dir='ltr' id='par_1_8' title="bbox 0 0 1658 5534">
     <span class='ocr_line' id='line_1_53' title="bbox 0 0 1658 5534; baseline 0 2"><span class='ocrx_word' id='word_1_544' title='bbox 0 0 1658 5534; x_wconf 95' lang='lat' dir='ltr'><strong> </strong></span> 
     </span>
    </p>
   </div>
  </div>
 </body>
</html>
