3308 5534
539 392 1114 483 sqtantturumstaurutoetrtaa.
1416 402 1500 475 1003

148 584 284 649 matu·
306 594 460 651 assecutus
481 606 547 651 sum
570 589 650 667 quod
672 591 859 667 quaerebam,
882 589 1022 669 pleraque
1044 599 1141 651 tamen
1158 591 1309 666 principia,
1332 604 1409 665 qune
1431 585 1503 646 mibi

144 674 213 751 jus
234 682 297 735 ium
320 683 440 737 naturae
457 694 552 737 rerum
569 677 745 738 videbantur
759 688 966 750 consentanea,
989 681 1152 739 certissima
1168 686 1196 738 et
1213 682 1282 736 totis
1298 677 1344 735 his
1361 681 1402 735 iti>
1418 676 1504 734 annis

148 760 309 824 utilissima
330 781 396 823 sum
419 773 555 840 expertus
559 805 665 827 .....
703 765 736 826 st
757 782 811 842 pro
833 784 907 828 rose
929 770 1037 825 anima
1053 761 1180 850 (textum
1204 774 1257 824 aut
1279 766 1415 822 rnotrioes
1435 764 1504 821 ani-

147 865 228 922 mas,
251 867 311 926 quo
332 859 403 911 sunt
424 869 444 910 a
464 850 534 913 Sole
556 854 737 926 remotiores,
758 854 816 914 lroo
837 862 905 913 suut
929 853 1151 925 imbecilliores,
1175 861 1227 912 aut
1250 869 1309 911 una
1332 860 1377 910 est
1396 853 1503 909 motrix

149 938 254 999 anima
274 940 304 997 in
329 940 442 999 orbium
465 941 596 998 omnium
619 947 735 1012 oeutro,
764 941 877 1003 seilicet
901 943 930 999 in
953 941 1038 1013 Sole,
1070 957 1146 1017 quae
1169 948 1201 1000 ut
1223 937 1376 1014 quodlibet
1398 954 1503 1014 eorpus

148 1030 199 1085 ssi
220 1026 346 1087 rioiuius
368 1043 405 1085 eo
427 1026 629 1087 vehementius
651 1028 754 1088 inritet
776 1027 846 1105 ote.)
869 1044 972 1088 rotem
994 1032 1057 1087 uim
1079 1029 1250 1099 substituas,
1274 1026 1365 1085 habos
1387 1026 1504 1102 ipsissi-

147 1126 231 1171 mum
252 1113 438 1189 principium,
462 1130 497 1172 er
520 1130 579 1189 quo
602 1114 726 1191 physica
748 1115 884 1177 eoelestis
907 1117 935 1173 ln
960 1115 1121 1177 comment.
1143 1114 1247 1173 Martis
1277 1123 1322 1172 est
1344 1114 1504 1172 constituis

146 1205 180 1259 st
201 1198 276 1259 libro
291 1199 345 1259 lV.
369 1201 520 1277 Epitotnes
535 1201 661 1264 exsulta.
693 1199 772 1261 Olim
795 1205 871 1263 enim
887 1220 1006 1263 oausam
1027 1210 1194 1262 inurentem
1216 1200 1350 1278 planetas
1366 1198 1503 1259 absoluto

147 1286 278 1347 musam
301 1304 367 1348 esse
389 1287 557 1361 credebam,
589 1290 700 1365 qnippe
727 1290 858 1350 imbutus
887 1287 1075 1365 dogmatibus
1097 1289 1173 1350 Julii
1196 1290 1279 1349 Caes.
1302 1288 1442 1363 Sosiigsri
1465 1286 1503 1346 rio

105 1420 109 1425 .
147 1375 323 1435 moirioibus
346 1374 555 1452 intelligentiis.
595 1376 636 1435 rit
652 1393 718 1435 eum
733 1376 958 1454 perpenderem,
982 1378 1058 1437 bano
1080 1395 1198 1437 oausam
1222 1378 1371 1435 motrioom
1394 1373 1504 1433 debili·

145 1462 207 1521 tsrl
227 1478 296 1521 eum
311 1460 460 1537 distantia,
482 1462 580 1522 lumen
596 1461 674 1523 Solis
697 1466 786 1523 aiam
802 1467 947 1525 attenuari
963 1482 1029 1526 oum
1053 1466 1194 1525 distantia
1211 1482 1228 1523 a
1244 1463 1322 1535 Sole,
1347 1462 1415 1521 bine
1429 1477 1503 1521 oon·

148 1545 240 1622 elusi,
272 1551 331 1609 rim
355 1550 431 1609 bane
453 1567 516 1611 esse
539 1567 711 1628 corporeum
735 1550 861 1628 ailquid,
892 1555 918 1611 si
940 1570 999 1611 nou
1027 1556 1160 1628 proprie,
1189 1551 1293 1610 saltem
1321 1550 1502 1627 aequivoue3

146 1635 227 1697 sieut
250 1634 348 1696 iumen
371 1637 493 1697 dicimus
516 1654 581 1698 essu
603 1638 717 1715 aliquid
738 1655 920 1718 corporeum,
944 1640 974 1699 id
996 1652 1041 1700 est
1063 1642 1190 1717 speeiem
1213 1658 1232 1699 a
1254 1654 1375 1714 corpore
1398 1636 1504 1715 delap-

145 1738 224 1797 sum,
245 1724 297 1784 sed
320 1726 573 1785 immateriatam.“

247 1810 341 1870 Hane
364 1813 423 1870 vim
447 1821 545 1872 censet
568 1829 633 1872 oum
657 1812 797 1873 distantia
813 1813 959 1873 debilitari
982 1814 1070 1890 plone
1094 1812 1245 1882 utlueem,
1271 1810 1377 1891 „crrJus
1392 1808 1501 1870 debili·

150 1898 275 1959 tattonis
303 1916 440 1960 mensura
466 1918 501 1960 er
524 1902 670 1960 sententia
699 1903 863 1978 optinorum
893 1918 928 1961 er
952 1901 1126 1961 oireulorum
1155 1904 1343 1977 proportione
1373 1896 1501 1974 petenda

148 1980 223 2044 Ν.
266 1984 351 2045 Haeo
381 1988 428 2047 lex
456 1989 485 2045 in
509 1984 650 2064 Optioa
670 1988 792 2066 Kepleri
819 1988 905 2049 aliter
932 1997 962 2049 et
992 1990 1110 2065 quidem
1141 1989 1302 2048 rectissime
1334 1987 1504 2062 exprimitur

146 2074 764 2149 (11.1³e):rtoanssnaosntsptaertcos
785 2076 964 2153 superficies,
987 2078 1097 2152 quibus
1118 2079 1205 2151 oripo
1226 2076 1302 2133 lueis
1321 2092 1382 2149 pro
1403 2080 1505 2133 emttu

146 2166 203 2230 est,
223 2162 270 2219 ito
291 2160 380 2221 babet
400 2162 533 2222 densitas
552 2164 628 2221 lueis
642 2163 805 2225 radiorum
820 2166 855 2223 in
868 2167 1040 2240 unpustt'ori
1054 2164 1196 2224 odiliam
1219 2166 1253 2221 in
1268 2163 1382 2221 tortori
1395 2161 1505 2237 spitus·

146 2249 218 2307 rino
239 2248 407 2325 superficie.
453 2250 499 2308 rid
531 2249 610 2310 huno
633 2249 753 2326 Optiees
783 2250 898 2325 lorum,
928 2253 1013 2327 qussi
1038 2251 1145 2332 „plana
1175 2254 1204 2308 in
1237 2249 1361 2309 eundem
1383 2248 1504 2308 niodum

147 2332 402 2395 demonstratum“
427 2337 547 2413 ablegat
568 2336 715 2413 Keplerus
738 2337 878 2399 leotorsut
901 2338 973 2416 Cap.
997 2342 1048 2400 53.
1072 2340 1235 2398 comment.
1258 2337 1372 2410 Martis,
1394 2337 1445 2396 nbi
1468 2335 1505 2396 ds

148 2420 325 2483 oireulorum
356 2425 533 2498 perimetris,
564 2442 622 2484 non
652 2423 688 2484 de
721 2425 883 2500 sphaericis
912 2426 1122 2502 superficiebus
1154 2426 1299 2501 loquitur,
1333 2431 1368 2482 ut
1398 2423 1500 2499 lapsus

148 2508 259 2571 calami
280 2510 309 2568 in
332 2511 408 2571 libro
431 2511 468 2573 de
491 2511 586 2573 Marte
609 2510 804 2573 assumendus
826 2513 920 2574 rideri
949 2515 1059 2591 possit,
1089 2514 1147 2573 nisi
1170 2530 1235 2588 onp.
1260 2518 1299 2572 37
1335 2513 1442 2570 iterum
1466 2509 1505 2570 ad

149 2596 278 2657 elroulos
301 2596 443 2658 rediisset.
479 2599 513 2657 ln
537 2602 728 2659 annotatione
751 2599 890 2660 editionis
905 2601 1053 2661 secundae
1077 2600 1164 2660 dieite
1190 2600 1269 2680 „Hie
1292 2615 1370 2659 error
1391 2599 1503 2675 incipit,

148 2684 197 2747 sis
217 2694 316 2743 sutem
342 2683 429 2745 dabui
452 2686 607 2762 colligere:
630 2689 849 2764 proportionem
871 2689 1057 2765 periodorum
1072 2687 1193 2765 duplam
1216 2690 1257 2759 (b.
1281 2707 1306 2745 o.
1329 2688 1504 2759 quadratam)

149 2787 220 2831 esso
243 2772 447 2831 distantiarum
470 2777 682 2850 proportionis;
715 2792 773 2834 nou
797 2775 876 2852 quod
899 2776 957 2836 hoe
979 2795 1080 2837 verum
1105 2793 1169 2836 osse
1197 2783 1328 2846 teneam,
1360 2780 1404 2832 est
1427 2774 1504 2833 euim

148 2858 218 2935 sins
239 2860 442 2921 tantummodo
465 2861 676 2937 sesquialtera“
702 2865 742 2934 (h.
755 2880 780 2922 e.
798 2865 926 2936 quadrati
943 2868 980 2923 ad
998 2867 1119 2937 curbam).
1164 2862 1321 2938 Comparat
1349 2867 1452 2920 auotor
1473 2861 1503 2918 iu

147 2946 211 3007 lson
231 2949 328 3023 eapite
352 2955 448 3007 motus
470 2948 634 3024 periodicas
656 2947 838 3025 planetarum
868 2967 933 3010 oum
958 2950 1104 3010 distantiis
1127 2950 1349 3027 Copemioanis,
1379 2964 1505 3024 eompu-

148 3040 220 3097 (ω
251 3033 402 3093 dimidium
436 3034 616 3095 differentiae
645 3043 807 3111 temporum
840 3037 1054 3113 periodieorurn
1092 3038 1275 3114 planetarum
1304 3037 1438 3095 binorum
1470 3052 1504 3095 sa

150 3120 279 3183 invioem
302 3122 560 3198 subsequentium,
590 3122 792 3200 colligensque
814 3141 950 3183 numeros
979 3143 1031 3202 per
1055 3120 1265 3202 proportiones.
1309 3123 1376 3183 Hae
1397 3138 1504 3201 opera·

148 3210 234 3268 tione
256 3211 376 3286 propius
398 3227 431 3270 so
455 3218 555 3270 conset
577 3210 616 3269 ad
639 3212 793 3270 veritatem
816 3213 985 3273 accessisse.
1024 3212 1166 3272 Concedit
1190 3213 1245 3271 boe
1267 3210 1410 3289 Keplerus
1434 3227 1505 3270 oeu-

149 3311 212 3368 sor,
234 3306 334 3355 monet
356 3305 465 3368 autem,
489 3297 649 3368 accidisse,
675 3305 728 3373 ,ut
749 3298 877 3359 medium
900 3299 1114 3359 arithmeticum
1137 3301 1384 3377 appropinquaret
1406 3297 1503 3359 medio

150 3385 350 3463 proportionis
378 3384 589 3459 sesquialterae
613 3383 678 3462 plus
707 3401 797 3461 quam
824 3386 952 3445 medium
982 3390 1189 3463 geometricum
1223 3404 1275 3447 seu
1309 3387 1504 3465 proportionis

149 3469 291 3547 duplae“.
323 3470 406 3545 Quae
422 3489 510 3546 quuru
527 3472 671 3549 Keplerus
692 3472 810 3547 juvenis
823 3473 910 3533 aliter
924 3491 1080 3551 aggressus
1094 3479 1133 3535 sit
1154 3483 1184 3536 et
1207 3475 1293 3534 iidem
1317 3476 1504 3552 provenirent

147 3560 265 3620 numeri
288 3561 337 3634 qui
360 3561 449 3637 prius,
474 3567 502 3619 ot
525 3559 571 3619 his
587 3559 673 3620 linem
689 3560 778 3621 laniat
793 3561 903 3621 verbis:
930 3570 1060 3641 „eertum
1084 3571 1142 3636 est,
1166 3563 1224 3622 duo
1248 3565 1305 3621 ista
1321 3562 1504 3620 theoremata

148 3646 248 3709 torma
270 3645 388 3722 quidem
411 3646 534 3719 diiierre,
558 3647 610 3707 sed
633 3664 663 3706 re
686 3664 756 3707 vera
779 3648 944 3709 eoinoidere
958 3658 987 3709 et
1008 3652 1062 3710 uiti
1083 3651 1186 3712 eodem
1201 3649 1401 3721 fundamento,
1424 3647 1503 3724 qnod

147 3744 251 3795 tamen
273 3750 333 3809 quo
356 3742 443 3811 paeto
467 3734 527 3807 fiai,
551 3736 727 3810 investigare
749 3735 892 3797 haetenus
908 3753 1057 3814 nunquam
1081 3735 1193 3814 potui“,
1224 3737 1262 3795 ud
1287 3737 1359 3795 bane
1381 3741 1505 3795 annotat

147 3818 299 3898 Keplerus
320 3823 435 3881 senior:
461 3825 551 3896 ,quia
573 3823 709 3883 nimirum
730 3823 903 3885 insedebam
929 3826 1012 3900 vagis
1026 3826 1175 3899 gressibus
1198 3822 1420 3898 ilexiloquorum
1437 3839 1505 3881 rer-

148 3910 268 3982 borum,
291 3925 350 3968 nou
374 3907 441 3983 lege
463 3909 657 3969 arithmetica.
675 3955 682 3971 .
697 3952 755 3972 ...
800 3909 994 3988 Sepeliondus
1018 3921 1062 3971 est
1084 3912 1131 3971 irio
1154 3928 1308 3990 protessus
1331 3926 1387 3969 uon
1404 3926 1504 3969 errans

148 4002 280 4068 tautum,
304 3994 356 4055 sod
380 3998 405 4053 si
429 3998 517 4054 etiarn
540 3997 627 4074 plane
650 3997 779 4072 legitime
802 3998 951 4075 procedat,
974 4000 1045 4074 quia
1067 4002 1215 4077 proportio
1239 3997 1422 4074 periodorum
1445 4013 1506 4056 nou

147 4091 199 4145 est
222 4082 312 4161 dupla
335 4085 531 4161 proportionis
555 4085 758 4144 distantiarum
781 4085 958 4154 mediarum,
982 4086 1049 4146 sed
1073 4086 1360 4164 perfectissime
1383 4092 1419 4143 et
1441 4085 1505 4143 ab·

147 4169 400 4233 solutissimo
428 4171 596 4246 ejusdem
624 4171 897 4248 sesquialtera.
946 4171 1013 4233 Hoo
1036 4176 1124 4250 igitur
1151 4173 1274 4233 aiterum
1297 4182 1328 4233 et
1349 4178 1506 4251 praestru-

147 4259 298 4321 tlsslmum
321 4265 466 4318 secretum
490 4262 612 4318 auctarii
636 4260 703 4319 loeo
726 4275 804 4319 uuna
826 4259 949 4321 recedat
970 4259 1121 4337 Mysteriis
1143 4262 1224 4321 hisce
1240 4259 1505 4337 cosmographieis,

148 4347 266 4425 quoin
289 4346 397 4420 vulgus
421 4348 576 4406 enuntiato
604 4346 687 4407 lubet
709 4364 785 4407 nrrne
807 4351 961 4409 universos
990 4357 1051 4407 tum
1081 4348 1237 4425 theologos
1260 4365 1348 4426 quam
1371 4345 1504 4424 pbiloso-

147 4433 229 4513 piros
252 4432 332 4493 elate
355 4449 428 4492 roae
451 4431 489 4491 ad
514 4451 665 4493 censuram
689 4433 836 4510 dogmatis
859 4434 1047 4496 Aristarchioi
1071 4454 1245 4496 contueare.
1274 4434 1426 4495 Attendite
1450 4435 1505 4493 viri

145 4520 377 4597 religiosissimi,
401 4520 629 4597 prolundissimi,
652 4521 823 4585 doctissimi.
868 4522 900 4583 Si
925 4541 1025 4585 uerum
1049 4523 1119 4583 dicit
1141 4523 1380 4583 Ptolemaeus
1397 4563 1503 4581 .....

146 4616 223 4673 istst
244 4607 328 4667 uuile
350 4616 395 4667 est
417 4616 556 4668 constans
579 4620 609 4668 et
631 4610 758 4670 identiea
780 4625 832 4687 per
854 4627 955 4670 omnes
984 4611 1119 4689 planetas
1140 4613 1288 4689 proportio
1311 4619 1443 4668 motuum
1465 4607 1504 4669 ad

146 4697 249 4759 orbos.
295 4694 326 4755 Si
349 4712 449 4754 verum
474 4694 545 4755 dicit
568 4697 697 4774 'Pyobo
720 4696 891 4758 Brulreus
908 4741 915 4754 .
1010 4705 1079 4758 tune
1101 4713 1146 4759 est
1169 4699 1287 4775 quidum
1310 4696 1412 4757 eadem
1434 4711 1505 4774 pro·

146 4785 249 4865 portio
271 4790 434 4860 temporum
457 4782 496 4843 ad
519 4783 613 4857 orbes,
636 4784 688 4845 sed
710 4792 808 4845 motus
830 4801 888 4844 nou
904 4787 942 4846 ab
959 4785 1061 4847 eodem
1077 4794 1176 4847 centro
1193 4786 1385 4864 dispensatur,
1408 4791 1506 4843 motus

148 4873 232 4939 subn
253 4872 387 4951 quinque
410 4869 594 4949 planetarum
616 4875 694 4936 uiros
716 4870 817 4935 sotem
844 4872 1031 4954 dispensatur
1052 4891 1073 4934 a
1094 4874 1179 4955 Soio,
1207 4880 1307 4937 motus
1335 4888 1405 4934 sero
1426 4869 1507 4935 sniis
