3308 5534
251 392 319 466 986
758 394 1103 468 ,vturomnunepou

257 575 393 636 omnibus
414 575 499 638 Remi
522 578 753 640 dubitationibus
775 587 804 640 ct
826 575 1096 657 percontationibus
1117 582 1212 636 totum
1233 593 1269 637 se
1293 574 1451 649 dederet,
1482 575 1534 636 bic
1553 576 1617 655 lq·

255 662 309 723 leri
325 664 472 725 officiosas
487 667 631 726 voluntati
645 669 788 729 maximas
809 668 920 745 gratias
943 667 1019 741 agit,
1042 681 1156 724 summo
1172 662 1307 739 ejusdem
1332 667 1472 741 ingenio
1496 666 1616 725 uras·-

255 750 359 811 laudcs
375 753 489 812 tribuit:
516 754 645 834 „Indica
669 773 720 832 per
741 772 816 832 quas
840 756 904 815 vias
926 753 979 813 tibi
998 753 1139 812 inservire
1154 769 1270 827 queam,
1294 770 1348 813 me
1368 753 1509 813 babebis
1524 769 1617 829 κῃ

256 846 401 915 promtum
425 849 454 900 et
473 850 616 916 paratum.
648 842 762 920 Dignus
785 858 856 902 sane
878 858 919 915 cs,
943 847 976 901 ut
997 856 1050 918 pro
1073 839 1246 918 Coryphaeo
1271 848 1303 900 et
1326 850 1428 917 patre
1453 850 1557 899 nosue
1572 840 1617 915 j·

258 925 296 984 ab
319 927 455 986 omnibus
477 927 691 989 mathematicis
713 924 878 990 babeatis.“

365 1013 399 1073 In
423 1032 458 1073 co
491 1014 616 1092 denique
639 1016 827 1097 epistolarum
854 1015 1044 1086 commercio,
1075 1012 1154 1090 quod
1183 1015 1258 1072 inter
1282 1012 1467 1089 Kepleruvn
1500 1022 1532 1074 et
1551 1012 1619 1069 itr-

257 1101 422 1159 centium
447 1102 627 1163 Blaucum
650 1102 798 1183 (Bianchi)
820 1106 966 1178 intererat,
990 1104 1041 1179 qui
1062 1101 1179 1160 nomine
1195 1099 1322 1160 Comitis
1341 1099 1479 1159 Alerani
1502 1102 1560 1161 sibi
1578 1104 1619 1159 ἰ-

256 1188 356 1266 poslto
379 1204 437 1247 non
460 1193 556 1249 minus
579 1194 693 1267 generis
717 1193 892 1269 antiquitate
921 1206 1009 1267 quem
1037 1190 1099 1248 suis
1127 1190 1236 1247 meritis
1267 1194 1299 1247 et
1321 1186 1507 1248 bonoribus
1535 1204 1621 1265 mps-

258 1276 345 1348 biret,
369 1277 499 1352 inprimis
523 1278 640 1353 quidem
664 1278 700 1339 de
723 1280 810 1339 rebus
833 1280 972 1356 scriptum
995 1284 1040 1337 est
1054 1272 1246 1352 astrologicis,
1272 1292 1293 1332 a
1308 1274 1438 1334 Blaneo
1463 1278 1495 1334 in
1511 1274 1620 1335 med-

257 1364 427 1438 propositis.
472 1363 529 1423 Sed
554 1366 699 1442 Keplerus
722 1366 835 1426 Blanec
864 1384 901 1426 ex
928 1363 1034 1424 altiore
1064 1362 1190 1438 quodam
1221 1362 1291 1421 loco
1315 1370 1349 1421 et
1381 1362 1518 1423 elatiore
1544 1379 1620 1422 rer·

260 1450 507 1526 contemplatione
529 1454 686 1530 respondet
709 1453 891 1530 eundemque
914 1454 1092 1512 somniorum
1123 1448 1378 1524 astrologicorum
1405 1451 1501 1509 nimis
1524 1448 1621 1509 stab

259 1552 325 1595 sum
347 1536 525 1598 admodum
548 1548 577 1599 ct
600 1543 752 1601 veritatem
774 1541 913 1601 reducere
936 1538 1044 1599 studet.
1088 1536 1169 1596 Idem
1193 1553 1259 1594 cum
1283 1535 1432 1595 Blsncus
1465 1540 1585 1613 saepius
1600 1550 1622 1593 er

259 1624 462 1685 immodestius
485 1630 599 1701 generis
621 1628 803 1688 nobilitatem
826 1629 956 1699 aderrat,
979 1623 1124 1703 Keplerus
1141 1623 1244 1699 jocose
1267 1625 1298 1682 ei
1321 1626 1483 1695 rescribit,
1507 1642 1541 1685 se
1563 1640 1622 1699 i*

261 1723 318 1786 que
340 1711 467 1786 maJores
490 1713 598 1774 babere
613 1715 727 1776 nobiles
749 1719 811 1783 (cir.
830 1719 882 1774 voi.
901 1718 963 1774 vlt.
981 1735 1008 1788 p.
1027 1717 1091 1785 472)
1114 1719 1144 1771 et
1158 1710 1232 1770 baec
1246 1709 1435 1788 subjungit:
1463 1711 1556 1791 „lpse
1568 1710 1621 1788 pfl·

259 1797 406 1874 losopbia,
430 1818 506 1874 quae
530 1802 672 1862 hactenus
693 1805 842 1863 rusticano
865 1800 968 1863 habitu
990 1816 1102 1861 mecum
1126 1799 1373 1871 conversabatur,
1401 1809 1569 1876 postquam
1587 1800 1621 1854 ἰ-

259 1884 419 1959 teliexerit,
451 1887 488 1946 ud
516 1897 643 1964 quantae
673 1890 836 1951 nobilitatis
864 1891 958 1947 virum
988 1887 1059 1947 mibi
1088 1885 1212 1963 postbac
1240 1884 1347 1944 futura
1371 1886 1417 1945 sit
1442 1888 1621 1947 interaneis

259 1971 457 2033 honestiorem
481 1974 569 2037 hodie
591 1985 691 2053 togam
716 1973 841 2038 induit.“
887 1975 973 2035 Prius
996 1992 1061 2035 cunr
1082 1973 1210 2032 lilancns
1241 1970 1279 2031 de
1304 1971 1440 2048 Kepleri
1465 1972 1620 2034 conditior

261 2059 381 2119 ellusius
404 2064 579 2143 scripsisset,
606 2064 794 2141 responderat
816 2062 971 2141 Keplerus,
996 2063 1138 2123 erravisse
1162 2076 1229 2119 eum
1251 2061 1279 2117 si
1303 2059 1487 2136 singulares
1509 2062 1619 2121 boum

261 2154 291 2207 et
314 2146 471 2224 dignitates
503 2152 559 2209 sibi
590 2153 770 2224 attribueret,
803 2152 902 2212 literas
930 2152 1016 2211 unice
1044 2166 1077 2209 se
1099 2154 1233 2225 tractare,
1257 2145 1511 2225 „humanitatem
1533 2150 1563 2207 is
1582 2164 1620 2205 ce·

260 2235 330 2294 teris
352 2234 432 2309 colo,
462 2240 491 2295 in
514 2257 560 2298 me
584 2239 662 2315 quod
686 2239 734 2299 bic
758 2241 869 2315 jactem
897 2252 956 2299 non
985 2239 1112 2297 invenio.
1157 2231 1308 2292 Voluntas
1341 2234 1423 2293 mibi
1451 2244 1570 2313 promta
1586 2248 1618 2293 est

261 2322 445 2397 gratificandi
473 2328 623 2398 omnibus,
654 2344 709 2387 nec
732 2335 765 2387 ut
788 2328 887 2387 flectar
915 2325 965 2387 vel
992 2325 1109 2405 hymnis
1140 2338 1215 2398 opus
1243 2329 1291 2380 est
1324 2320 1377 2381 vel
1402 2322 1620 2399 supplicatifll·

260 2406 348 2469 uruit.
395 2413 541 2472 Deillius
570 2417 792 2491 quaestionibus
821 2411 1006 2489 astrologicis
1034 2410 1122 2471 hacc:
1158 2406 1275 2489 ,video
1309 2409 1416 2485 inquit
1441 2410 1514 2471 Ere.
1538 2409 1617 2469 Tan

262 2498 402 2557 articulos
431 2504 547 2577 exigere
576 2511 740 2579 temporum
769 2502 978 2563 adirectione.
1024 2499 1160 2558 Animum
1193 2494 1316 2573 quidem
1347 2496 1483 2574 implere
1512 2510 1619 2575 postu

261 2592 351 2658 asna,
375 2596 499 2647 eventus
522 2591 602 2665 ipsos
625 2589 691 2650 sola
713 2594 864 2667 praestare
886 2604 944 2648 non
968 2592 1106 2667 possunt,
1129 2583 1181 2643 sed
1204 2584 1340 2643 excitant
1362 2582 1525 2647 bominem
1547 2588 1618 2659 inps

264 2674 367 2747 vigilia
390 2693 441 2734 seu
466 2677 597 2736 excubiis
621 2680 809 2749 constituunt,
833 2682 866 2735 ut
888 2674 1057 2736 occasiones
1073 2678 1292 2751 praetereuntes
1317 2673 1460 2748 arripiat.
1499 2672 1563 2733 Non
1581 2674 1618 2727 is·

261 2758 352 2831 dcior,
375 2762 554 2839 praeclaram
578 2782 642 2824 esse
665 2764 918 2824 constellationem
940 2764 982 2839 (in
1006 2760 1134 2823 themate
1150 2754 1274 2837 blanci),
1298 2758 1405 2818 solent
1430 2770 1532 2820 tamen
1553 2759 1617 2835 ejus·

262 2847 343 2908 modi
371 2849 609 2911 constellationes
641 2853 783 2911 interdum
814 2852 870 2910 boc
901 2850 1028 2922 eilicere,
1060 2856 1093 2907 ut
1121 2847 1207 2906 bomo
1237 2845 1365 2905 nimium
1401 2846 1571 2926 appetendo
1593 2860 1616 2903 ι

263 2937 358 3013 ipsum
390 2936 542 2998 voluntate
571 2941 667 3014 privet
689 2956 787 2998 earum
811 2955 919 3009 rerum,
950 2954 1024 3013 qttas
1045 2936 1153 2997 habere
1175 2931 1306 3010 potest.“
1358 2934 1510 2996 Similiter
1530 2936 1616 2993 n‘min

262 3023 365 3083 Blsnci
383 3022 418 3084 de
435 3033 607 3103 aspectuum
623 3029 768 3101 gravitate
784 3033 851 3096 etc,
876 3025 1028 3103 opiniones
1044 3022 1081 3083 ad
1097 3023 1207 3097 justum
1222 3020 1347 3080 modurn
1363 3020 1512 3083 reducere
1527 3020 1615 3082 1111111.

263 3128 377 3189 semper
392 3129 458 3171 eum
476 3113 616 3189 delegans
632 3115 669 3172 ad
683 3116 875 3188 cogitationes
891 3115 920 3170 in
932 3112 1070 3190 operibus
1085 3112 1145 3169 suis
1158 3109 1309 3185 expositas
1320 3127 1329 3183 3
1339 3110 1436 3167 simul
1454 3120 1551 3170 autern
1561 3110 1614 3167 datr

263 3200 320 3259 bac
342 3202 497 3259 occasione
521 3209 687 3277 opportuna
702 3201 739 3261 ad
756 3201 895 3277 majorem
918 3215 1037 3276 operum
1053 3213 1170 3256 suornm
1194 3198 1223 3253 in
1246 3193 1341 3255 ltalia
1364 3198 1614 3275 promulgationes

262 3285 367 3346 lilanci
390 3286 531 3345 auxilium
555 3297 767 3363 rogatumque
791 3286 953 3365 singulares
976 3302 1045 3345 suas
1067 3283 1143 3344 celat
1171 3281 1206 3342 de
1230 3281 1448 3363 Copemicana
1477 3284 1613 3363 hypothesi

262 3376 438 3447 sententias,
469 3393 544 3450 quas
568 3375 756 3451 divulgandis
787 3392 839 3453 per
860 3374 978 3434 Italiam
1000 3373 1139 3431 librorum
1170 3388 1292 3431 suorum
1326 3372 1486 3431 nonnullis
1508 3372 1614 3431 mesine

261 3460 414 3520 obfuturas
438 3481 501 3522 esse
526 3465 635 3540 optime
659 3462 742 3522 vidit.
780 3463 814 3522 In
837 3461 940 3521 ultima
962 3477 1038 3537 quae
1061 3466 1181 3521 servata
1202 3458 1334 3537 epistola
1357 3468 1406 3519 est
1425 3464 1504 3525 idaea
1517 3466 1547 3518 13
1565 3460 1614 3515 Jrr.

263 3552 353 3621 toto),
372 3549 518 3627 Keplerus
541 3553 627 3609 nimis
650 3550 777 3610 humane
800 3552 909 3625 gratias
932 3551 994 3625 agit
1010 3549 1048 3609 ob
1063 3550 1183 3608 missurn
1199 3546 1347 3615 libellum,
1372 3566 1391 3604 a
1410 3544 1527 3605 Blsnco
1541 3546 1615 3619 scip·

261 3641 322 3694 turn
356 3635 392 3696 de
424 3638 520 3696 verbis
545 3640 676 3697 obscuris
700 3638 778 3698 Petri
809 3637 892 3698 cultri
924 3639 1078 3698 manubrio
1106 3634 1260 3709 inscriptis.
1318 3631 1420 3706 Quem
1453 3631 1614 3691 tantumn

261 3722 394 3784 libellum
419 3723 564 3801 Keplerus
590 3726 773 3805 „stupendae
797 3725 946 3785 doctrinae
969 3716 1195 3782 documentum“
1220 3718 1303 3778 dicit.
1329 3752 1372 3763 -

367 3810 410 3869 Ex
434 3812 614 3889 amplissimo
638 3814 760 3891 Kepleri
783 3811 971 3889 epistolarum
992 3808 1163 3870 commercio
1186 3822 1241 3864 nos
1264 3823 1302 3864 ea
1326 3806 1506 3873 attulimus.
1527 3804 1610 3883 nubs

262 3898 316 3954 viri
349 3899 515 3974 ingenium,
547 3908 653 3961 natura
683 3912 713 3959 ct
740 3916 834 3958 mores
866 3899 975 3974 optime
1005 3896 1143 3955 illustrari
1167 3894 1420 3954 existimavimus.
1469 3892 1606 3955 remeia

262 3983 379 4058 quidem
403 3994 520 4046 exstant
548 3986 623 4047 aliae
646 3985 766 4064 Kepleri
792 3984 949 4062 epistolae,
978 4000 1054 4061 quae
1076 3999 1135 4041 non
1158 3984 1255 4039 minus
1278 3980 1422 4058 ampliori
1446 4000 1556 4043 morum
1574 3996 1605 4039 es

261 4070 412 4147 plicationi
446 4077 556 4133 servire
587 4076 709 4149 possint.
755 4072 814 4133 Sed
844 4070 970 4148 exempli
999 4072 1093 4145 gratia
1121 4085 1198 4145 quae
1228 4065 1331 4126 adhuc
1363 4068 1438 4128 data
1462 4082 1530 4128 stant
1549 4062 1603 4127 rati

262 4158 354 4228 ciant,
386 4161 496 4235 quique
524 4169 553 4221 st
575 4161 694 4239 Kepleri
724 4162 789 4238 ipsa
819 4175 908 4236 opera
939 4157 1139 4216 voluminibus
1169 4153 1422 4215 antecedentibus
1453 4157 1602 4217 eonem

261 4243 459 4319 praelationes
483 4249 520 4305 iis
543 4249 660 4307 additas
683 4248 852 4323 diligentius
876 4246 1111 4323 perlustrabant,
1140 4244 1196 4321 ipsi
1225 4241 1322 4301 multa
1355 4244 1528 4313 invenient,
1554 4250 1600 4317 qt

261 4328 338 4389 banc
361 4330 614 4394 adumbrationem
637 4336 773 4413 supplere
795 4336 918 4413 possint.

366 4416 473 4477 Restat
496 4421 621 4498 denique
645 4424 784 4484 brevibus
808 4437 970 4499 exponere,
994 4416 1081 4494 quale
1104 4416 1192 4476 luerit
1214 4413 1342 4492 Kepleri
1367 4434 1438 4476 cum
1461 4412 1600 4493 oeqnslb

261 4506 476 4567 commercium.
522 4508 587 4583 Qua
618 4509 654 4570 de
678 4529 707 4571 rc
731 4528 766 4571 ex
797 4508 930 4586 epistolis
961 4506 1140 4584 paucissima
1169 4512 1307 4573 manant,
1340 4520 1409 4563 cum
1441 4504 1527 4565 illae.
1553 4512 1597 4577 ρ

261 4592 385 4665 scriptus
408 4610 474 4651 csse
498 4598 691 4656 certissimum
715 4607 768 4669 est,
793 4606 822 4657 et
844 4593 1008 4671 alleplero
1031 4600 1060 4652 et
1083 4592 1120 4650 ab
1144 4591 1248 4649 amicis
1270 4595 1506 4652 conservatione
1526 4588 1597 4665 w

261 4690 320 4733 uon
344 4681 402 4736 sint
423 4680 553 4744 habitae.
599 4684 642 4742 Ex
665 4703 724 4745 una
746 4693 844 4745 autem
869 4681 996 4761 epistola
1018 4697 1095 4757 quse
1118 4688 1238 4738 servata
1261 4684 1291 4737 ct
1316 4678 1379 4737 vol.
1395 4678 1421 4739 t.
1447 4698 1477 4757 p.
1493 4668 1596 4739 istd·

261 4760 324 4821 dits
347 4771 405 4837 est,
430 4767 502 4824 nibil
525 4773 646 4845 gravius
670 4773 769 4850 colligi
793 4778 900 4849 potest
945 4768 1026 4827 Data
1048 4766 1100 4826 illa
1123 4772 1168 4825 est
1191 4762 1230 4824 ad
1253 4764 1422 4842 Keplerum
1445 4766 1484 4825 ab
1504 4756 1593 4827 ruffi

260 4845 303 4909 bl.
328 4849 539 4933 christophoro
562 4855 764 4937 Orthoiio,
787 4861 838 4937 qui
860 4864 924 4920 tum
946 4855 1060 4935 (toto)
1087 4852 1248 4915 Hirsavise
1268 4862 1453 4934 praeceptor
1472 4862 1538 4915 cat.
1553 4860 1593 4905 t*
