3308 5534
703 364 724 422 1.
743 367 945 425 Mathematica.

738 554 853 642 caput
880 551 914 625 4.

623 687 755 745 Divisio
778 689 1025 754 Quantitatum.

252 802 343 863 Libro
358 802 396 864 V.
420 802 491 866 Met.
509 821 570 883 cap.
591 811 649 879 13,
674 813 830 883 postquam
853 805 1050 865 definitionem
1073 808 1245 881 quantitatis
1266 807 1365 885 posuit
1386 808 1503 869 Aristo·

145 890 235 965 term,
265 890 420 968 subjungit
442 890 517 951 hanc
540 892 730 952 divisionem:
764 892 929 968 Quaedam,
956 896 1066 970 inquit,
1091 902 1160 953 suut
1187 911 1293 970 perse
1316 902 1444 971 quauta,
1471 905 1505 956 ut

144 978 224 1039 linea
246 986 323 1053 etc,
353 978 497 1054 quaedam
525 996 576 1057 per
598 980 743 1043 accidens.
788 980 863 1039 Nam
886 983 1074 1059 respicientes
1098 979 1135 1039 ad
1164 980 1238 1040 haec
1266 990 1363 1042 cetera
1385 999 1504 1059 quoque

147 1074 262 1144 quanta
285 1065 419 1140 dicimus,
442 1075 475 1124 ut
495 1066 617 1126 multam
640 1067 816 1128 albedinem.

249 1152 290 1212 Et
312 1168 389 1230 quae
411 1171 462 1230 per
476 1170 507 1213 sc
523 1164 641 1231 quanta,
666 1173 766 1213 eorum
789 1154 889 1231 aliqua
911 1153 1072 1214 secundum
1088 1156 1244 1215 essentiam
1261 1154 1342 1229 talia,
1367 1165 1399 1215 ut
1413 1155 1502 1231 linea,

146 1242 214 1319 quia
245 1242 278 1298 in
309 1239 477 1300 delinitione
503 1240 598 1301 lineae
629 1244 705 1300 inest
734 1242 876 1320 particula
903 1252 1054 1319 quantum.
1103 1241 1210 1319 Aliqua
1238 1242 1327 1318 hujus
1356 1245 1503 1304 essentiae

145 1328 316 1389 mactiones
340 1336 370 1387 ει
383 1326 547 1387 accidentia
568 1336 645 1402 srrnt,
669 1334 752 1407 παθη
768 1354 816 1390 και
830 1325 910 1402 ἕξεις,
935 1328 1099 1406 eujusmodi
1119 1336 1187 1388 sunt
1209 1329 1341 1403 multum,
1366 1346 1503 1408 paucum,

145 1414 276 1492 longum,
298 1414 399 1490 breve,
421 1413 523 1481 latum.
538 1426 704 1492 angustum,
719 1415 903 1494 protundum,
927 1416 1045 1489 humile,
1069 1434 1168 1492 grave,
1192 1416 1257 1478 lere
1274 1426 1303 1476 ct
1318 1418 1437 1491 similia,
1459 1419 1503 1478 sic
1596 1432 1600 1438 ·
1648 1420 1651 1425 ’

146 1520 287 1581 magnum
310 1509 340 1563 et
362 1519 485 1581 parvum
508 1510 563 1563 etc.
595 1503 701 1562 Eorum
717 1512 824 1577 autem,
849 1521 924 1579 quae
938 1523 999 1649 afer
1021 1521 1052 1563 se
1075 1514 1187 1580 quanta
1205 1516 1281 1577 erint,
1306 1504 1364 1563 duo
1387 1518 1503 1565 summa

145 1608 254 1667 genera
284 1591 315 1647 in
338 1588 501 1666 Categoriis
525 1592 676 1650 constituit
706 1590 907 1669 philosophus,
960 1593 1127 1651 iteratorum
1156 1608 1196 1651 sc
1227 1598 1256 1651 et
1287 1593 1502 1653 continuorum.

145 1676 177 1739 Iu
200 1676 369 1753 Cetegoriis
391 1684 489 1736 autern
512 1679 674 1738 accuratius
698 1677 807 1749 definit,
831 1677 901 1753 quid
924 1677 1095 1751 discretum,
1121 1678 1190 1755 quid
1213 1681 1390 1739 continuum.
1430 1676 1502 1739 Dis·

145 1773 272 1837 crctnm,
296 1765 407 1840 inquit,
431 1773 492 1838 est,
524 1764 602 1842 quod
625 1782 681 1822 non
706 1764 796 1825 hahet
819 1782 1000 1827 communem
1024 1768 1192 1836 terminum,
1226 1764 1263 1825 ad
1287 1784 1374 1842 quem
1397 1768 1503 1829 collant

146 1862 240 1931 partes
265 1851 340 1927 ejus.
387 1848 426 1911 Ut
449 1855 473 1909 si
497 1856 624 1929 quinque
646 1854 705 1911 sint
728 1871 794 1931 pars
817 1850 939 1925 denarii,
964 1856 1092 1929 quinque
1115 1862 1145 1912 et
1167 1855 1312 1929 quinque,
1336 1861 1448 1931 septem
1471 1863 1502 1914 ct

144 1942 198 1999 tria
225 1936 311 1997 nullo
343 1941 489 1997 communi
519 1942 639 1998 termino
671 1940 790 1997 coibunt
815 1948 844 1999 ct
872 1939 1095 2016 copulabuntur.
1142 1940 1320 1999 Continuam
1352 1957 1421 2000 vero
1446 1951 1500 2013 εει,

145 2024 222 2105 quod
246 2024 339 2085 habet
361 2042 544 2085 communem
567 2029 734 2099 terminum,
757 2026 794 2086 ad
819 2044 922 2104 quem,
947 2036 978 2086 ut
1002 2030 1030 2084 in
1054 2027 1131 2087 linea
1154 2026 1192 2086 ad
1215 2036 1370 2105 punctum,
1402 2036 1502 2105 partes

145 2114 206 2191 ejus
229 2110 413 2189 copulentur.

245 2198 365 2260 Passim
392 2206 491 2259 autern
514 2203 541 2257 in
565 2199 699 2278 Physicis
724 2200 896 2260 Aristoteles
926 2199 962 2261 de
992 2201 1137 2260 continuis
1167 2201 1228 2278 agit
1258 2209 1287 2259 et
1316 2199 1501 2262 definitiones

145 2286 239 2357 adcrt,
270 2304 346 2364 quac
375 2282 416 2348 ab
439 2286 496 2347 hac
517 2282 648 2347 nonnihil
679 2288 858 2363 discrepant,
886 2290 940 2347 etsi
972 2290 1060 2348 etiarn
1083 2296 1226 2365 cognatae
1256 2291 1315 2346 sint
1336 2288 1413 2349 huic.
1459 2284 1501 2350 Ut

146 2393 207 2434 com
230 2373 309 2434 libro
333 2372 370 2436 V.
392 2372 485 2452 Phys.
508 2392 571 2451 cap.
596 2382 613 2435 3
639 2381 668 2434 et
690 2374 726 2433 V.
751 2374 822 2437 Met.
846 2393 909 2452 cap.
936 2382 963 2433 tl.
988 2376 1170 2448 continuum,
1194 2376 1253 2444 ait,
1285 2376 1314 2432 in
1338 2375 1384 2435 his
1404 2374 1501 2435 locum

147 2462 264 2535 hebere,
288 2478 326 2521 ex
348 2463 456 2538 quibus
479 2463 573 2538 possit
594 2480 683 2520 unum
707 2471 873 2522 contactum
889 2463 958 2522 lieri.
991 2463 1026 2520 Et
1048 2462 1149 2522 aliter:
1171 2463 1400 2534 continuarunt,
1424 2479 1500 2540 quo-

146 2566 204 2607 rum
227 2551 384 2624 utriusque
406 2559 565 2609 extremum
589 2567 678 2607 unum
701 2558 731 2608 et
753 2549 830 2609 idern
852 2550 893 2621 tit,
917 2550 1024 2626 quibus
1048 2551 1186 2627 contigua
1207 2557 1276 2607 sunt
1290 2556 1319 2609 ει
1333 2548 1499 2612 cohaerent.

149 2635 261 2712 Quibus
283 2635 359 2695 locis
383 2635 484 2695 definit
506 2637 653 2709 continua,
677 2653 735 2694 non
759 2639 944 2710 continuum,
975 2645 1004 2695 ct
1027 2635 1149 2710 indicat,
1174 2635 1320 2712 quomodo
1344 2634 1403 2696 duo
1426 2652 1499 2699 con-

148 2728 226 2784 tinua
251 2725 326 2782 inter
347 2741 380 2783 εε
402 2722 484 2795 fiant,
507 2741 563 2783 non
588 2722 735 2800 quomodo
760 2741 848 2782 riuum
871 2726 932 2783 suis
954 2724 1086 2800 partibus
1110 2726 1278 2784 continuum
1299 2725 1347 2785 sit.

249 2809 379 2869 additur
401 2813 430 2867 in
447 2808 609 2888 categoriis
632 2818 661 2870 et
684 2810 758 2870 hacc
781 2812 896 2883 divisio,
921 2810 999 2887 quod
1023 2810 1168 2887 quaedam
1191 2818 1325 2871 coustant
1347 2828 1383 2871 ex
1404 2812 1499 2888 partl-

149 2898 208 2969 bns,
231 2915 312 2975 quae
335 2896 516 2956 adinvicem
539 2901 627 2958 situm
643 2897 789 2975 quendam
810 2898 929 2970 habent,
953 2907 985 2958 ut
1006 2898 1092 2972 linea,
1118 2897 1299 2975 quorundam
1315 2916 1384 2959 vero
1401 2914 1497 2976 quan·

151 2994 241 3044 torum
265 2991 366 3061 partes
386 2984 500 3043 nullum
522 2984 650 3045 habeant
672 2984 711 3045 ad
733 2987 858 3046 invicem
880 2987 978 3058 situm,
1002 2994 1035 3044 ut
1056 2988 1086 3043 ln
1109 2995 1246 3062 tempora.

250 3072 387 3148 Denique
417 3071 532 3131 videtur
562 3075 635 3132 inter
658 3090 693 3132 ea
716 3075 818 3147 etiam,
849 3091 925 3148 quae
953 3090 1005 3149 per
1035 3075 1191 3133 essentiam
1222 3080 1331 3148 quanta
1355 3069 1497 3147 dicuntur,

148 3160 199 3220 hoc
221 3158 331 3219 cadere
355 3159 517 3233 discrimen,
543 3160 621 3235 quod
645 3160 790 3235 quaedam
805 3162 864 3218 sint
878 3162 1024 3236 primaria,
1048 3158 1192 3235 quaedam
1215 3159 1396 3221 secundaria.
1433 3158 1499 3217 Pri·

148 3249 237 3306 maria
260 3245 388 3319 scilicet,
419 3262 495 3322 quae
526 3249 696 3322 quantitatis
725 3250 866 3306 rationem
895 3264 952 3305 non
976 3249 1181 3306 rranciscuutur
1208 3245 1344 3312 ebutio,
1374 3245 1425 3306 scd
1456 3249 1498 3306 eis

147 3339 237 3411 primo
270 3341 443 3410 competunt
471 3336 666 3410 quantitatum
697 3337 904 3411 proprietates,
936 3344 968 3393 ut
991 3343 1036 3392 est
1059 3335 1133 3393 inter
1155 3335 1293 3393 continua
1316 3333 1497 3409 magnitudo,

147 3426 217 3483 inter
241 3422 371 3480 discreta
393 3439 538 3495 numerus,
563 3422 707 3498 quaedam
731 3439 808 3493 vcro,
834 3420 912 3496 quod
937 3429 1047 3496 quanta
1071 3423 1137 3492 sint,
1160 3430 1311 3496 acceptum
1335 3421 1429 3479 ierunt
1451 3420 1498 3480 his

147 3513 213 3587 ipsis
233 3511 300 3586 janr
324 3510 498 3584 nominatis,
528 3522 558 3567 nt
588 3512 661 3567 inter
691 3513 829 3568 continua
852 3509 947 3582 locus,
976 3510 1046 3584 quia
1069 3507 1202 3567 definitur
1225 3525 1289 3566 csse
1319 3507 1498 3584 superficies,

147 3608 176 3656 ut
197 3595 384 3671 magnitudo,
408 3603 532 3671 tempus,
556 3600 625 3672 quia
648 3598 836 3654 materialiter
859 3595 934 3654 idern
958 3604 1002 3654 est
1025 3613 1090 3654 cunr
1113 3604 1203 3665 motu,
1227 3602 1260 3653 ut
1281 3594 1420 3670 probatur
1443 3592 1496 3652 tv.

146 3684 348 3763 Physicorunr.
397 3682 495 3741 Motus
520 3700 600 3753 vero,
633 3686 727 3760 inquit
752 3682 924 3741 Aristoteles
946 3683 997 3741 lib.
1024 3682 1079 3741 ΙΙΙ.
1102 3681 1192 3759 Phys.
1217 3698 1281 3757 cap.
1308 3688 1350 3753 1.,
1381 3679 1498 3740 videtur

147 3790 178 3831 cx
200 3771 352 3831 cont-uis
375 3787 448 3839 esse,
473 3771 550 3844 quod
573 3770 678 3830 clarius
702 3771 827 3846 explicat
850 3768 886 3827 V.
910 3769 1041 3845 Metaph.
1068 3775 1123 3828 13:
1148 3775 1244 3826 nrotus
1260 3776 1289 3826 ct
1304 3777 1427 3843 tempus,
1452 3769 1499 3825 in-

147 3862 213 3935 quit,
239 3869 354 3936 quanta
384 3866 413 3916 et
436 3858 573 3917 continua
596 3858 745 3929 dicuntur,
770 3875 804 3916 eo
829 3857 906 3931 quod
929 3857 981 3914 illa
1004 3866 1071 3914 sunt
1095 3855 1269 3927 divisibilia,
1295 3872 1416 3931 quorum
1441 3857 1498 3914 ista

148 3956 210 4005 runt
234 3945 410 4005 accidentia.
448 3944 524 4002 Nam
547 3948 616 4019 quia
639 3944 676 4015 id,
700 3963 752 4021 per
776 3943 853 4020 quod
878 3961 923 4002 res
944 3944 1045 4019 aliqua
1062 3950 1141 4001 motu
1165 3961 1218 4001 suo
1242 3944 1385 4014 transivit,
1402 3959 1498 4018 quan-

148 4046 203 4092 tum
228 4032 301 4110 qnid
325 4040 383 4104 est,
414 4031 481 4089 ideo
505 4041 532 4090 et
554 4041 650 4090 metus
673 4038 813 4108 quantum
837 4030 925 4106 quid,
953 4040 982 4090 et
1005 4032 1074 4106 quia
1096 4038 1205 4102 motus,
1230 4030 1297 4089 ideo
1321 4039 1350 4088 et
1371 4038 1497 4105 tempus.

148 4120 192 4180 Sic
214 4123 292 4179 inter
316 4120 443 4177 discreta
466 4121 559 4177 oratio
581 4120 716 4190 refertur,
749 4121 818 4194 quia
841 4117 980 4177 discretas
1011 4118 1101 4177 habet
1129 4118 1259 4194 syllabas
1282 4126 1311 4176 et
1334 4115 1499 4177 differentes

148 4210 268 4268 invicem
300 4207 481 4283 temporibus
504 4205 728 4281 pronunciandi3
758 4206 846 4280 longa
875 4223 978 4281 nempe
1008 4205 1124 4282 syllaba
1152 4205 1241 4264 habet
1269 4203 1327 4262 duo
1358 4211 1498 4281 tempora,

148 4297 242 4355 brevis
264 4313 367 4354 unum.
415 4294 452 4352 Ει
474 4295 516 4352 sic
546 4296 638 4352 oratio
668 4293 734 4351 idco
758 4301 803 4351 est
825 4291 949 4351 discreta
978 4294 1139 4368 quantitas,
1170 4294 1238 4367 quia
1267 4300 1296 4351 et
1323 4291 1446 4368 syllabis
1470 4300 1500 4352 ei

148 4382 326 4460 syllabarum
350 4381 579 4440 dimensionibus
602 4397 738 4439 numeros
760 4382 890 4455 suscipit.
935 4379 1058 4455 Propter
1080 4379 1155 4437 hanc
1178 4380 1357 4454 prioritatem
1382 4380 1499 4438 Aristo·

149 4468 395 4618 ffildesmlsgssessll.
419 4467 510 4546 Phys.
532 4486 595 4545 cap.
618 4470 644 4527 5.
678 4485 763 4527 omne
786 4466 931 4527 divisibile
963 4469 1005 4524 ait
1032 4475 1083 4525 aut
1105 4466 1334 4545 magnitudinem
1359 4483 1424 4527 esso
1447 4474 1499 4526 aut
