3308 5534
144 401 211 474 798
455 438 460 443 -
670 397 736 455 Vita
753 393 869 455 Josnnis
885 395 1008 468 liapleri.

147 577 249 634 euntis
267 576 349 631 animi
367 574 537 645 dubitarem,
555 573 619 629 nori
637 574 710 628 enim
727 573 879 644 ingenium,
903 573 994 642 piatas
1012 570 1112 626 eximia
1134 569 1200 625 milri
1226 576 1277 627 tua
1299 576 1345 626 est
1359 578 1495 643 perspecta

147 665 220 719 cura
237 663 320 734 igitur
336 662 374 717 mi
391 661 511 731 Keplere
528 668 573 730 ut,
593 663 742 720 liberorum
760 667 789 717 et
805 662 846 717 rei
862 659 1004 717 familiaris
1022 659 1174 715 constituta
1191 674 1273 730 eura,
1297 674 1381 729 qnam
1397 661 1495 730 mimum

147 752 182 807 ad
200 767 251 806 nos
271 751 367 806 redeas
386 756 414 806 et
432 750 584 806 incolumis.

251 840 308 894 Nos
327 839 440 895 militem
459 826 582 894 nostrum
607 845 662 893 tam
682 837 804 906 equitum
827 852 861 891 ac
878 835 1002 905 peditum
1021 835 1173 892 dimisimus
1191 852 1283 906 nsque
1301 838 1339 893 sd
1356 837 1418 902 dm,
1438 836 1496 891 idm

148 935 177 984 et
194 930 323 983 bloravos
341 927 440 983 iecisse
459 927 591 995 intelligo.
628 925 710 980 Faxit
727 925 810 993 Dens,
830 930 861 977 ut
879 923 952 978 inter
970 925 1113 981 Caesarem
1132 931 1161 978 et
1177 924 1284 994 Regem
1303 930 1431 993 nosbmn,
1446 924 1497 979 aab

147 1015 211 1072 latis
229 1015 358 1071 fraternis
377 1014 461 1082 odiis,
485 1029 540 1084 pax
558 1014 665 1069 sincera
682 1017 711 1066 et
729 1011 821 1081 firma,
840 1010 874 1064 da
892 1025 947 1079 qua
963 1010 1010 1066 hic
1027 1012 1267 1079 obmurmuratur,
1285 1012 1497 1069 conseramus

146 1101 271 1158 firmetur
294 1102 329 1157 ad
346 1100 470 1167 Nominis
494 1101 585 1155 Itieini
609 1100 724 1169 gloriam
749 1108 777 1154 et
803 1100 950 1156 Christiani
974 1100 1047 1155 orbis
1071 1099 1233 1169 utilitatem,
1258 1101 1335 1169 qnod
1356 1100 1497 1157 nummu

147 1191 274 1262 precibus
294 1206 311 1244 a
328 1190 388 1245 Deo
408 1188 635 1245 contendendum.
672 1189 797 1242 Fratrem
815 1186 982 1243 Richardum
1001 1187 1036 1242 ad
1054 1188 1262 1244 Mdlbnsiaunm
1275 1189 1432 1245 Eleetarnm
1446 1206 1497 1243 eon

43 1310 47 1327 .
148 1284 258 1334 rentum
278 1278 384 1347 aRege
402 1278 524 1346 ablegari
542 1278 661 1345 noveris,
680 1293 740 1331 cum
759 1278 788 1332 in
805 1276 871 1332 aula
882 1293 956 1332 nuuc
968 1279 1072 1345 Progne
1086 1276 1168 1345 ltegis
1188 1287 1383 1333 commoretur.
1412 1278 1498 1332 Vereor

148 1381 183 1422 ne
201 1365 341 1421 Electoris
360 1365 496 1419 Senoniae
516 1364 606 1420 obitus
624 1380 727 1419 moram
746 1364 884 1433 quandam
902 1365 1019 1433 negotiis
1038 1364 1291 1434 publicis-injiciat.
1327 1366 1447 1421 Fratrem
1460 1365 1498 1419 le-

148 1453 267 1509 bannem
288 1452 432 1520 Georgium
451 1460 608 1507 venatorem
626 1453 761 1507 haetenus
774 1460 915 1507 strenuum
929 1453 1162 1525 egisseeomperi5
1181 1454 1307 1510 inveniet
1323 1453 1418 1525 proenl
1429 1453 1498 1509 dnbio

148 1541 176 1596 in
195 1556 266 1596 noro
289 1539 420 1606 regimine
446 1540 588 1594 uenatione
613 1539 706 1609 digna.
741 1541 804 1596 lion
823 1540 905 1596 datur
923 1541 1031 1597 occasio
1049 1541 1130 1610 plura
1149 1558 1224 1598 nune
1242 1542 1397 1612 scribendi,
1418 1540 1498 1597 diseo

149 1636 241 1684 cetera
260 1628 295 1681 ad
308 1626 371 1682 alia.
397 1619 509 1681 Interim
527 1636 555 1681 tc
574 1627 678 1682 salvere
691 1636 720 1683 et
732 1627 823 1682 ualere
832 1628 924 1697 jubeo.
952 1630 1097 1684 [labantur
1107 1629 1197 1685 Lincii
1209 1630 1236 1685 d.
1251 1630 1297 1687 20.
1311 1630 1378 1685 Julii
1392 1632 1462 1686 lbll.
1472 1658 1497 1669 -

254 1713 391 1783 Keplerus
411 1714 483 1769 sieut
500 1716 637 1784 prioribus
658 1717 735 1771 annis
754 1716 918 1784 adabrioio,
937 1716 977 1770 sie
992 1717 1048 1784 jam
1062 1716 1264 1771 aViclsenio
1283 1716 1320 1770 ad
1339 1716 1497 1787 astrologia

149 1802 286 1860 continuis
310 1803 517 1870 quaestionibus
542 1810 686 1860 renovatus
705 1812 757 1860 est.
795 1804 917 1859 Exstant
940 1804 1074 1874 epistolae
1093 1798 1219 1859 biennii
1242 1812 1272 1860 ct
1290 1820 1424 1875 responsa
1439 1804 1498 1873 Kep

149 1889 201 1947 leri
217 1890 272 1945 sol.
292 1890 313 1942 Ι.
331 1898 441 1945 nostrae
460 1890 595 1945 editionis.
637 1891 669 1945 In
693 1891 822 1962 epistola,
841 1908 923 1961 quam
941 1908 1026 1962 supra
1043 1893 1140 1960 paucis
1158 1892 1295 1955 diximus.
1320 1893 1451 1962 lieplerut
1468 1892 1499 1947 ia·

148 1979 245 2035 sensus
263 1978 363 2033 refutat
382 1978 604 2047 superstitionem
622 1980 754 2037 Viclrenii.
786 1980 916 2050 Explicat
934 1982 1067 2036 rationem
1087 1980 1256 2048 ,dirigendi⁸
1277 1980 1413 2037 rsriorum
1429 1990 1500 2034 asma

148 2067 274 2138 logorum
296 2081 427 2135 suamque
450 2066 536 2134 ipsius
561 2068 694 2122 rationem
714 2069 842 2137 proponit
864 2069 980 2125 addens:
1012 2075 1114 2131 „toturn
1135 2069 1264 2123 domarim
1294 2069 1431 2137 negotium
1448 2082 1499 2121 eor·

148 2159 267 2210 temno“.
304 2154 521 2222 Responsionem
540 2154 651 2223 Kepleri
670 2156 818 2210 Viekenius
836 2172 865 2211 re
883 2173 949 2212 vera
967 2157 1090 2217 extorsit,
1108 2163 1229 2226 quatuor
1247 2157 1377 2227 epistolis
1394 2158 1463 2213 brevi
1476 2170 1499 2211 tt

149 2243 264 2298 invicem
288 2243 444 2298 subsecutis
467 2242 566 2295 iterum
589 2243 743 2312 iterumque
760 2252 875 2314 petens,
902 2253 933 2298 ut
954 2245 990 2299 ad
1008 2245 1197 2313 quaestionem
1226 2244 1260 2300 de
1279 2260 1378 2299 norem
1395 2244 1463 2299 boris
1477 2252 1499 2297 rt

150 2331 239 2400 genio,
259 2330 310 2395 ,de
323 2344 378 2398 qua
391 2330 492 2384 multos
506 2330 678 2385 doctissimos
697 2330 770 2384 viros
789 2331 940 2399 consului“,
959 2348 1121 2402 responsum
1141 2332 1270 2403 accipiat.
1296 2335 1330 2388 ln
1346 2333 1432 2389 liten'a
1446 2330 1498 2387 dd

151 2422 176 2475 6.
194 2419 261 2474 Julii
280 2421 417 2487 excerpsit
436 2427 542 2487 partem
560 2418 698 2472 literarum
719 2418 869 2474 Simonis
887 2419 997 2486 Marii,
1017 2420 1050 2476 de
1069 2421 1171 2475 tabulis
1190 2423 1257 2492 suis,
1278 2432 1361 2487 „ante
1381 2422 1412 2476 ΓΞ
1428 2434 1497 2476 annm

151 2507 256 2577 publici
268 2507 339 2574 juris
359 2506 454 2561 laetis“
473 2507 557 2559 verba
575 2506 709 2573 facientis,
729 2505 765 2559 de
783 2504 889 2560 edendo
908 2506 1025 2562 Euclide
1043 2515 1094 2563 ete.
1114 2508 1235 2563 Tentare
1253 2524 1298 2575 se,
1316 2509 1393 2564 addit
1404 2510 1497 2565 blasina

151 2595 226 2650 aliud
245 2611 323 2663 opus,
342 2594 370 2647 iu
390 2610 443 2661 quo
465 2593 681 2647 immobilitatem
694 2593 796 2649 Terrae
808 2602 934 2656 asserat.
944 2597 1072 2650 assumtis
1089 2598 1258 2665 argumentis
1271 2613 1308 2651 ex
1319 2596 1349 2652 8.
1360 2597 1496 2666 Scriptura

152 2683 288 2737 Venerem
315 2681 381 2735 dicit
399 2697 417 2735 a
434 2696 464 2735 aa
483 2688 660 2749 conspectam
686 2696 747 2735 esse
768 2681 964 2736 corniculatam
984 2691 1036 2738 etc.
1073 2684 1150 2738 llaec
1168 2684 1250 2739 Marii
1272 2685 1359 2739 verba
1382 2683 1498 2753 liepleras

153 2769 319 2840 praelationi
336 2767 371 2822 ad
383 2768 547 2839 Dioptrieea
560 2769 674 2823 inseruit
690 2769 817 2838 notisque
835 2770 983 2826 illustrarit
994 2772 1039 2838 (ll.
1054 2771 1124 2842 469),
1142 2773 1278 2828 l'ielsenio
1290 2782 1383 2829 antem
1395 2770 1497 2843 salpi:
1541 2838 1543 2847 Ι

154 2855 201 2913 De
223 2853 311 2912 Marii
334 2853 443 2911 tabulis
468 2853 631 2930 disceptare
654 2853 777 2912 ulterius
801 2857 917 2914 animus
940 2856 1010 2914 mihi
1033 2872 1092 2915 nen
1115 2869 1169 2917 est.
1209 2850 1496 2931 Sarmaticeque

155 2941 224 3014 diri,
249 2941 450 3001 incommodas
475 2959 539 2999 ease
564 2959 636 3012 usu,
667 2940 745 3016 quod
775 2942 862 3001 rideo
886 2952 1035 3002 auctorem
1057 2946 1140 3004 lateri
1145 2988 1279 3004 ......
1326 2944 1496 3022 Sequirmh

154 3030 250 3089 Mario
274 3032 364 3089 anxia
386 3031 567 3105 comparatio
591 3046 701 3099 corurn,
725 3046 802 3104 quae
826 3033 889 3106 ipse
910 3035 1022 3107 primus
1037 3037 1221 3107 computavit
1244 3043 1273 3092 et
1298 3030 1497 3097 demonstrarit,

153 3136 219 3177 curu
242 3120 288 3185 iis,
312 3133 389 3193 quae
412 3135 457 3175 ure
480 3120 616 3192 agnoseit
637 3116 799 3175 reddidisse
822 3118 1032 3196 commodiora,
1055 3124 1101 3177 cni
1126 3121 1321 3197 subjungitur
1343 3120 1496 3198 depactis

143 3206 190 3265 ‘ne
214 3206 399 3264 inhumanius
424 3207 520 3279 ipsum
545 3213 675 3263 tractem.
720 3202 784 3262 Nisi
808 3204 902 3279 fallor,
929 3216 960 3263 tu
984 3206 1024 3263 illi
1048 3210 1211 3284 scripsisti,
1236 3228 1285 3269 rna
1307 3204 1497 3287 pubtieasal·
1541 3262 1543 3267 .

154 3312 256 3353 versus
281 3296 376 3368 ipsum
399 3294 564 3367 suscepisse
588 3293 755 3349 inimicitius
778 3291 912 3369 adeoque
932 3294 995 3368 jam
1018 3294 1165 3368 hostilem,
1188 3299 1215 3355 si
1240 3297 1308 3357 Dec
1331 3297 1434 3374 placet,
1452 3294 1497 3353 db·
1541 3298 1543 3333 ³

154 3399 218 3440 rum
246 3382 317 3439 mibi
346 3382 402 3438 sub
432 3381 567 3437 matribus
597 3397 672 3438 esse.
719 3381 758 3437 At
782 3382 824 3438 ita
845 3382 917 3439 milri
941 3382 1020 3440 hona
1042 3400 1123 3441 mens
1147 3385 1263 3458 laneat,
1296 3388 1343 3444 nti
1364 3400 1418 3461 ego
1436 3398 1497 3441 nu·

156 3487 246 3546 qnam
275 3472 303 3525 in
333 3467 378 3526 bis
410 3470 521 3542 spinis,
553 3467 660 3526 nedum
691 3469 720 3523 in
744 3468 1007 3530 emendatiuuculls
1040 3469 1129 3530 ullam
1156 3470 1271 3548 gloriae
1295 3491 1380 3550 spem
1401 3484 1497 3549 pann.

156 3575 230 3634 quas
254 3556 313 3614 illis
336 3558 365 3613 in
389 3555 497 3613 chartis
520 3560 556 3627 (iu
575 3559 661 3614 literis
680 3558 837 3630 deperditis,
856 3561 881 3615 d.
903 3565 945 3617 17.
964 3563 1032 3631 llaji
1051 3562 1132 3629 datis)
1160 3578 1316 3636 uunquam
1348 3562 1498 3637 aarum

156 3648 182 3704 si
205 3646 318 3721 absque
342 3654 393 3701 tua
417 3645 583 3718 importuna
605 3645 748 3719 petitione
770 3648 880 3707 inisset.
926 3649 1021 3705 Amici
1045 3648 1202 3718 charitate,
1233 3666 1294 3707 non
1326 3666 1393 3707 rneo
1413 3648 1499 3714 latita,

156 3735 280 3809 scriptas
303 3733 485 3803 memineris,
509 3749 632 3808 propere
656 3735 743 3807 igitur
767 3743 948 3792 transeamus
971 3735 1009 3793 ad
1032 3737 1101 3797 alia.
1133 3735 1247 3795 Murius
1265 3736 1417 3795 Euclidem
1432 3734 1501 3792 dors

155 3823 321 3897 germanice
345 3819 435 3894 loqui.
481 3818 561 3876 Nihil
585 3838 636 3897 per
658 3819 712 3879 has
736 3823 835 3879 turbas
858 3821 896 3879 sd
915 3834 972 3879 nos
997 3825 1184 3897 importatur;
1215 3842 1357 3901 cuperem
1380 3826 1501 3899 inspicat

156 3910 272 3980 librum,
295 3909 321 3963 ai
344 3905 416 3982 quid
440 3909 468 3962 in
494 3909 626 3965 versione
649 3903 833 3983 Xylandrica
854 3909 905 3984 (an
923 3908 1142 3990 Dryandrinai)
1166 3922 1316 3972 mutatum
1339 3916 1388 3971 ait.
1418 3910 1502 3969 Em

158 4006 186 4056 et
210 3993 367 4065 Sebebelii,
391 3996 421 4050 ni
444 3993 539 4066 fallor,
564 3997 657 4053 versio
682 3996 767 4053 trium
792 3996 932 4054 librorum
949 3998 1016 4070 l'll,
1042 3997 1124 4070 Vlll,
1142 3999 1200 4056 lx.
1233 4000 1301 4075 Ego
1326 4000 1502 4059 animlcsut

51 4095 60 4122 ¹
157 4087 188 4141 in
211 4083 315 4141 iisdem
339 4083 415 4140 curis
440 4099 555 4153 uersor,
584 4081 636 4141 sed
659 4085 829 4157 potissimus
853 4084 923 4142 milri
947 4103 1070 4161 scopus,
1094 4096 1127 4143 ut
1150 4091 1268 4145 termini
1293 4091 1384 4147 etiam
1404 4102 1502 4163 gem·

156 4173 215 4230 nici
236 4173 305 4228 sint
351 4168 445 4227 Pudet
468 4168 626 4244 parallelas
647 4174 813 4244 germanice
836 4188 895 4230 uon
918 4172 1003 4231 aliter
1025 4172 1083 4232 diei
1105 4190 1211 4252 posse,
1241 4192 1336 4251 quum
1358 4172 1501 4253 paralleh

157 4257 215 4318 Hic
238 4276 307 4317 vero
331 4260 478 4315 communi
501 4275 571 4316 cura
593 4274 667 4333 opus
691 4267 780 4329 esset,
812 4269 844 4317 ut
872 4262 986 4317 termini
1016 4264 1171 4320 transirent
1194 4264 1224 4319 in
1248 4280 1337 4322 usum
1363 4262 1501 4339 mane·

156 4363 252 4422 neque
275 4346 360 4404 aliter
384 4345 431 4403 bic
454 4345 633 4421 loqueretur,
662 4345 747 4404 aliter
769 4346 827 4409 ille.
872 4347 909 4405 Et
931 4358 1003 4424 puto
1027 4366 1072 4408 me
1096 4352 1124 4405 in
1149 4349 1192 4407 X.
1225 4350 1303 4409 libro
1332 4348 1437 4426 aliquid
1463 4346 1500 4403 Hs

157 4435 325 4510 proiecisse.
373 4432 482 4492 Eadem
506 4435 582 4491 enim
602 4433 679 4508 jure,
703 4450 763 4509 quo
786 4433 923 4494 Euclides
948 4439 975 4492 iu
998 4454 1105 4514 graeca
1134 4436 1238 4515 lingua
1267 4456 1351 4499 nors
1372 4434 1500 4498 eensffi

158 4524 287 4591 nomina,
310 4522 449 4579 constitui
473 4537 529 4595 ego
553 4522 581 4577 in
606 4522 773 4583 vernacula.

262 4621 333 4675 llinc
350 4621 449 4675 transit
461 4619 597 4688 lieplerus
615 4621 650 4674 ad
670 4637 756 4690 „opum
768 4620 852 4690 aliud,
871 4622 944 4690 qnod
957 4623 1045 4677 llario
1063 4624 1114 4678 sub
1131 4625 1261 4680 manibus
1281 4630 1362 4681 esse*
1381 4618 1497 4679 audiun
1539 4592 1543 4609 Ι

132 4706 136 4714 '
157 4707 269 4776 madet,
294 4716 325 4763 ut
347 4707 451 4762 Marius
477 4709 530 4762 sibi
552 4718 649 4765 caveat
674 4727 706 4773 „a
729 4710 947 4779 personalibus&
983 4710 1147 4779 Plerosque,
1171 4713 1282 4782 pergit.
1309 4710 1496 4767 mammeam

158 4796 351 4867 philosophos,
376 4798 512 4866 medicos,
535 4814 590 4852 non
613 4814 715 4867 paneas
734 4800 942 4869 jureconsultos
967 4808 994 4855 et
1018 4801 1163 4871 theologos
1188 4802 1300 4872 aliquos
1320 4804 1396 4867 ,buis
1411 4794 1495 4855 mnan·

158 4882 320 4943 micatis
336 4884 440 4945 'deuse
455 4898 519 4944 asso
534 4886 677 4945 audieus·
695 4892 750 4946 etc
786 4892 848 4955 (ca.
868 4894 918 4946 vor.
938 4892 970 4946 n.
988 4907 1016 4959 p.
1034 4894 1087 4946 atr
1106 4906 1128 4945 ι.
1153 4895 1200 4945 uas
1218 4898 1298 4946 anan
1315 4900 1395 4947 enm
1408 4888 1494 4959 pu
1541 4926 1543 5009 ἰ
