3308 5534
667 421 967 495 conspexeramus
1426 414 1490 487 ent

135 608 260 681 putaret
281 605 452 665 memoriam
474 622 568 678 suam,
591 609 623 663 ut
646 620 751 665 munus
774 602 834 664 illie
855 604 913 663 sibi
927 604 1134 681 prospicerent.
1172 599 1228 663 Ubi
1245 620 1311 661 cnm
1327 599 1408 661 nulla
1422 617 1491 681 spes

133 698 219 751 esset
240 700 343 768 aptum
366 692 464 753 locum
486 710 522 752 ac
544 691 643 752 sedem
666 690 843 762 inveniendi,
874 707 988 751 ornnem
1011 680 1093 767 spem
1115 689 1261 766 Koplerus
1283 692 1433 766 resposuit
1459 690 1490 747 in
1544 749 1548 757 ,

132 776 291 856 'liycbone
337 778 393 854 Qui
417 797 481 840 cum
502 781 564 857 jam
587 787 674 839 antee
695 781 792 855 ipsum
813 780 969 839 invitasset
991 785 1022 836 ιιι
1044 795 1142 837 secum
1166 778 1313 837 laboraret
1335 784 1364 835 ct
1387 796 1406 836 a
1427 774 1492 835 Ru-

133 862 249 943 dclpbo
273 868 446 943 imperatore
469 869 498 927 in
521 868 634 944 Pregae
663 866 764 926 urbcnr
793 873 915 925 vocatus
942 867 1047 925 iterum
1076 875 1211 925 vocasset
1233 864 1408 940 Keplorum,
1425 863 1491 947 ille

132 954 239 1013 animo
260 952 354 1014 libero
377 970 413 1014 ao
434 953 531 1015 seluto
553 956 630 1014 curis
653 970 718 1013 cum
740 952 853 1013 familia
874 970 929 1013 sua
951 953 1055 1030 (uxore
1076 961 1106 1013 et
1128 949 1273 1029 privigna)
1295 948 1428 1011 Graiium
1443 969 1493 1011 re-

131 1039 243 1117 liquit,
272 1040 378 1103 locatis
406 1042 539 1118 conjugis
569 1043 661 1118 agris,
692 1057 758 1101 eum
786 1052 925 1101 concesso
955 1047 1085 1117 tempore
1113 1041 1285 1101 brevissimo
1316 1056 1368 1101 eos
1396 1055 1491 1115 aequo

131 1129 234 1206 pretio
256 1127 384 1191 vendero
407 1146 465 1188 non
487 1137 597 1206 posset.

247 1214 454 1276 Dissensiones
475 1227 583 1288 autem,
607 1232 684 1292 quae
706 1215 789 1274 brevi
810 1221 967 1293 postquam
990 1214 1136 1292 Keplorus
1158 1215 1283 1291 Pragam
1313 1213 1395 1272 venit
1417 1214 1491 1271 inter

134 1302 240 1379 ipsum
262 1310 292 1362 et
308 1303 477 1382 Tycbonem
501 1303 699 1376 interfuerunt,
724 1318 813 1379 supra
829 1310 866 1378 (p.
884 1308 936 1363 727
955 1310 1004 1376 aa.)
1023 1304 1187 1365 accuratius
1204 1302 1411 1377 cognovimus3
1435 1298 1493 1359 boe

129 1388 205 1449 loeo
230 1395 343 1449 ιιιιιιιιιι
373 1391 502 1465 dicatur,
533 1390 684 1451 mulierem
716 1406 834 1465 quoque
865 1392 990 1450 uirorum
1023 1389 1175 1450 discordiis
1202 1390 1361 1449 laborasse.
1408 1385 1492 1462 Quae

131 1492 207 1537 curn
230 1479 356 1538 maxime
379 1480 473 1537 invita
496 1481 634 1555 patriam,
657 1479 853 1553 propinquos,
876 1479 987 1538 amicos
1001 1477 1191 1553 reliquisset,
1215 1485 1245 1537 et
1266 1474 1345 1535 baud
1367 1476 1429 1534 scio
1453 1490 1490 1532 an
1546 1536 1550 1545 ,

128 1563 193 1625 hac
216 1563 283 1624 sola
305 1582 336 1625 re
358 1573 436 1625 casei
458 1573 604 1625 commota
625 1570 659 1624 ιιι
680 1566 815 1624 mar-itum
830 1582 951 1642 paragra
966 1575 1082 1626 euntem
1097 1572 1276 1640 sequeretur,
1301 1561 1380 1639 quod
1397 1568 1492 1621 metus

129 1650 260 1712 suberat
282 1669 327 1724 ue,
351 1651 528 1713 Lntberanis
550 1670 664 1713 summa
686 1654 801 1728 imperii
831 1655 985 1729 iniquitate
1008 1670 1059 1728 per
1081 1651 1197 1730 Scyriae
1225 1652 1405 1728 provinciam
1436 1665 1492 1724 op-

128 1738 265 1817 pressis,
296 1738 383 1799 iidem
414 1757 472 1800 nou
500 1747 613 1800 mutare
634 1756 693 1799 non
716 1746 826 1816 posset,
850 1732 964 1816 Pregac
987 1758 1096 1799 norum
1118 1739 1230 1809 locum,
1261 1754 1354 1797 novas
1376 1753 1425 1797 res
1445 1737 1494 1795 in·

128 1842 251 1904 gressa
275 1825 378 1899 solam,
403 1827 582 1902 destitutam,
605 1825 769 1904 neglectam
791 1822 949 1888 mulieres
971 1828 1102 1888 credidit
1147 1826 1185 1886 Et
1206 1824 1394 1903 Tyehonieae
1417 1840 1495 1899 que·

128 1928 197 1991 qne
219 1912 350 1974 familiae
372 1915 577 1975 commercium
600 1922 630 1974 et
652 1916 848 1975 necessarium
871 1922 900 1974 et
915 1912 1076 1991 multiplex,
1100 1931 1167 1973 cum
1181 1912 1327 1990 Keplorus
1342 1910 1492 1988 Tyebonia

128 2002 165 2061 ita
189 1997 280 2059 domo
302 2001 462 2071 habitaret,
492 2020 550 2062 non
573 2004 714 2077 optimum
736 2000 827 2061 luisse
850 2001 980 2075 videtur,
1009 2003 1134 2078 pecunie
1157 2018 1262 2077 parva,
1292 2000 1419 2071 fructus,
1442 1998 1495 2074 qui

128 2104 171 2151 ax
192 2087 329 2163 conjugis
357 2091 436 2166 agria
465 2091 495 2147 in
516 2087 787 2167 Styriarredirent,
818 2087 893 2148 adeo
916 2106 975 2148 uon
999 2088 1100 2149 ordina
1129 2088 1235 2161 soluti,
1267 2096 1299 2146 ιιι
1320 2086 1494 2163 saepissima

128 2175 257 2252 inopiae
279 2178 366 2236 timor
388 2194 407 2236 a
428 2176 540 2237 lamilia
563 2174 642 2236 baud
666 2174 767 2253 procul
782 2175 909 2236 abesset
927 2208 966 2220 ·-
983 2176 1086 2254 Tycbo
1110 2175 1227 2253 quidem
1250 2173 1403 2251 familiam,
1426 2190 1526 2245 cum.

128 2262 390 2338 respo,stulabat
414 2281 530 2340 semper
551 2265 678 2340 pecunia
699 2262 830 2338 adjuvit,
853 2263 906 2327 ssd
929 2263 1046 2324 Danum
1069 2263 1231 2336 Beronum,
1254 2278 1320 2322 cum
1343 2259 1494 2327 ininsula

128 2366 190 2411 rma
213 2347 343 2410 Hnenna
364 2352 500 2429 prinecps
530 2358 624 2424 esset,
653 2348 841 2427 imperando,
860 2349 993 2454 jubendo
1016 2359 1182 2422 assuetum,
1215 2351 1264 2426 qui
1295 2355 1401 2408 natura
1428 2349 1494 2424 ipsa

128 2436 296 2501 eleusinos
319 2441 433 2498 animos
456 2439 624 2516 suspiritus
647 2438 741 2512 lerret,
765 2443 796 2496 et
816 2436 941 2497 iactos
934 2440 1026 2515 ipsius
1049 2439 1233 2515 imperatoris
1256 2444 1441 2496 astronomus
1464 2442 1493 2495 et

128 2523 386 2587 familiarissimas
410 2529 497 2586 etiam
520 2527 615 2602 magis
637 2524 728 2585 aleret
751 2532 781 2584 et
802 2531 923 2603 augeret
937 2527 1028 2585 animi
1052 2524 1247 2593 insolentiam,
1271 2522 1441 2583 adulatione
1463 2529 1494 2582 et

128 2612 276 2673 interiore
299 2612 426 2688 quadam
449 2612 696 2675 nobilissimorum
720 2614 847 2673 virorum
870 2612 1082 2675 consuetudine
1103 2612 1191 2690 plane
1215 2619 1392 2687 corruptum,
1415 2609 1500 2670 bune'

128 2700 234 2761 virum
257 2708 346 2775 putes
370 2718 440 2777 erga
462 2702 593 2777 magistri
616 2716 736 2760 uxorem
757 2716 873 2776 semper
896 2701 1038 2761 urbanum
1061 2719 1094 2762 se
1115 2701 1287 2778 praebuisse
1310 2706 1339 2758 st
1360 2695 1494 2758 subsidia

128 2804 193 2849 sne
214 2803 275 2847 non
300 2790 427 2848 maxima
448 2788 592 2848 beneficia
614 2786 800 2847 ostendisse?
831 2786 897 2862 Quo
919 2788 1029 2848 lactum
1053 2796 1112 2862 est,
1136 2796 1168 2848 ut
1184 2805 1260 2864 quea
1277 2786 1355 2845 domi
1371 2785 1493 2846 comiter

130 2880 165 2937 at
187 2872 352 2935 liberaliter
380 2875 483 2936 baberi
503 2875 593 2935 solita
615 2880 660 2934 est
681 2874 794 2948 mulier,
817 2876 977 2951 aegerrime
1000 2877 1056 2937 bec
1084 2876 1172 2938 ferret
1201 2883 1231 2936 si
1252 2891 1321 2934 mox
1346 2871 1493 2932 udentia-

131 2954 247 3025 ιιιιιιιιιι
269 2979 335 3021 eam
357 2964 469 3039 patriae
492 2961 667 3023 desiderium
689 2968 813 3038 ceperat
858 2960 925 3037 Quo
954 2979 1049 3023 rorum
1072 2971 1152 3024 statu
1174 2981 1252 3039 quas
1280 2977 1374 3036 nsque
1396 2957 1493 3023 mooe

132 3050 267 3111 maxims
297 3048 456 3126 tranquilia
478 3057 508 3110 et
530 3056 667 3111 contenta
688 3049 784 3109 luerat
813 3050 875 3109 rita
903 3052 1022 3126 saepius
1044 3052 1162 3111 turbata
1190 3058 1244 3111 est
1289 3048 1357 3108 Huc
1379 3044 1495 3107 accedit
1568 3068 1573 3077 =

135 3134 220 3223 quod
243 3136 390 3213 Keplerus
412 3154 470 3196 non
494 3136 596 3198 eadem
619 3154 679 3211 qua
701 3134 794 3195 Gratii
818 3136 1007 3198 obseruantia
1023 3137 1167 3199 desertam
1189 3155 1272 3197 suam
1295 3151 1416 3197 uxorem
1439 3150 1493 3193 cu-

135 3240 204 3303 rere
226 3230 360 3309 poterat,
393 3241 460 3282 enm
483 3232 512 3284 et
534 3226 654 3300 negotia
676 3241 694 3283 a
716 3222 857 3300 Tycirons
887 3225 1027 3286 mandata
1048 3234 1078 3287 ct
1101 3229 1166 3303 ipsa
1197 3223 1296 3289 studia
1317 3239 1369 3299 per
1392 3229 1493 3281 nectas

137 3296 266 3389 diesque
288 3312 343 3369 viri
368 3318 483 3387 tempus
506 3320 535 3371 ct
558 3329 675 3389 operam
699 3317 876 3388 occuparent
897 3320 927 3372 st
948 3316 1078 3374 maxime
1099 3313 1279 3387 ustrclogiae
1302 3310 1493 3385 experientia,

137 3398 226 3476 enjus
248 3397 328 3457 lama
351 3414 385 3457 ex
410 3398 513 3458 Gratia
538 3398 573 3458 de
596 3415 631 3457 ec
655 3406 868 3474 praecesserat,
900 3416 957 3459 non
981 3403 1103 3461 minima
1125 3419 1215 3462 causa
1237 3407 1330 3472 esset,
1359 3412 1492 3457 cernon

137 3490 172 3547 ni
193 3485 293 3545 voluit
315 3502 387 3545 uxor
411 3492 503 3545 totum
526 3503 558 3546 ee
580 3485 623 3544 illi
646 3492 676 3546 st
697 3484 796 3545 liberis
819 3488 881 3547 suis
904 3486 1009 3550 dedere
1024 3497 1134 3566 posset
1154 3522 1187 3532 -
1207 3487 1281 3546 Cum
1304 3487 1381 3546 enim
1404 3483 1493 3543 nobi·

137 3572 246 3634 ιιιιιιιιι
267 3570 429 3632 aulicorum
453 3574 589 3650 precibus
619 3589 685 3633 eum
708 3582 847 3633 uexarent
869 3580 899 3634 et
920 3577 1091 3653 fatigarent,
1122 3583 1155 3636 nt
1182 3575 1239 3635 sibi
1261 3574 1350 3634 borea
1372 3576 1494 3648 poneret

138 3667 170 3721 st
190 3677 229 3721 ex
252 3658 347 3718 natali
370 3660 416 3720 die
440 3662 531 3719 vitem
554 3659 735 3736 praediceret
757 3660 898 3731 luterem,
927 3663 990 3739 jam
1013 3670 1076 3722 tum
1098 3668 1220 3738 coeptus
1247 3667 1292 3719 eet
1314 3678 1350 3721 ex
1373 3659 1492 3732 negotio

136 3746 229 3809 boras
256 3745 385 3822 ponendi
416 3755 557 3823 quaestus
582 3749 693 3824 percipi
722 3747 802 3807 haud
833 3749 1076 3810 contemnendus:
1109 3768 1198 3826 quam
1226 3756 1319 3807 nutem
1346 3743 1491 3821 Keplerus

136 3838 212 3915 ipse,
235 3835 373 3909 quamvis
397 3833 432 3894 de
454 3834 543 3911 hujus
573 3834 683 3894 craeuli
706 3837 829 3894 veritate
860 3844 889 3896 et
916 3836 1089 3899 certitudine
1121 3836 1268 3896 dubitaret
1297 3835 1493 3908 omnibusque

129 3924 192 4015 qni
214 3937 282 3982 snm
306 3929 487 3998 quaererent,
512 3923 716 3981 vafieiniorum
739 3921 858 4007 dubiem
881 3931 910 3984 et
933 3926 1072 3984 incertam
1094 3942 1176 4003 spem
1199 3941 1264 3984 esee
1280 3921 1397 3996 diceret,
1420 3938 1492 3997 pro-

129 3994 263 4073 adenis
286 4016 417 4085 tempore
440 4011 570 4068 exercuit
591 4008 814 4073 studiosissime.
823 4007 854 4089 i)

244 4095 330 4171 Quae
351 4097 478 4171 pecunia
492 4095 660 4156 adventicio
675 4099 811 4171 quamvis
825 4097 913 4159 valde
927 4097 1083 4174 adjuvaret
1105 4117 1164 4160 rem
1187 4097 1370 4169 familiarem,
1393 4103 1493 4159 temen

134 4181 261 4261 Kepleri
284 4199 359 4243 uror
382 4189 441 4241 turn
467 4181 614 4242 demum·
605 4201 635 4241 m
658 4184 745 4243 rebus
768 4192 798 4244 et
820 4193 903 4245 sorte
920 4204 975 4246 sua
989 4189 1148 4261 acquievit,
1172 4203 1236 4246 cum
1251 4184 1392 4262 Tycbcne
1413 4200 1493 4265 mor-

133 4278 188 4331 tuo
216 4267 328 4348 (1601)
359 4286 448 4347 opera
480 4270 618 4330 inchoate
646 4271 774 4348 Kepiero
805 4272 983 4348 perficienda
1016 4273 1223 4334 mandarentur
1253 4281 1283 4333 st
1313 4272 1494 4349 brevipost

134 4358 252 4435 (icon)
276 4359 339 4435 ipae
362 4359 545 4434 imperatoris
567 4357 663 4417 lactus
686 4367 765 4418 esset
786 4369 980 4434 astronomus,
1003 4361 1046 4421 ita
1068 4361 1186 4438 quidem
1209 4369 1242 4421 ut
1263 4377 1322 4418 nou
1342 4367 1375 4418 ιιι
1389 4358 1492 4437 Tycbo

133 4460 294 4505 aureorum
325 4445 381 4503 tria
403 4442 510 4518 millia,
542 4444 594 4504 sed
625 4451 738 4506 tantum
761 4447 992 4524 quadringentos
1020 4449 1146 4510 florenos
1175 4449 1296 4510 baberet
1317 4445 1492 4509 mercedem.

241 4613 270 4683 *ι
288 4615 409 4667 (iodleum
429 4615 632 4666 Pultoviensinm
652 4632 701 4666 nno
719 4633 784 4683 pene
802 4620 867 4669 nibil
880 4619 950 4669 allud
964 4623 1114 4687 continetur,
1134 4636 1209 4687 quem
1222 4621 1354 4687 praedicte
1365 4618 1492 4683 natalitia,

134 4702 201 4753 qnae
218 4687 312 4753 purtim
330 4688 518 4736 exercitationis
544 4701 619 4735 cansa
642 4691 790 4752 composite,
815 4692 905 4753 partim
925 4692 1034 4748 (circiter
1051 4694 1209 4756 septingenta
1228 4692 1411 4751 octingenteno)
1434 4694 1494 4737 sunt

135 4756 256 4820 exempla
274 4771 369 4820 eornm,
388 4771 451 4818 quaa
470 4758 501 4805 ab
520 4757 665 4807 bominibus
684 4759 862 4810 diversissimis
880 4760 1018 4821 efflagitata
1036 4768 1115 4813 erant.
1141 4763 1253 4811 Plurima
1271 4767 1364 4821 antem,
1381 4775 1413 4808 ns
1430 4760 1491 4807 erri-

135 4826 220 4881 bendo
237 4827 360 4891 temporis
379 4828 485 4876 nimium
502 4831 636 4892 tereretur,
660 4830 687 4876 ιιι
706 4827 800 4880 tabulis
818 4830 909 4890 ligneis
927 4832 1143 4899 inscriptasnnt,
1163 4832 1241 4883 adid
1259 4832 1343 4899 ipsum
1361 4830 1492 4898 namnetis,

135 4910 245 4964 qurum
260 4895 401 4967 permultae
418 4910 513 4948 vacuae
528 4900 589 4950 sant
605 4896 696 4953 ιιιιιιι.
716 4925 749 4936 -
