3308 5534
386 390 568 494 Summam
584 394 723 454 Historiae
738 392 931 453 maurontus
948 391 1043 451 seeulo
1058 388 1133 448 m
1383 376 1450 457 595
1468 426 1472 437 ·

128 569 326 642 rumoribus,
344 572 375 644 b)
392 572 436 630 Da
451 572 587 645 exemplis
608 574 662 630 100
679 573 874 642 geniturarum.
910 569 1020 626 adaias
1042 564 1157 638 insuper
1173 562 1289 620 Tabulis
1312 562 1369 618 iso.
1391 574 1450 616 rec·

128 674 182 715 uu
196 666 226 715 et
244 659 416 731 obliquarum
434 661 585 732 eclipticas,
603 669 632 717 st
649 659 793 716 stellarum
810 660 997 724 etradiorum,
1016 670 1105 728 usque
1123 654 1159 709 ad
1176 649 1451 719 latitudinemsspar·
1540 674 1543 687 =

128 762 171 801 ma
196 747 341 819 Eiusdem,
359 755 442 804 autea
459 766 514 805 nou
532 750 614 819 edita,
634 738 859 818 aphorismorum
872 745 1116 803 astronomicarum
1133 747 1275 811 segmenta
1285 740 1348 797 vn.
1361 738 1451 809 Opus-

128 832 184 891 ὴ
198 836 437 907 incomparabilet
468 838 501 893 ln
520 839 690 910 praefatione
708 836 857 906 alloquitur
874 833 1033 904 episcopum
1051 829 1204 900 summique
1222 826 1360 899 pontilicis
1377 825 1451 881 vica-

128 921 166 979 h
179 922 338 995 Philippum
356 923 527 992 Arehiutum
547 925 683 983 referens:
704 926 798 995 „Quae
810 923 845 979 ds
856 922 1007 991 astrologia
1025 919 1062 975 ad
1073 918 1146 975 haue
1164 932 1252 987 usque
1264 916 1338 973 diem
1350 916 1452 985 scripta

128 1017 169 1083 rat
183 1010 337 1068 Ptolemaei
354 1012 477 1083 exeeptis
494 1015 680 1084 monimentis,
703 1019 811 1068 tautum
829 1029 847 1068 a
863 1011 980 1067 veritate
998 1010 1162 1077 abhorreat,
1187 1013 1219 1063 ut
1240 1004 1343 1061 fabulis
1359 1006 1453 1075 potius

128 1097 191 1157 ntia
205 1100 359 1157 rideantur.
396 1100 483 1168 Quam
508 1101 543 1157 ob
561 1117 618 1157 rem
637 1118 698 1157 auur
722 1108 808 1156 artem
833 1102 873 1155 sic
897 1098 1039 1168 traditam,
1063 1103 1256 1166 praeterquam
1281 1093 1356 1164 quod
1377 1094 1454 1149 nulla

128 1192 177 1257 set,
192 1188 365 1259 professores
383 1190 464 1243 etiarn
482 1188 612 1243 ridiculos
630 1189 722 1245 facere
740 1189 955 1256 conspexissem,
975 1186 1009 1242 ab
1022 1186 1082 1255 ejus
1094 1184 1186 1241 studio
1206 1200 1314 1254 semper
1325 1183 1454 1253 abstinui,

128 1276 250 1331 emtuis
263 1276 508 1345 adhortationibus,
527 1277 604 1348 quasi
620 1277 677 1346 jam
692 1276 768 1331 illam
780 1285 910 1343 tenerem,
930 1272 1065 1345 impulsus
1081 1289 1139 1328 rem
1157 1273 1272 1328 arduam
1290 1288 1323 1327 ac
1339 1271 1455 1327 incredi-

128 1362 178 1419 leu
195 1378 342 1434 eggressus
359 1380 434 1433 sum,
459 1364 678 1433 industriamque
696 1370 828 1433 quautam
846 1364 924 1435 potui
943 1362 1062 1417 adhibui.
1099 1360 1205 1431 Quibus
1223 1361 1325 1415 factum
1343 1366 1399 1431 est,
1423 1366 1456 1416 nt

128 1450 258 1507 duabus
275 1458 337 1507 erat
353 1460 412 1508 tum
430 1452 584 1508 inveniendi
603 1460 660 1507 tum
678 1451 804 1508 tradendi
817 1452 988 1523 disciplinam
1000 1451 1107 1517 modus,
1126 1457 1157 1506 ut
1175 1448 1280 1504 scilicet
1297 1448 1370 1503 illius
1382 1448 1456 1517 priu-

128 1538 169 1609 plr
184 1538 379 1611 philosophiae
395 1539 545 1612 principiis,
564 1539 624 1610 ejus
644 1541 754 1596 decreta
771 1556 834 1596 eum
846 1540 1041 1610 experimentis
1052 1546 1235 1605 conecterem,
1254 1553 1316 1592 eum
1327 1553 1370 1591 me
1382 1552 1455 1592 asse-

128 1634 190 1683 rtum
202 1627 363 1685 existimem.
388 1628 556 1697 Scripseram
570 1629 644 1684 -baeo
662 1631 754 1684 omnia
774 1632 806 1685 10
824 1628 901 1685 libris
919 1628 956 1683 ab
972 1627 1059 1695 initio,
1074 1625 1133 1695 jam
1152 1642 1224 1694 quae
1242 1624 1340 1680 diffuse
1352 1625 1457 1693 scripta

128 1720 187 1781 ut,
203 1714 234 1769 in
251 1715 385 1771 dhaeetas
402 1716 556 1784 brevesque
572 1717 724 1772 sententias
740 1715 846 1785 redegi,
870 1716 911 1771 aie
929 1722 961 1770 ut
979 1714 1047 1769 nihil
1066 1715 1175 1770 omniuo
1199 1722 1408 1783 praeceptorum
1428 1714 1456 1769 iu

128 1809 158 1859 te
172 1800 325 1859 desiderari
343 1811 448 1873 posset.
483 1803 542 1859 Nec
560 1805 635 1873 piget
652 1803 790 1871 laborum,
809 1821 870 1859 curu
888 1820 972 1860 unum
991 1804 1165 1874 perfecerim,
1185 1802 1259 1871 quod
1279 1802 1315 1858 ad
1332 1817 1376 1857 me
1394 1804 1456 1857 utti-

128 1888 194 1961 1011,
220 1891 403 1947 inrmtiouem
427 1890 537 1960 quidem
556 1900 639 1961 atque
662 1892 862 1949 absolutionem
881 1891 947 1947 artis
949 1932 1044 1949 .....
1078 1892 1228 1959 Postquam
1247 1890 1423 1959 annologiam
1442 1906 1458 1945 e

128 1976 222 2035 mebris
240 1979 309 2047 erui,
327 1979 559 2049 metoposcopiam
576 1979 667 2035 iuveni
685 1997 718 2037 ac
735 1983 763 2036 iu
781 1988 868 2036 artem
886 1979 987 2049 redegi,
1008 1980 1208 2035 arithmeticam
1219 1979 1331 2049 perfeci,
1349 1978 1459 2033 medici·

128 2082 161 2123 n
177 2082 279 2135 magus
295 2082 331 2122 ex
348 2073 427 2136 parte
446 2066 600 2138 dilucidari,
620 2070 796 2138 geometriam
814 2068 879 2124 auxi
896 2069 924 2122 in
943 2068 1104 2121 immensum
1128 2067 1205 2122 novit
1228 2067 1349 2135 undique
1366 2068 1458 2121 iuven·

128 2153 221 2211 mibns
238 2155 408 2223 excogitatis,
425 2155 567 2223 multaque
585 2153 639 2210 alia
656 2156 797 2225 praeclara
816 2157 844 2213 in
861 2156 947 2213 libros
965 2155 1032 2210 uarii
1048 2155 1157 2224 generis
1175 2154 1293 2224 eontuli;
1313 2161 1459 2225 postquam

128 2240 205 2299 mun
224 2258 293 2312 opus
311 2241 449 2311 egregium
467 2258 540 2298 nunc
557 2242 585 2298 iu
603 2243 693 2300 lucem
711 2244 809 2313 editur,
828 2244 903 2315 quod
922 2261 976 2300 uon
995 2243 1029 2298 dc
1041 2242 1121 2299 uobis
1132 2242 1277 2299 honestam
1289 2242 1372 2298 faeiat
1385 2260 1459 2299 uren-

128 2347 218 2399 anem,
235 2336 381 2402 postquam
398 2339 494 2388 nostra
511 2330 567 2402 legi
584 2332 789 2401 desiderarique
806 2333 841 2387 ab
854 2331 980 2389 omuibus
991 2331 1047 2386 ridi
1058 2332 1282 2400 impressoribus:
1299 2349 1374 2387 nuuc
1386 2333 1460 2387 omni

128 2418 316 2477 :munuum
333 2419 460 2490 deposita
476 2421 608 2476 mortales
626 2421 759 2491 perfidiae
776 2420 946 2477 aemulorum
963 2420 1173 2488 commonefeci,
1197 2426 1257 2477 tum
1280 2420 1363 2474 etiam
1380 2421 1460 2489 prin·

128 2522 174 2579 pas
191 2514 277 2579 atque
294 2514 423 2579 potentes
441 2508 579 2579 admonui,
597 2524 632 2564 ne
652 2508 789 2565 occasioni
803 2507 919 2578 jurandi
936 2507 1067 2563 mortales
1080 2506 1305 2578 propagandique
1322 2508 1350 2560 iu
1369 2514 1460 2576 puste-

128 2612 158 2653 ιι
174 2594 294 2653 nominis
313 2595 357 2650 aui
375 2594 472 2652 deesse
490 2595 592 2652 uellent
608 2613 641 2653 ac
660 2595 741 2653 simul
758 2597 792 2652 ab
811 2595 943 2653 creusae
965 2614 999 2652 ae
1015 2597 1200 2667 negligentiae
1221 2597 1266 2653 rel
1284 2598 1366 2651 etiam
1383 2597 1460 2667 igno·

128 2684 205 2743 aliae
222 2684 379 2755 suspicione
397 2700 428 2741 ae
445 2684 520 2754 ipsos
538 2684 722 2740 uindicarentt
743 2691 796 2740 etc.

201 2774 247 2829 De
263 2772 460 2842 astrologia
477 2772 558 2829 dicit:
579 2772 625 2838 „Si
637 2789 692 2844 qua
704 2774 786 2828 estin
798 2772 923 2829 humanis
941 2772 1036 2829 usibus
1048 2789 1094 2830 ars
1112 2776 1268 2830 necessaria
1286 2773 1461 2845 disciplinase

128 2858 179 2931 aa,
198 2866 250 2917 aut
259 2860 454 2930 contemplatio
469 2859 592 2929 jucunda
609 2861 653 2916 uel
672 2861 763 2918 diuina
783 2861 931 2932 sapientia,
950 2862 1108 2934 astrologia
1126 2872 1201 2919 certe
1213 2882 1275 2920 mou
1292 2862 1380 2919 salum
1398 2862 1462 2917 talis

128 2954 148 3021 t,
165 2964 265 3005 rerum
283 2949 365 3007 etiam
383 2948 505 3004 omnium
522 2949 636 3005 aliarum
654 2957 713 3004 tum
725 2950 824 3005 artium
837 2957 895 3006 tum
908 2952 1085 3007 scientiarum
1097 2953 1341 3021 praestantissima,
1360 2951 1463 3020 quippe

128 3052 161 3093 n
178 3036 243 3093 sola
258 3043 287 3092 et
304 3044 369 3093 aute
386 3038 455 3093 alias
474 3052 569 3092 omues
587 3046 724 3092 astrorum
742 3040 831 3107 primo
850 3055 955 3107 cursus,
974 3039 1132 3109 dignitates,
1152 3045 1285 3109 tempora,
1303 3045 1388 3108 atque
1400 3038 1464 3092 hinc

128 3140 173 3181 eos
190 3125 271 3195 ipsos
293 3125 376 3180 etiam
396 3141 457 3180 esse
476 3124 624 3180 docuerit.“
640 3164 667 3181 ..
686 3167 713 3182 ..
752 3127 953 3196 ,astrologiam
976 3128 1113 3184 utiliorem
1137 3129 1196 3184 fore
1220 3129 1293 3183 omui
1313 3129 1365 3183 alia
1383 3127 1463 3183 disci·

128 3212 183 3278 ina,
200 3211 265 3280 quis
283 3211 399 3283 dubitat,
420 3229 481 3268 cum
501 3218 529 3267 et
546 3210 647 3278 futura,
667 3213 690 3267 si
702 3229 836 3284 prospera
848 3213 912 3280 sint,
930 3216 1009 3285 sequi
1022 3217 1128 3286 doceat,
1146 3216 1169 3271 ai
1182 3216 1304 3282 adversa,
1321 3213 1366 3271 uel
1378 3215 1464 3270 uitare
1556 3272 1559 3277 ,

128 3298 278 3371 laequius
296 3299 387 3356 ferre?
417 3300 488 3355 Nam
514 3314 585 3368 quae
610 3299 657 3355 diu
680 3300 797 3370 quisque
823 3308 888 3357 aute
914 3301 1094 3371 praeviderit,
1117 3302 1208 3359 lenius
1231 3303 1315 3372 feret,
1340 3303 1464 3357 etiamsi

128 3388 224 3445 haere
249 3394 375 3457 nequeat.
411 3390 497 3443 Porro
523 3404 603 3459 quam
628 3389 751 3457 jucunda
774 3390 811 3445 sit
834 3391 989 3446 futurorum
1006 3391 1135 3458 scientia,
1161 3393 1282 3447 ostendit
1304 3391 1464 3445 tumetium

128 3473 313 3535 ”teritorum
331 3482 389 3530 tum
407 3476 594 3544 praesentium
613 3478 739 3545 cognitio,
758 3493 830 3548 quae
846 3478 914 3534 adeo
932 3472 982 3535 nos
996 3477 1124 3549 oblectat,
1142 3489 1175 3535 ut
1191 3481 1258 3535 nihil
1272 3480 1368 3535 harum
1382 3494 1466 3535 eausa

128 3580 153 3619 m
163 3562 445 3635 praetermittamus.“
461 3603 466 3615 .
482 3603 487 3615 .
501 3604 508 3618 .
523 3603 529 3616 .
559 3563 591 3618 Iu
606 3566 829 3629 ,Commentariis
841 3566 869 3624 in
882 3565 1032 3623 Ptolemaei
1044 3569 1078 3623 de
1090 3576 1225 3624 asuerum
1235 3566 1347 3635 judiciis
1360 3565 1462 3620 libros“

128 3670 170 3708 aa.
192 3652 274 3716 1651)
298 3649 369 3705 haec
394 3650 635 3720 deprehendimus:
661 3651 834 3721 ,astrologia
859 3652 1029 3710 nobilissima
1052 3655 1197 3725 disciplina
1218 3654 1253 3709 ab
1275 3653 1466 3709 innumerabili

128 3738 183 3795 rba
198 3737 370 3793 nebulonum
396 3736 508 3793 foedata
526 3746 584 3802 est,
611 3740 683 3794 uude
705 3740 808 3795 factum
833 3748 888 3812 est,
914 3749 946 3796 ut
963 3742 1048 3810 ipsius
1067 3741 1217 3796 Ptolemaei
1243 3739 1313 3793 liber
1337 3738 1466 3807 squalore

128 3826 222 3883 sumit
248 3825 358 3894 etipse
382 3826 437 3879 situ
461 3825 589 3881 foedatas
613 3842 662 3895 per
683 3829 750 3884 1100
768 3845 854 3889 anuos
879 3829 918 3883 ita
936 3829 1075 3897 abjectus,
1103 3837 1134 3883 ut
1156 3827 1209 3882 nisi
1228 3842 1325 3881 nomen
1344 3827 1465 3880 auctoris

128 3928 178 3971 m
202 3909 387 3980 defendisset,
410 3912 529 3966 maxima
551 3930 612 3969 aum
632 3913 742 3983 jactura
766 3915 898 3971 bonarum
923 3916 1064 3973 literarum
1088 3916 1237 3986 periisset.“
1279 3913 1377 3967 Veram
1404 3930 1467 3969 esse

128 4010 207 4073 aa,
235 3999 377 4056 Cardenus
402 4000 495 4056 multis
520 4016 536 4056 e
559 4001 616 4055 vita
637 4017 689 4057 sua
714 4009 742 4057 et
767 4003 883 4059 aliorum
908 4004 1040 4061 desumtis
1063 4003 1229 4072 argumentis
1254 4000 1369 4069 probare
1393 4002 1466 4069 uult;

128 4090 242 4149 muira
259 4095 288 4145 et
305 4089 419 4159 politiae
438 4088 535 4143 edictis
552 4106 607 4143 nou
626 4089 817 4160 astrologiam,
835 4092 885 4147 sed
903 4093 1044 4161 uaticinia,
1071 4092 1200 4160 magiam,
1223 4089 1365 4156 augurium
1384 4089 1467 4142 iuter-

128 4186 180 4235 a!
195 4190 272 4231 aaa.
305 4175 408 4243 Legem
426 4174 501 4229 illam
520 4176 704 4232 Romanorum
717 4178 751 4232 de
765 4178 995 4243 ,mathematicisl
1015 4180 1076 4234 illes
1089 4187 1219 4248 spectare,
1238 4176 1285 4245 qui
1302 4190 1351 4243 per
1364 4182 1468 4244 puncta

128 4276 282 4321 tumeres
300 4270 434 4332 notasque
452 4261 637 4319 die'iuauerint
673 4265 749 4321 luter
767 4282 824 4337 eos,
843 4284 960 4336 quorum
978 4267 1116 4338 genituras
1133 4265 1257 4337 pluribus
1274 4261 1360 4317 refert
1375 4263 1405 4318 iu
1424 4263 1467 4319 his

128 4352 353 4411 &muniat
373 4353 416 4419 (iu
432 4351 503 4408 libro
522 4369 602 4423 quem
621 4354 697 4423 prius
716 4354 833 4410 diximus
851 4355 946 4413 insunt
964 4359 1016 4413 100
1027 4356 1168 4427 geniturae
1186 4358 1309 4421 exparte
1327 4349 1468 4404 hominurn

128 4440 272 4510 slebrium,
288 4457 314 4498 r.
332 4457 357 4497 c.
375 4442 532 4510 Petrareae,
551 4443 641 4497 Caroli
659 4443 692 4510 V,
712 4444 858 4513 Ciceronis,
877 4445 1000 4515 Lutheri,
1019 4443 1133 4511 liraami,
1151 4438 1268 4495 Neronis
1281 4436 1349 4500 etc),
1367 4436 1468 4504 quibus

128 4526 279 4599 numae
303 4531 356 4584 vim
378 4530 560 4585 demonstrari
583 4537 674 4601 putat,
701 4532 929 4602 deprehendimus
949 4530 1093 4587 christum.
1129 4525 1329 4595 objectionem,
1354 4519 1468 4589 impium

128 4624 191 4687 tue,
204 4616 278 4685 quud
294 4617 363 4674 hanc
381 4619 551 4675 uadsitatem
569 4619 723 4690 inseruerit,
742 4620 786 4674 bis
803 4618 929 4675 refellere
947 4619 1051 4675 studet:
1071 4616 1138 4671 nihil
1156 4616 1185 4669 in
1202 4612 1255 4666 hae
1272 4605 1397 4676 genitura
1414 4622 1469 4660 uon

128 4696 268 4773 fluunt,
278 4721 331 4761 uon
341 4714 454 4776 eastum,
466 4706 550 4777 pium,
563 4716 697 4778 sanctum,
709 4708 815 4765 illustre
827 4724 888 4765 esse
901 4715 929 4764 et
939 4708 968 4764 iu
979 4708 1053 4762 hune
1064 4716 1177 4771 scopum
1188 4697 1262 4751 illam
1275 4706 1335 4748 esse
1347 4689 1469 4787 allatam,

136 4784 438 4857 *Whichametem
449 4796 575 4864 adorent,
593 4797 756 4866 intelligant,
775 4804 901 4863 „mosmos
919 4810 1008 4851 mores
1025 4799 1173 4859 nostraque
1191 4781 1316 4837 instituta
1332 4791 1393 4831 esse
1412 4791 1470 4845 pra·

148 4870 211 4939 “s
223 4882 363 4943 1111111111
380 4897 408 4944 a
423 4887 563 4958 eunome,
582 4902 633 4943 sua
648 4902 713 4943 uero
732 4887 852 4944 narona
870 4893 899 4943 a
917 4883 1039 4942 emnem
1056 4889 1085 4939 a
1101 4879 1136 4936 aa
1155 4868 1347 5021 ewistun
1364 4863 1470 4931 1111111
