3322 5534
145 396 212 471 aas
657 395 854 456 vaurms
869 394 993 467 nosen

146 574 195 644 qui
214 573 313 645 ,plana
329 576 417 631 octies
434 574 539 643 majora
556 572 687 629 eiiciat‘.
710 572 909 631 llifficultata
919 573 949 626 ix
959 570 1014 627 hoc
1030 569 1182 626 masistere
1200 568 1278 639 dieis,
1296 568 1390 639 ,quod
1406 568 1500 624 laea

147 661 236 716 altera
255 674 335 733 parte
353 679 502 718 conseram
519 670 653 719 remotam
664 676 682 714 a
694 672 797 731 pundo
815 676 967 717 mutunus
984 658 1124 714 radiorum
1141 675 1204 714 esse
1223 658 1326 715 debere
1337 658 1500 713 mensum

146 758 231 817 atque
248 750 318 805 adeo
336 752 428 821 magni
444 751 539 806 circuli
557 749 720 819 capiendam
738 750 952 809 convexitatem,
970 760 1000 801 et
1016 758 1047 800 at
1064 748 1093 801 in
1111 762 1216 816 puncto
1233 763 1292 803 une
1308 747 1382 801 ratiti
1397 745 1500 800 reneca

146 840 253 891 coeant
271 837 450 907 hyperbolem
469 838 571 893 assumi
589 850 733 907 oportere;
752 852 836 905 quam
852 835 929 891 nulla
945 852 1012 891 cura
1025 838 1136 903 assequi
1148 836 1259 903 potui..
1273 875 1283 888 .
1295 874 1302 886 .
1315 872 1324 886 .
1350 833 1424 888 Jura
1434 848 1500 901 ergo,

148 921 307 991 Imperator.
326 924 439 979 ductum
457 934 536 979 tunm
554 934 582 979 et
602 925 726 995 auspicia
747 934 874 979 semtnra
889 925 919 979 iu
936 923 989 978 hac
1007 922 1165 977 mechanica
1187 923 1335 993 eupraxia
1353 920 1500 991 expeditae

146 1010 329 1081 praescribe-z
354 1012 367 1065 i
370 1012 522 1080 Responsio
545 1012 658 1082 Kepleri
680 1011 874 1080 desideratur.)
913 1014 996 1067 Anao
1013 1012 1084 1067 tela
1100 1012 1154 1077 slis
1171 1011 1247 1075 Janp
1271 1010 1348 1065 idem
1370 1008 1501 1065 eumen·

147 1098 250 1153 dorius
269 1099 374 1153 l'ienna
396 1099 444 1154 dat
461 1100 594 1169 lis-plere:
621 1101 731 1156 Hieras
748 1100 893 1155 Decembri
915 1099 952 1154 ad
969 1115 1013 1154 me
1034 1099 1114 1153 datas
1136 1115 1200 1152 cum
1218 1098 1293 1152 libro
1317 1097 1368 1165 (de
1385 1094 1500 1151 maduo

148 1186 249 1255 inno),
274 1195 303 1241 et
320 1188 488 1257 prate-riores
514 1188 549 1243 de
569 1190 610 1243 ll.
625 1189 690 1245 Jan
715 1198 792 1245 recte
813 1188 1004 1258 accepim.
1038 1187 1102 1241 lam
1119 1185 1225 1254 pridem
1249 1184 1285 1239 ad
1303 1183 1501 1254 Xellingexseu

147 1274 231 1329 istam
248 1276 404 1344 praesulem
429 1277 456 1330 iu
478 1278 591 1331 consilio
617 1286 712 1332 nostro
735 1294 786 1347 pro
809 1276 895 1331 tratre
919 1275 1082 1344 rescriptum
1106 1275 1272 1328 eumanum
1294 1273 1436 1328 decureum
1456 1279 1501 1339 est,

149 1376 244 1417 rerum
261 1362 331 1416 illud
355 1379 389 1417 an
409 1363 530 1432 praesuli
551 1364 688 1418 redditum
711 1364 823 1433 etquid
840 1363 888 1419 ille
910 1362 1096 1433 responderis,
1122 1360 1257 1416 nihildum
1275 1360 1414 1430 explorati
1431 1359 1502 1413 nobb

149 1458 203 1506 est.
226 1450 265 1504 Et
280 1458 372 1505 tanuen
390 1452 417 1504 in
436 1452 488 1505 boc
506 1452 646 1520 negotium
657 1453 781 1519 venitur,
799 1451 844 1505 rel
854 1462 886 1507 nt
899 1453 960 1519 ejus
972 1449 1176 1515 excusationes,
1194 1450 1218 1502 ei
1229 1464 1302 1517 quas
1310 1450 1407 1516 justas
1418 1448 1501 1515 hahet,

149 1538 278 1603 adamus,
295 1538 347 1604 vel,
366 1538 389 1592 si
407 1539 534 1606 iujustas,
552 1538 718 1606 rejiciamus.
740 1537 834 1608 Opera
844 1553 907 1593 mea
918 1554 975 1594 non
992 1536 1090 1605 decrit,
1107 1553 1165 1591 non
1182 1535 1230 1589 illa
1243 1535 1345 1601 solum,
1362 1551 1418 1604 qua
1428 1550 1501 1603 quos·

149 1623 191 1679 sia
207 1624 321 1679 miseros
339 1626 458 1680 muneris
477 1627 583 1680 rabone
601 1634 629 1679 et
646 1641 707 1681 meo
726 1626 853 1695 privatin
870 1624 973 1681 aceenu
991 1624 1153 1693 amplecter,
1175 1636 1270 1679 rerum
1287 1630 1318 1676 et
1335 1622 1394 1689 illa,
1410 1621 1502 1690 quain

149 1710 298 1769 amborum
317 1712 400 1765 rebus
418 1711 554 1768 sollicites
572 1729 642 1779 sum,
660 1714 689 1769 in
706 1712 808 1781 qubus
825 1711 978 1768 nudorum
995 1710 1157 1767 etreritatis
1168 1727 1254 1782 amor,
1272 1728 1357 1780 quem
1373 1713 1402 1766 in
1414 1710 1503 1766 stadiis

150 1798 207 1853 tuis
224 1814 408 1868 recognosco,
431 1810 459 1853 te
482 1800 549 1855 mihi
570 1802 751 1856 couseoearit.
769 1830 803 1840 -
821 1799 988 1855 Harmonice
1009 1810 1058 1853 tua
1074 1803 1145 1853 scito
1162 1813 1206 1855 me
1229 1810 1406 1868 exspectare.
1439 1797 1502 1866 Quid

64 1908 74 1923 ·
150 1885 244 1941 enim?
256 1903 292 1941 an
301 1886 466 1942 harmonicis
475 1888 551 1942 hisce
563 1888 735 1957 temporibus
748 1889 884 1943 meatibus
895 1887 997 1941 nostris
1009 1886 1154 1955 mugiens
1167 1887 1261 1957 potius
1273 1887 1442 1943 delinitieum
1452 1886 1501 1941 sit?

257 1972 334 2040 Quae
354 1974 589 2031 Strahlendorfius
607 1977 641 2031 de
659 1976 746 2030 tratre
763 1975 876 2045 lieplcri
893 1984 922 2030 et
942 1974 1113 2043 Nellingeusi
1130 1974 1259 2042 praesule
1275 1973 1357 2037 dicit,
1380 1974 1423 2029 his
1440 1973 1501 2028 torte

152 2059 333 2129 explicentur.
369 2061 507 2130 lieplerus
532 2062 614 2116 sitam
637 2064 730 2119 imum
748 2063 860 2119 Hearici
878 2068 945 2130 (nat.
965 2063 1033 2116 lats
1051 2061 1079 2115 d.
1099 2061 1141 2116 tl.
1158 2060 1237 2127 Julii)
1259 2062 1335 2115 iuter
1357 2062 1502 2115 nativitates

149 2146 269 2201 sauritim
287 2147 327 2202 sic
350 2147 494 2204 describit:
520 2146 555 2204 In
578 2152 672 2224 prima
700 2151 801 2207 statim
819 2148 978 2224 juveutute
1006 2146 1190 2223 epilepticus,
1212 2162 1268 2203 nec
1290 2147 1417 2216 mirum,
1444 2160 1500 2203 etta

150 2249 209 2291 non
231 2240 320 2291 natas
341 2232 394 2291 sed
417 2250 559 2292 excussus
579 2238 628 2295 sit.
672 2235 769 2295 hlater
790 2235 912 2295 iulmine
935 2237 1037 2295 territa
1059 2234 1147 2292 simul
1170 2234 1301 2308 peperit,
1323 2231 1414 2291 simul
1434 2231 1499 2291 leste

150 2318 269 2380 desiliit.
292 2318 467 2395 (Dubitatnr
489 2321 526 2380 de
542 2321 606 2396 die3
633 2329 683 2385 19.
699 2332 883 2395 annotatum,
906 2330 938 2382 at
959 2339 995 2382 eo
1018 2322 1066 2381 die
1080 2320 1156 2379 nihil
1171 2323 1199 2377 iu
1217 2319 1314 2392 coelo,
1337 2320 1418 2396 quod
1432 2321 1500 2378 toni·

150 2418 217 2467 trua
237 2408 336 2467 cieret.
382 2408 439 2467 Die
463 2427 533 2469 sero
559 2417 608 2470 13.
629 2412 745 2472 sextilia
763 2411 802 2486 Θ
821 2406 858 2492 ‘ll
874 2419 986 2481 aestus,
1010 2427 1048 2477 00
1064 2404 1109 2488 Q)
1130 2417 1154 2477 d
1176 2406 1203 2487 Q
1222 2407 1499 2467 vehementissimam

150 2504 355 2572 tempestatem
378 2499 507 2557 excitare
529 2507 654 2573 poterat,
678 2516 756 2574 quae
777 2495 881 2575 promul
902 2497 995 2557 dnbio
1017 2498 1048 2553 iu
1062 2509 1181 2557 uectem
1194 2505 1372 2570 sequentem
1388 2494 1498 2568 maddi

151 2585 237 2642 Anao
265 2588 345 2643 15ῑὸ
368 2582 472 2643 recidit
494 2587 525 2643 in
547 2588 702 2662 pristinum
724 2588 873 2658 morbum,
901 2603 992 2661 saepe
1014 2586 1104 2644 animi
1127 2583 1259 2658 deliquio
1281 2593 1436 2661 correptus
1455 2589 1499 2651 eet,

149 2688 239 2747 saepe
255 2669 408 2730 durissime
424 2689 527 2732 caesus
543 2693 562 2732 a
578 2676 756 2750 parentibus,
773 2675 946 2750 saepissime
964 2671 1087 2731 vulnera
1102 2671 1241 2747 impulsu,
1253 2672 1353 2746 jactu,
1366 2690 1386 2730 a
1402 2670 1498 2737 bestiis,

150 2776 231 2831 casm
262 2759 433 2817 verberibus
462 2764 588 2838 aceepit.
633 2762 760 2821 Demum
790 2762 821 2818 in
853 2761 1078 2837 perditissimam
1109 2760 1241 2819 scabiem
1267 2757 1406 2834 relapsus
1432 2759 1499 2815 rene

151 2854 203 2905 aut
223 2847 399 2923 aegrotabat
421 2855 473 2905 aut
494 2849 635 2923 fricabat,
659 2850 727 2909 inde
749 2848 789 2909 ab
811 2866 889 2909 auno
905 2855 957 2909 82.
973 2865 1087 2923 semper
1102 2849 1230 2922 pessime
1252 2844 1392 2919 babitus,
1418 2845 1500 2905 biens

149 2944 291 3009 sequente
319 2934 426 3010 frigere
454 2950 530 3011 pene
557 2938 675 2999 interiit
720 2937 807 2995 Anno
830 2937 883 2996 83.
912 2944 1026 2995 aestate
1056 2936 1143 3011 aquis
1172 2950 1279 3010 paruus
1310 2934 1416 2993 aberat
1441 2932 1500 3008 quit

150 3021 350 3081 suffocaretur.
394 3020 529 3097 Sequata
550 3033 595 3084 est
617 3043 644 3083 a.
669 3030 719 3085 85.
745 3023 839 3085 dextri
861 3023 973 3083 brachii
995 3039 1081 3081 mors.
1121 3023 1209 3079 Anno
1225 3025 1279 3079 87.
1304 3020 1422 3080 cuidam
1442 3028 1500 3079 tou·

150 3110 208 3168 seri
232 3110 375 3184 pannario
392 3111 515 3169 traditus
539 3120 568 3171 ct
584 3129 662 3171 anno
684 3115 820 3187 sequenti
836 3112 950 3187 pistori,
974 3119 1006 3169 ut
1021 3109 1172 3185 opificium
1186 3107 1374 3182 addisceret,
1398 3109 1447 3168 nbi
1460 3105 1500 3164 illc

150 3198 265 3255 interim
287 3200 461 3271 aegrotavit,
486 3198 640 3261 durissime
654 3201 766 3271 serviit,
789 3198 944 3259 crudeliter
965 3215 1056 3272 saepe
1072 3196 1237 3272 vapulavit
1274 3195 1364 3255 Anno
1380 3202 1430 3257 89.
1447 3212 1500 3254 cun

150 3291 234 3361 pater
248 3285 304 3359 ipsi
321 3283 519 3345 venditionem
535 3290 703 3360 minaretur,
718 3288 834 3363 aufugit
848 3293 879 3346 et
893 3286 967 3344 abiit
984 3288 1012 3343 in
1027 3286 1189 3357 Ausuiam,
1206 3285 1258 3342 nbi
1276 3286 1363 3343 initie
1379 3285 1447 3344 anni
1458 3289 1499 3342 99.

151 3374 293 3449 nequi-psa
316 3372 417 3445 semel,
441 3372 508 3431 dein
531 3377 617 3449 aqsris
639 3374 676 3434 de
699 3376 762 3433 vita
782 3371 964 3450 periclitatus
987 3381 1039 3444 est,
1063 3389 1129 3430 cum
1141 3372 1205 3447 jam
1228 3370 1385 3431 dimidium
1407 3387 1500 3431 maun

151 3461 254 3535 pistori
278 3476 397 3534 operam
421 3460 561 3522 dedisset.
606 3460 646 3521 L't
667 3461 818 3521 convaluit
848 3463 967 3521 ineunte
996 3468 1125 3530 aestate,
1149 3457 1372 3534 Stelaingerum
1393 3458 1499 3519 militen

152 3545 277 3622 adeptus
306 3548 380 3605 abiit
411 3549 439 3605 in
468 3549 594 3608 confinia
623 3549 748 3609 Turcica
778 3550 880 3625 ibique
909 3547 1059 3607 dimidium
1088 3550 1157 3605 anni
1189 3547 1370 3607 famulatum
1399 3558 1499 3608 strenue

152 3635 298 3706 esuriens,
331 3651 396 3693 cum
426 3636 526 3695 berum
550 3639 697 3695 amisisset
720 3638 750 3693 in
773 3635 903 3712 proelio,
932 3637 1009 3695 circa
1033 3633 1227 3694 bacchanalia
1256 3638 1330 3693 anni
1355 3640 1407 3697 91.
1428 3632 1500 3693 rediit

155 3722 301 3780 Viennam
325 3723 424 3796 ibique
448 3741 498 3799 per
521 3724 674 3783 dimidium
697 3742 807 3783 aunum
830 3733 919 3783 cantu
943 3739 1089 3799 operaque
1111 3725 1238 3798 pistoria
1255 3725 1369 3783 vietum
1391 3722 1499 3800 parant

154 3826 220 3868 eum
244 3826 310 3867 eum
334 3809 362 3865 in
386 3827 472 3869 sunm
495 3811 672 3872 famulitium
703 3814 809 3871 ascivit
831 3810 948 3871 Nobilis
972 3830 990 3869 a
1012 3809 1144 3869 Crecwia
1167 3808 1335 3870 Bebemus.
1382 3810 1499 3885 Quocum

152 3894 202 3954 ille
226 3895 321 3955 bieme
345 3904 493 3958 transacta
517 3900 609 3960 Lincii
634 3908 703 3958 ante
726 3898 919 3959 bacchanalia
941 3898 1014 3958 iebri
1037 3905 1188 3973 correptus
1212 3896 1269 3975 (ibi
1285 3915 1393 3975 nempe
1407 3896 1499 3958 benei-

151 3983 236 4056 bant)
260 4002 278 4041 a
301 3982 419 4043 domino
444 3984 595 4047 deseritur.
635 3988 753 4046 Exactis
776 3990 907 4063 quinque
929 3987 1100 4062 septimanis
1124 4001 1191 4043 cum
1213 4001 1276 4043 non
1300 3986 1409 4046 rediret
1427 3984 1499 4043 besua

151 4068 270 4128 domum
294 4075 440 4146 spectavit
463 4092 590 4151 moxque
613 4093 631 4133 a
654 4074 810 4135 comitibus
833 4075 863 4133 iu
886 4074 952 4133 loco
975 4070 1223 4147 Scblegelleiitten
1258 4070 1339 4133 dicte
1371 4072 1498 4151 spoliatus

152 4165 181 4219 et
205 4157 391 4231 vulneratus,
424 4160 599 4221 Passavium
623 4180 715 4238 usque
738 4163 872 4238 peruenit
895 4162 994 4236 ibique
1024 4168 1137 4234 septem
1160 4159 1396 4235 septimanarum
1418 4158 1498 4235 spatie

153 4251 270 4303 curatus
293 4253 338 4304 est
361 4248 390 4302 in
413 4246 561 4324 hospitali.
601 4250 712 4308 Rursus
736 4248 852 4309 cuidam
866 4247 966 4307 Nobili
983 4244 1159 4305 Ehrcureielr
1184 4263 1216 4305 se
1239 4245 1367 4322 addixit,
1390 4261 1498 4325 quocun

152 4330 202 4390 ille
226 4331 418 4391 mendicando
436 4336 601 4411 Augustam
619 4337 839 4396 vindelicorum
862 4352 956 4412 usquc
979 4336 1122 4410 pervenit,
1145 4330 1215 4394 inde
1240 4333 1383 4396 abdicato
1398 4334 1498 4394 domiuo

152 4418 268 4478 demum
292 4419 377 4478 rediit
401 4430 513 4482 aestate
536 4426 605 4482 anni
631 4431 680 4484 99.
712 4424 816 4500 Spatia
839 4430 987 4482 menstruo
1004 4428 1171 4481 commeatu
1188 4428 1218 4480 ct
1235 4426 1349 4482 vestitu
1365 4425 1497 4496 vtuaegu

151 4508 306 4581 impetrato
330 4510 358 4564 in
375 4507 610 4570 lllarebionatum
627 4510 776 4572 deseendit
790 4514 949 4586 statimque
965 4507 1080 4568 cuidam
1097 4509 1241 4583 signifero
1259 4526 1380 4586 operam
1395 4508 1497 4569 addixit

152 4592 208 4651 Per
230 4593 356 4652 hiemem
384 4599 461 4655 eirca
486 4600 710 4674 Argentoratum
740 4607 880 4675 tympano
905 4596 1005 4657 ludere
1034 4594 1153 4665 didicit,
1183 4596 1341 4674 semeique
1364 4592 1497 4658 abolit·

151 4682 245 4754 ringis
277 4691 380 4758 captus
412 4686 487 4743 intra
516 4686 712 4761 quadriduum
741 4687 882 4746 liberatus
914 4692 966 4744 est.
1022 4685 1108 4742 Anno
1132 4689 1184 4743 93.
1219 4692 1293 4746 ante
1326 4681 1498 4747 bacchanalia

151 4766 325 4841 Moguntiae
341 4773 552 4844 (exauctoratis
566 4773 721 4852 militibus)
737 4776 852 4833 transiit
868 4772 905 4833 ad
922 4773 1122 4832 centurionem
1133 4768 1239 4846 Koch,
1261 4791 1282 4833 a
1297 4791 1358 4853 que
1371 4767 1497 4849 stipendio

150 4857 296 4935 promisso
320 4855 471 4920 deseendit
494 4861 524 4920 in
538 4860 685 4939 Belgium.
731 4862 793 4927 Nec
815 4861 867 4923 dia
890 4862 932 4923 ibi
954 4866 1153 4922 commoratus
1176 4858 1302 4941 legatur
1323 4878 1389 4925 cum
1408 4858 1496 4920 subd
