3308 5534
687 412 740 492 1'11.
756 428 956 491 memnonia.
1151 520 1156 533 ι
1439 434 1505 507 229

399 614 634 677 consideratio
657 615 890 692 hypotheseos
913 620 1007 679 circa
1028 623 1243 695 aequantem.

250 738 430 817 Cupemicaa
460 747 637 815 aequantem
669 739 882 801 Ptolemaieum
911 741 1012 802 retulit
1042 743 1070 799 in
1098 758 1221 818 parvum
1252 740 1413 816 circellum,
1446 759 1505 819 quo

152 825 235 889 modo
258 828 411 905 componit
432 826 568 904 planetae
590 833 701 886 motum
725 846 760 888 ex
786 832 804 887 2
829 829 959 903 circulis,
988 836 1021 888 ut
1043 846 1102 887 non
1125 831 1164 888 ait
1186 832 1227 889 ita
1249 829 1389 906 simplex,
1421 839 1453 889 ut
1476 832 1506 887 in

150 915 327 977 Ptolemaeo.
372 914 487 975 Deinde
519 915 602 975 deest
624 919 716 974 motui
745 914 793 975 vel
818 919 1004 977 eirenrnaetui
1028 915 1153 992 aliquid,
1183 924 1296 976 utnon
1319 920 1357 975 sit
1379 919 1507 994 perlecta

150 1002 296 1065 circularia
325 1010 358 1062 nt
389 1001 467 1080 apud
490 1002 704 1062 Ptolemaeum.
749 1002 811 1063 Nec
832 1004 932 1077 refert,
965 1021 1067 1080 parum
1090 1004 1203 1065 diiierre
1226 1022 1245 1063 a
1267 1003 1384 1067 circulo.
1428 1005 1506 1065 Num
1537 1070 1540 1077 ,

148 1092 203 1169 jam
232 1098 333 1149 actum
362 1098 408 1150 est
436 1089 472 1151 de
503 1088 695 1167 perfectione,
722 1092 747 1151 ai
780 1090 870 1150 latum
903 1109 1031 1167 unguem
1059 1091 1186 1165 differat,
1215 1100 1248 1152 ut
1271 1094 1299 1149 in
1327 1095 1506 1169 geometrica

151 1176 386 1257 pulchritudine?
410 1175 495 1236 adua
518 1176 596 1252 quod
620 1176 746 1236 difficilis
769 1186 815 1237 cat
838 1189 1008 1255 computata
1033 1179 1185 1254 Copemici
1209 1179 1324 1243 modus.
1371 1179 1505 1254 Denique

153 1282 202 1327 non
225 1265 309 1325 cadit
331 1266 360 1323 in
383 1264 659 1342 contemplationem
682 1267 898 1339 geometricam.
937 1267 993 1326 His
1013 1267 1049 1326 de
1073 1269 1169 1325 causis
1184 1267 1392 1326 Ptolemaicam
1417 1270 1506 1340 viam,

154 1372 232 1431 quam
248 1352 431 1430 Cupernioua
453 1353 602 1428 rejecerat,
625 1355 758 1426 resumsi,
781 1370 848 1413 cum
871 1372 961 1413 causa
983 1352 1125 1414 naturalia
1149 1356 1269 1414 inventa
1291 1356 1338 1427 sit,
1363 1355 1401 1414 ob
1417 1372 1507 1429 quam

155 1440 267 1519 planeta
288 1457 378 1517 super
400 1456 456 1499 suo
478 1447 578 1499 centro
602 1440 796 1516 inaequaliter
818 1441 945 1502 incedat.
984 1442 1060 1501 Nam
1083 1444 1206 1518 primum
1230 1441 1302 1500 nulli
1318 1450 1386 1500 sunt
1402 1443 1505 1517 orhes3

157 1545 204 1589 non
226 1528 320 1588 debet
341 1529 432 1603 igitur
453 1527 562 1586 turbari
587 1526 783 1604 Cepernicus,
808 1529 887 1603 quod
909 1528 1029 1605 fingitur
1052 1528 1128 1588 idem
1153 1531 1231 1588 orbis
1256 1528 1399 1588 interdum
1423 1528 1507 1589 tardo

156 1615 295 1687 nordana,
318 1614 462 1675 interdum
485 1614 635 1676 velociter.
675 1613 791 1675 Deinde
814 1614 962 1692 planetam
985 1634 1037 1694 pro
1061 1633 1180 1676 accessu
1203 1615 1251 1675 vel
1269 1634 1384 1676 recessu
1401 1634 1420 1676 a
1435 1616 1505 1677 Sole

156 1703 226 1765 tarde
250 1702 300 1762 vei
323 1702 462 1762 velociter
483 1701 634 1780 incedere,
656 1702 686 1761 id
709 1702 863 1780 physicum
887 1713 941 1763 est.
986 1704 1167 1764 Confirmant
1190 1704 1219 1762 id
1243 1704 1383 1781 planetae
1405 1721 1505 1763 secum

155 1792 206 1853 hini
231 1791 404 1867 comparati.
451 1788 543 1866 Cujus
566 1790 642 1849 enim
666 1798 712 1850 est
733 1789 849 1867 longior
871 1791 986 1865 radius,
1016 1791 1132 1867 longior
1155 1793 1244 1852 etiam
1268 1799 1312 1850 est
1335 1793 1364 1848 in
1388 1792 1507 1866 aequali

154 1882 241 1956 spatio
265 1895 357 1939 mora.
401 1875 492 1937 Perre
516 1876 679 1937 differentia
701 1876 775 1938 hacc
798 1886 853 1948 est,
880 1877 959 1953 quod
983 1881 1012 1937 in
1036 1880 1113 1939 binis
1136 1886 1165 1938 et
1188 1880 1266 1939 binis
1289 1895 1349 1937 non
1372 1887 1418 1938 est
1441 1896 1507 1938 om·

152 1970 215 2027 nine
243 1964 472 2045 proportionalia
501 1966 624 2025 tarditas
654 1966 778 2024 ambitui
802 1963 927 2043 (alioqui
950 1970 975 2025 sl
999 1973 1032 2025 ut
1057 1974 1072 2025 1
1098 1964 1136 2025 ad
1160 1972 1178 2027 3
1211 1966 1310 2025 radius
1333 1965 1438 2026 Martia
1468 1966 1506 2026 ad

150 2054 284 2125 Jorium,
314 2054 357 2112 sic
384 2055 473 2114 etiam
504 2060 582 2113 esset
609 2061 724 2131 lempna
748 2052 853 2113 Martis
874 2052 913 2113 ad
935 2060 1050 2131 tempus
1072 2053 1161 2114 iovis
1191 2055 1220 2111 in
1248 2053 1366 2129 aequali
1397 2056 1505 2130 spatio,

148 2142 202 2203 aiis
224 2141 307 2201 heret
328 2139 476 2218 periodica
499 2136 672 2217 revolutio),
700 2139 820 2199 sedeat
848 2141 970 2200 consilio
1004 2140 1225 2201 accommodata
1254 2139 1292 2200 ad
1322 2141 1507 2201 harmonicen

147 2232 286 2301 rationes,
317 2230 347 2287 in
378 2244 436 2286 nno
464 2244 533 2286 vero
556 2235 587 2287 et
608 2226 711 2287 eodem
734 2227 857 2287 tarditas
883 2227 930 2288 vel
953 2247 1035 2288 mera
1062 2231 1181 2287 omnino
1209 2227 1437 2304 proportionalia
1460 2234 1506 2288 est

147 2317 310 2377 distantiae.
346 2314 422 2374 Nam
438 2331 514 2389 quaa
529 2313 605 2374 alias
620 2322 698 2375 esset
713 2316 789 2374 ratio
804 2315 1085 2376 accommodationis
1109 2318 1333 2376 eccentricitntis
1349 2316 1506 2391 aequantia

145 2405 182 2465 ad
204 2403 449 2465 eccentricitatem
473 2401 648 2462 eccentricii

248 2490 385 2552 Ceterum
408 2496 453 2550 est
475 2488 707 2566 interjiciendum
731 2507 864 2562 examen,
888 2507 924 2549 an
950 2489 985 2552 Α.
1005 2496 1055 2551 96.
1078 2492 1106 2547 in
1130 2489 1503 2567 Mystcriotv0l.1.p.175.t

145 2587 220 2641 recta
241 2578 346 2637 inerim
361 2585 510 2655 operatus.
548 2577 673 2637 Videtur
695 2586 804 2649 autem,
827 2577 906 2649 quod
929 2595 998 2637 non.
1036 2578 1111 2637 Nam
1135 2575 1255 2654 duplam
1278 2576 1337 2634 dixi
1361 2578 1504 2636 rationem

144 2667 243 2727 haberi
268 2664 472 2724 distantiarum
494 2666 523 2721 in
539 2665 683 2738 motibus3
707 2664 735 2721 id
760 2682 817 2724 non
835 2672 879 2725 est
896 2683 995 2725 verum
1013 2666 1082 2737 (etsi
1105 2664 1282 2724 contendatur
1304 2663 1504 2740 hypothesis),

145 2757 198 2815 nisi
223 2753 274 2813 nbi
306 2753 463 2812 distantiae
490 2760 560 2811 snm
581 2754 609 2810 in
633 2753 820 2828 proportione
844 2752 947 2829 dupla,
978 2752 1031 2812 sed
1055 2761 1118 2811 erat
1141 2754 1290 2828 proportio
1315 2749 1502 2825 duplicanda,

145 2841 200 2901 hoc
221 2842 318 2901 estin
341 2857 406 2901 oeae
429 2838 576 2913 ducenda,
611 2838 658 2899 vel
688 2842 868 2916 compositae
900 2849 1032 2899 motuum
1065 2841 1278 2916 periodicnrum
1308 2840 1529 2921 proportionis¹

145 2928 227 2990 radix
250 2928 394 3004 capienda
415 2944 467 3005 pro
490 2928 679 3005 proportione
703 2925 905 2986 distantiarum
929 2928 975 2987 vol
1000 2926 1169 2988 tarditatem
1198 2927 1341 3003 simplici,
1372 2924 1505 2984 adhibita

146 3018 282 3079 medone
305 3014 342 3075 de
363 3013 579 3090 longitudinum
604 3012 765 3074 mediarum
790 3022 871 3073 motu
895 3033 952 3074 nen
976 3016 1114 3074 mediocri
1138 3016 1281 3092 praecise.

246 3098 325 3183 Utii
341 3111 370 3163 et
391 3099 426 3183 li
444 3102 599 3180 periodicis
615 3104 743 3161 motibus
760 3101 832 3161 haec
849 3102 954 3162 accidit
970 3104 1137 3179 proportio:
1159 3108 1272 3162 10759.
1289 3107 1337 3172 12,
1355 3104 1449 3160 4332.
1463 3104 1502 3158 37

312 3289 357 3344 sic
373 3289 450 3344 maa
468 3288 550 3344 habet
568 3290 629 3345 aaa.
640 3289 688 3357 ⁵93
707 3277 833 3357 νῑνῖιε
847 3311 882 3336 =
895 3288 991 3347 aeaut
1005 3287 1152 3357 (munao)
1166 3310 1199 3334 =
1213 3288 1326 3350 oseam

310 3383 340 3431 a
356 3376 443 3430 Tem
460 3374 545 3430 nabet
563 3376 623 3430 eoo.
640 3376 689 3443 153
709 3364 832 3444 milito·
846 3397 880 3422 =
897 3373 991 3429 meos
1006 3374 1150 3443 (cenot)
1163 3397 1197 3421 =
1210 3374 1322 3441 aneon

353 3464 448 3519 venna
467 3463 550 3519 nanee
566 3463 627 3518 224.
641 3463 689 3531 ⁴23
708 3450 1326 3531 munimen(21ia,ot)=o‚iasaa

293 3550 447 3607 mercurius
465 3549 548 3604 hauet
583 3550 688 3612 aas&
708 3537 880 3619 almis:
911 3547 1330 3615 72‚ao(:1tt‚tt)=0.62570.

245 3632 318 3709 iniq
338 3630 386 3716 hl,
405 3629 441 3714 ‘li
460 3633 555 3692 Marto
569 3632 601 3691 dt
617 3633 710 3708 maj0r
721 3633 812 3709 justo,
830 3650 918 3708 quam
935 3648 1058 3706 corpora
1074 3633 1232 3706 patiuntur,
1251 3631 1278 3684 in
1294 3628 1388 3687 Marte
1404 3626 1503 3697 Terra,

147 3722 234 3785 rana
250 3719 287 3801 Ω
303 3720 330 3802 Ω
347 3718 373 3803 ζ)
390 3724 546 3797 conspirat.
590 3720 688 3778 Parva
708 3738 834 3795 canique
851 3729 895 3779 est
910 3718 1070 3777 differentia
1094 3720 1169 3776 inter
1191 3717 1318 3775 medium
1342 3713 1505 3772 arithmeti-

148 3829 218 3879 cum,
236 3810 315 3888 quod
333 3827 411 3869 anno
423 3815 473 3870 95.
491 3825 708 3884 usurpaveram,
725 3816 755 3867 et
771 3810 992 3883 geometricum,
1011 3803 1089 3880 quod
1104 3804 1182 3880 jam,
1205 3812 1272 3861 sunt
1287 3811 1384 3861 autem
1402 3816 1502 3858 omnes

149 3899 285 3977 majores,
307 3916 386 3974 quaa
408 3898 437 3954 in
461 3895 622 3972 Cepernieo
643 3884 769 3954 mediae.
807 3895 839 3953 Si
862 3893 968 3953 radicis
991 3893 1116 3951 radicem
1147 3908 1300 3966 quaeram:
1326 3886 1504 3969 ismido:

148 3985 416 4073 Qqss'oes'ff:
426 3995 512 4064 Ὧδε,
536 3991 605 4042 tunc
627 3982 725 4042 adhuc
748 3984 867 4059 propius
890 3984 1009 4040 coibunt
1033 3980 1156 4039 termini.

246 4074 304 4135 His
329 4072 366 4133 de
390 4073 486 4131 causis
507 4071 694 4147 postmodum
726 4072 754 4128 in
777 4070 853 4129 haine
882 4071 922 4125 ivl
952 4070 1140 4131 sententiam.
1173 4062 1324 4123 tarditates
1355 4076 1413 4118 non
1438 4074 1502 4116 esse

148 4160 380 4239 proportionales
403 4159 546 4229 motibus,
570 4158 621 4217 sed
645 4157 794 4217 desumtas
817 4175 851 4215 ex
875 4157 1035 4215 harmoniis
1059 4155 1186 4211 musicis.
1234 4153 1273 4208 nt
1295 4151 1318 4206 si
1343 4148 1413 4215 hoc,
1444 4161 1501 4202 non

149 4253 218 4311 hrter
240 4250 329 4310 binos
352 4256 383 4307 et
404 4248 490 4306 hines
511 4245 646 4322 planetas
670 4254 897 4305 consentaneum
921 4252 974 4315 ast,
999 4240 1167 4317 nequidem
1191 4240 1265 4295 inter
1280 4234 1411 4310 ejusdem
1428 4248 1503 4331 apo·

147 4354 249 4415 greum
275 4345 306 4395 et
328 4337 498 4412 parigaeum
522 4342 631 4393 motum
656 4336 806 4392 interesse.
842 4332 884 4390 Ex
908 4331 965 4390 hoe
987 4331 1175 4388 sandaracato
1199 4341 1281 4382 orsus
1304 4325 1346 4380 ita
1370 4319 1502 4393 quaesivi

148 4425 293 4485 hiiarte
324 4425 540 4499 proportionem
571 4422 796 4480 eccentricitatis
825 4421 992 4492 utriunque,
1024 4426 1057 4474 ut
1086 4431 1162 4490 quae
1190 4417 1415 4486 quantacunque
1438 4418 1502 4502 essa

148 4516 246 4589 poaalt.
293 4509 498 4586 Aeronychiae
522 4509 742 4568 ohservationes
765 4507 868 4565 Martis
898 4507 1045 4564 iaciebant
1074 4500 1317 4561 eccentricitatem
1349 4497 1501 4551 eccentrrcr

149 4601 286 4676 majorem
309 4597 434 4656 dimidie
458 4599 630 4671 aequantia,
660 4593 740 4670 quod
770 4595 857 4653 etiam
880 4592 982 4671 Tycha
1012 4600 1041 4650 et
1065 4588 1242 4662 Copcrnicus
1272 4581 1415 4678 dicebant.
1462 4572 1502 4629 At

150 4687 314 4763 parallaxea
338 4686 470 4762 proximo
493 4683 642 4742 dimidiam
665 4682 826 4751 iaciebant,
856 4690 889 4740 ut
913 4681 1074 4738 discernere
1097 4691 1153 4732 non
1179 4687 1289 4747 posses.
1333 4664 1410 4722 IImc
1432 4658 1502 4760 mihi

151 4784 215 4834 mea
237 4781 284 4834 est
304 4790 386 4833 nova
409 4772 581 4849 speculatio,
605 4772 849 4832 eccentricitatem
872 4768 1026 4843 aequantia
1049 4780 1106 4821 non
1130 4774 1245 4817 manere
1268 4769 1318 4829 per
1335 4757 1426 4808 totum
1444 4762 1501 4803 crr-

154 4864 257 4924 mitam
280 4860 421 4937 eandem,
452 4878 518 4925 aaut
540 4876 661 4925 oansmn
683 4874 766 4935 assa,
793 4873 844 4918 our
867 4856 960 4935 maj0r
983 4849 1134 4919 eccentrici¹
1165 4840 1292 4911 altitudo
1320 4834 1442 4921 if⁰d⁹²l²
1466 4848 1502 4895 ⁰¹
