3308 5534
548 406 581 465 n
598 374 710 464 osteum
727 406 761 464 n.
779 404 918 479 quous
934 406 1036 465 uros.

320 592 386 653 Non
410 604 495 649 sacua
517 592 662 647 astrorum
683 593 730 647 toi
748 586 812 664 tam
834 586 968 665 quaesita
991 600 1043 665 per
1064 600 1158 646 anuos

408 675 521 735 Notitia
542 681 573 734 st
594 673 697 735 celeris
718 673 828 734 mobile
848 675 956 751 mantis
978 690 1063 752 opus.

325 761 411 841 Quod
432 764 530 822 uisum
552 758 661 823 Uranie
682 761 773 821 iartm
793 762 900 821 mirata
921 760 977 821 sub
999 762 1095 837 mum

409 848 552 928 Exemplo
575 865 680 911 seusus
703 847 907 927 obstupefacta
928 850 991 923 sulp

322 937 390 999 Heu
411 936 484 997 mihi
505 952 563 995 non
586 937 683 1014 potnit
702 941 785 996 motu
806 951 960 1015 superasse
983 935 1104 1009 cerebri,

409 1025 471 1085 ticc
492 1026 549 1083 uisi
571 1025 750 1102 praegressis
772 1024 909 1084 sensibus
931 1026 973 1085 tre
995 1023 1109 1085 comcsi

325 1112 444 1174 Scilicet
463 1113 530 1191 ipsa
551 1114 640 1171 etiarn
662 1109 811 1188 qnondam
833 1111 956 1190 pulchra
978 1116 1058 1171 astra
1079 1108 1224 1189 peribunt,

408 1200 447 1259 Et
469 1216 515 1259 rea
537 1198 690 1260 instabileu
713 1198 794 1258 iluna
814 1198 912 1276 sigilla
934 1198 1047 1259 decant.

324 1285 442 1348 Scilicet
465 1287 602 1362 exiguum
624 1293 670 1346 cst
692 1292 722 1346 ai
743 1293 830 1345 vasto
851 1302 888 1346 ex
910 1302 1038 1363 aequore
1060 1289 1144 1363 gutta

410 1372 561 1451 Quidquid
582 1372 715 1433 Sideriae
738 1372 775 1434 de
796 1374 910 1433 ratione
931 1380 1025 1434 tenes.

324 1458 423 1538 thns
444 1460 519 1521 bibit
540 1460 620 1521 iioria
640 1459 692 1520 lux
713 1457 853 1521 irradiata
874 1459 1011 1536 colorem,

410 1547 480 1627 lpaa
501 1548 560 1608 sibi
581 1546 680 1607 nullus
702 1546 739 1609 de
761 1546 926 1609 Piratitontc
947 1547 1037 1622 color,

325 1634 390 1695 lion
412 1635 507 1711 alitor,
530 1635 606 1696 viles
628 1652 717 1697 seusu
739 1642 919 1696 monstrante
940 1635 1059 1714 figuras,

410 1721 496 1783 ldcns
518 1721 653 1796 hominis,
677 1738 776 1783 masao
799 1739 920 1801 corpore
943 1740 1045 1796 meras,
1070 1719 1160 1780 videt.

325 1810 386 1872 Aut
407 1817 503 1884 tonna,
528 1816 580 1870 aut
601 1809 673 1870 nihil
696 1818 742 1869 est
763 1813 877 1889 specics
899 1818 951 1870 aut
972 1810 1107 1888 proxima
1129 1822 1209 1881 vero,

412 1898 472 1956 Aut
494 1914 561 1976 pars
583 1899 772 1977 inpromptu
794 1904 849 1971 est,
871 1914 939 1976 pars
961 1895 1104 1975 adoperta
1126 1894 1207 1970 latet,

327 1984 452 2044 Divinos
475 2000 548 2063 puro
570 1984 664 2045 donec
686 1984 722 2044 de
743 1984 825 2045 toute
845 1982 976 2061 liquores

414 2071 549 2150 Corporis
572 2087 589 2131 a
611 2071 717 2132 vinclis
739 2078 832 2132 morta
854 2071 953 2132 soluta
975 2072 1063 2149 capii.

328 2159 393 2219 lion
415 2160 505 2235 igitur
525 2161 613 2219 mimr
634 2166 688 2233 est,
710 2158 849 2237 lacrymis
870 2176 927 2219 uon
951 2166 1038 2238 aptus
1060 2154 1183 2230 acerbis,

413 2245 532 2307 Solatur
554 2246 673 2306 Domini
696 2262 784 2322 quem
807 2245 895 2306 modo
919 2244 1029 2307 blanda
1049 2261 1163 2318 munus,

328 2329 458 2394 Obiitum
480 2334 599 2409 lovium,
622 2335 720 2412 capiat
741 2348 801 2410 quo
821 2335 951 2395 maxima
972 2349 1078 2408 rerum,

412 2419 483 2482 Jam
505 2437 630 2483 vacuum
653 2422 739 2494 curis,
761 2422 987 2499 improbantia,
1011 2422 1079 2481 tuis.

326 2508 392 2569 Non
413 2516 543 2587 poteras,
565 2508 687 2583 lethum,
710 2506 861 2587 pulchram
882 2514 1069 2588 pracrsrtcre
1090 2504 1228 2587 palmam,

413 2595 485 2657 Arta
506 2595 686 2674 triumphata
706 2592 909 2673 sideribusque
931 2597 1026 2657 renis.

326 2681 391 2743 Nou
414 2689 532 2762 poteras
552 2685 671 2761 pauitua
694 2679 856 2742 doctrinam
878 2685 1048 2761 extinguere
1069 2682 1184 2755 nentis,

409 2769 505 2846 Quam
526 2772 639 2849 spargit
662 2775 725 2830 toto
746 2770 890 2849 plurimus
912 2772 983 2831 orbs
1004 2770 1088 2844 libor,

327 2852 428 2916 Audiit
450 2857 519 2917 irinc
539 2859 629 2917 deus
650 2874 774 2934 magnas
794 2874 912 2937 paeana
932 2874 984 2936 par
1007 2856 1104 2933 urbes,

411 2942 572 3005 Posteritaa
594 2944 689 3005 omnis
712 2962 799 3022 quam
821 2944 896 3006 bene
917 2951 1002 3023 grata
1023 2951 1118 3006 canat.

328 3028 467 3091 Gratulor
487 3032 564 3092 hanc
585 3034 689 3093 merito
711 3040 828 3106 sortem,
851 3031 905 3093 scd
926 3050 1018 3093 causa
1039 3030 1149 3093 doloris

305 3166 308 3171 .
411 3118 476 3178 lion
498 3119 575 3179 levis
596 3137 615 3180 a
637 3126 738 3180 nostra
758 3135 837 3180 nunc
857 3120 929 3180 mihi
951 3127 1034 3199 parta
1056 3122 1147 3180 veuit.

325 3204 390 3265 Nou
412 3224 478 3266 mea
499 3214 560 3266 tam
582 3206 690 3284 longao
710 3208 832 3285 jnngam
854 3210 980 3287 suspiria
1001 3205 1151 3286 pompae?

411 3292 498 3354 Mena
520 3294 644 3355 hilaram
663 3295 768 3371 jubeat
790 3295 925 3373 publicus
948 3310 1013 3355 essa
1036 3293 1143 3354 dolor?

325 3381 399 3440 Nam
424 3380 516 3440 veluti
538 3384 564 3441 si
586 3397 647 3458 qua
667 3384 872 3457 stagnantibus
895 3382 996 3442 incidit
1016 3381 1104 3442 undis

410 3466 571 3546 Scrupulus
593 3474 623 3529 ct
644 3468 765 3528 fluctum
787 3471 879 3529 motio
901 3473 995 3548 prima
1017 3468 1106 3543 dudit,

326 3553 417 3614 Addit
438 3572 470 3614 se
494 3557 523 3614 in
544 3558 673 3635 spatium
694 3558 831 3633 virosque
853 3559 979 3634 acquirit
1001 3557 1097 3617 eundo

414 3641 548 3702 Circulos
570 3651 661 3720 atque
683 3646 761 3703 omni
784 3643 884 3704 littora
904 3651 987 3723 parte
1009 3644 1090 3719 icrit3

325 3728 389 3788 Nou
412 3727 497 3790 aliter
518 3733 570 3806 qui
590 3730 654 3807 iam
676 3730 817 3807 Pragcusi
839 3747 954 3791 moeror
974 3733 1015 3791 al)
1037 3731 1108 3793 urbe

408 3816 545 3876 Nascitur
565 3820 630 3877 eois
651 3817 840 3896 occiduisque
862 3818 968 3897 plagia,

326 3902 428 3978 Regna
449 3921 501 3982 per
523 3912 553 3965 ct
573 3911 677 3981 gantas
698 3907 792 3982 magis
814 3922 850 3966 ao
872 3909 966 3981 magis
988 3907 1100 3966 auctior
1123 3919 1221 3966 curans

410 3990 572 4052 Conturbat
594 3998 715 4066 vesum,
739 3991 848 4054 Austcr
869 4000 898 4053 et
921 3994 1006 4067 Burs,
1030 3994 1143 4053 domos.

325 4077 422 4137 Dania
443 4082 610 4157 cumprimis
633 4079 800 4140 Brahaaum
822 4084 917 4159 patria
939 4081 1043 4161 plorat,

409 4164 537 4242 Jamque
559 4184 646 4228 suum
669 4166 817 4228 Atlantem
840 4185 898 4228 non
921 4170 1030 4229 abiisse
1052 4168 1135 4229 volit.

325 4249 506 4330 illustrisque
530 4253 634 4314 domus
656 4254 789 4315 columen
813 4255 958 4317 Brahacia
979 4259 1069 4333 regui,

411 4338 557 4401 Occubitu
578 4341 657 4402 Solis
679 4341 788 4403 lumine
810 4360 897 4403 cassa
919 4345 975 4415 sui,

325 4425 420 4503 Luget
443 4436 473 4488 ct
494 4426 532 4488 ad
556 4428 665 4489 luctum
688 4431 786 4490 socios
809 4438 897 4492 vocat
919 4430 1020 4490 ordine
1041 4428 1145 4505 Bidos,

409 4514 535 4587 Budroe,
557 4516 739 4578 Rantaomos
761 4517 942 4596 pulchraque
964 4526 1043 4578 serta
1065 4518 1172 4578 Rosea.

326 4600 455 4662 Stemma
476 4602 540 4661 Viri
562 4603 677 4680 iulguus
699 4622 820 4683 regnum
842 4607 899 4666 sibi
921 4606 1052 4666 vindicat
1074 4622 1174 4679 unum,

408 4689 579 4750 Doctriuam
601 4699 720 4753 censent
743 4695 842 4753 omnia
863 4710 955 4771 ragno
975 4710 1068 4753 auam.

325 4774 416 4836 Fama
438 4777 632 4838 Caledoniam
652 4778 742 4856 longo
764 4781 892 4840 tranabit
913 4783 943 4839 in
966 4780 1064 4841 orbam

410 4863 561 4944 Signaque
582 4870 732 4943 moeroris,
754 4866 819 4929 Rex
839 4867 966 4944 Jacobs,
989 4867 1084 4943 dabis,
