3308 5534
445 364 555 421 literae
573 364 756 422 dedicaloriee
773 363 905 422 Ludorici
922 361 1062 434 Keppleri.
1396 366 1438 434 29

78 557 214 601 recusare
241 558 303 602 nou
333 520 433 619 potul,
463 544 522 603 imo
549 545 695 604 affectavi.
733 541 800 604 Sed
833 549 972 619 patronus
1001 541 1069 601 huic
1103 543 1183 619 operi
1217 542 1314 603 adhuc
1347 544 1437 605 deest.

79 627 162 688 certe
184 632 266 689 inter
288 629 430 690 militares
452 649 526 690 unus
549 635 597 690 vix
619 633 792 708 reperietur,
824 638 857 689 ut
879 631 929 705 qui
952 646 1055 706 parum
1082 630 1144 705 jam
1172 638 1240 688 sunt
1262 631 1381 691 solliciti
1403 632 1440 692 de

76 714 157 792 globi
187 715 305 777 lunaris
335 721 527 792 astronomia,
563 719 633 794 quin
663 720 761 796 potius
791 718 1010 793 circumspicere
1041 726 1199 794 coguntur,
1236 735 1273 777 ne
1302 719 1440 795 aglobis

75 802 273 880 sclopedariis
298 814 327 865 et
350 809 541 866 tormentariis
564 805 778 866 contundantur
804 814 855 864 aut
876 803 1038 863 laedantur.
1078 802 1175 878 Quare
1204 803 1364 881 digniorem
1386 805 1440 882 Te,

77 890 284 951 illustrissime
306 892 465 972 Princeps,
495 893 578 969 cujus
605 896 767 971 patrocinio
793 893 850 952 hoc
877 890 1048 968 opusculum
1078 892 1133 950 lrui
1156 894 1263 969 possit,
1291 891 1371 951 haud
1394 896 1440 952 in-

79 981 179 1038 renire
208 982 310 1055 potui,
340 989 374 1039 ut
402 983 451 1056 qui
482 982 544 1057 ipse
566 982 597 1039 in
624 981 722 1040 studio
753 980 959 1040 mathematico
990 995 1021 1037 es
1046 980 1318 1053 exercitatissimus,
1350 983 1441 1057 quia

77 1067 173 1125 rurore
199 1066 310 1126 bellico
335 1085 367 1126 es
392 1067 605 1140 alienissimus,
639 1071 747 1143 quique
774 1068 936 1144 patrocinio
960 1075 1011 1125 tuo
1036 1065 1269 1126 clementissimo
1292 1077 1441 1144 parentem

80 1163 228 1226 nostrum,
260 1154 330 1213 dnm
359 1153 455 1213 adhuc
483 1157 512 1212 iu
542 1157 619 1213 vivis
643 1163 736 1228 esset,
766 1155 898 1214 fovebas.
951 1151 1048 1227 Quare
1080 1155 1185 1231 pupilli
1219 1154 1302 1214 firma
1334 1155 1441 1215 fiducia

82 1241 161 1310 ireti,
191 1241 238 1300 'l'e
261 1248 292 1300 et
315 1244 385 1317 ipsis
409 1250 437 1300 et
460 1241 602 1318 opusculo
626 1242 694 1301 huic
717 1243 910 1318 patrocinium
933 1240 1028 1299 Tuum
1053 1257 1109 1299 non
1135 1260 1198 1301 esse
1222 1241 1441 1319 denegaturum,

82 1327 235 1386 illustriss.
260 1327 360 1388 Celsit.
386 1329 469 1388 Tuae
491 1347 542 1404 per
573 1346 619 1389 ms
649 1345 713 1388 sese
743 1339 773 1388 et
795 1329 947 1389 Somnium
980 1327 1035 1386 lroc
1059 1327 1205 1388 humiliter
1228 1331 1440 1405 commendant,

81 1415 176 1474 Deum
200 1412 272 1491 Opt.
297 1415 377 1476 Max.
401 1415 612 1476 ardentissimis
634 1417 769 1493 precibus
791 1424 960 1488 exorantes,
994 1423 1026 1473 ut
1048 1414 1197 1476 illustriss.
1222 1416 1322 1477 Celsit.
1346 1418 1440 1478 Tuam

83 1519 147 1561 cnm
171 1502 306 1579 Conjuge
330 1502 530 1563 illustrissima
552 1504 712 1563 secundum
742 1506 870 1580 corporis
899 1511 928 1561 et
950 1504 1065 1561 animae
1089 1506 1166 1564 vires
1196 1504 1245 1563 diu
1269 1522 1441 1566 conservare

84 1598 111 1648 et
133 1607 252 1648 omnem
275 1589 411 1650 hostilem
434 1592 573 1667 impetum
589 1601 679 1668 atque
694 1591 843 1652 molestias
865 1591 1006 1650 militares
1028 1589 1172 1652 aditione
1190 1593 1286 1669 ipsius
1309 1603 1439 1654 avertere

85 1675 243 1737 clementer
265 1676 409 1754 dignetur.

184 1763 234 1823 'l'n
256 1766 375 1841 itaque,
404 1764 520 1824 Celsiss.
545 1763 699 1842 Princeps,
732 1765 796 1824 Deo
820 1771 849 1823 et
871 1764 988 1824 Patriae
1019 1763 1180 1826 diutissime
1203 1765 1279 1827 vale.
1324 1767 1441 1828 Dabam

83 1851 266 1911 Pranooiurti
289 1852 328 1912 ad
351 1852 500 1928 Moenum,
524 1852 571 1913 die
594 1858 623 1914 8.
647 1852 729 1930 Sept.
754 1852 809 1912 An.
833 1850 1075 1912 MDOXXXIV.

503 2043 653 2105 illustriss.
677 2044 777 2106 Celsit.
801 2044 884 2105 'l'uae

746 2236 970 2298 addictissimus

853 2428 895 2491 Μ.
919 2428 1137 2489 Ludovicus
1160 2427 1377 2507 chplcrua

939 2528 1092 2584 Medicinae
1111 2528 1286 2586 candidatus.
