3308 5534
154 397 219 468 656
244 360 247 365 .
467 394 650 456 Summsrlum
666 395 805 453 Historiae
823 395 1014 454 damnoniae
1030 394 1126 454 uculo
1142 395 1218 454 xil.

150 572 193 630 vsl
210 588 266 629 uon
291 571 410 630 advertit
427 572 471 630 sel
488 592 543 631 nou
561 574 654 646 magni
677 573 757 643 iecit,
780 573 854 644 quod
879 572 948 629 satis
966 587 1028 630 esse
1042 572 1190 643 jndicem,
1213 585 1337 627 eorunm
1354 569 1384 626 ia
1399 574 1501 640 epaet'ae

150 658 307 715 inventione
319 660 347 715 in
361 661 454 717 multis
467 677 599 718 annorum
610 661 729 717 millrbus
740 677 796 716 non
815 660 954 716 committi.
991 661 1030 716 Et
1047 660 1111 730 quia
1129 660 1219 716 solum
1238 660 1273 715 90
1291 658 1388 715 litem
1404 657 1502 714 tabulae
1524 660 1532 681 ¹

153 765 293 820 expansee
314 752 405 813 (illasii
423 753 511 805 tabula
530 762 673 820 epactarum
691 755 723 803 ab
741 766 806 802 anno
828 752 898 804 1582
915 767 961 818 per
984 757 1102 802 cantenor
1127 765 1207 800 annos
1234 754 1342 800 saunas
1363 754 1402 798 ast
1418 749 1451 797 ad
1466 762 1501 796 se-

151 854 214 890 num
232 842 354 905 000900),
371 853 441 909 prae
459 839 550 913 oculis
565 837 669 908 hahuit,
688 837 759 893 ratio
778 835 1096 907 portentosissimae,
1114 843 1145 891 ut
1162 850 1214 905 per
1231 850 1321 889 unum
1338 832 1426 889 solum
1442 832 1501 887 dien

151 922 232 979 Luna
250 923 438 996 descenderet,
457 926 567 995 quando
585 924 777 996 postponende
795 931 879 984 esset.
916 923 971 980 Sed
983 918 1063 996 (ego)
1081 921 1260 992 deprehendi,
1279 920 1422 977 novilunia
1436 935 1501 990 epse

151 1017 241 1067 tarum
258 1028 279 1069 a·
294 1012 461 1068 coelestibus
479 1012 625 1069 noviluniis
642 1012 705 1084 plus
724 1017 814 1085 aequo
838 1014 1091 1094 discreparezoum
1108 1010 1192 1080 hujus
1210 1026 1328 1067 eausam
1345 1010 1501 1078 exquirere·

152 1105 235 1169 atque
253 1107 284 1155 ut
302 1100 531 1157 obtrectatoribus
549 1101 753 1175 satisfacerem,
779 1103 914 1160 rationem
932 1098 1040 1166 iurem,
1058 1114 1113 1166 qua
1130 1106 1247 1167 epactas
1264 1096 1352 1152 etiam
1369 1094 1406 1150 ad
1422 1094 1500 1151 racab

149 1184 310 1258 longissime
328 1187 458 1243 distantia
475 1189 661 1260 invenientur,
687 1206 804 1259 quarum
820 1190 961 1246 novilunia
979 1204 996 1242 a
1013 1184 1179 1242 coelestibus
1197 1200 1253 1241 non
1271 1184 1393 1240 multum
1409 1183 1500 1241 osse

151 1275 236 1344 tisnt,
261 1275 302 1329 lta
319 1282 350 1329 ut
367 1291 481 1333 necesse
500 1277 546 1346 sit,
565 1276 688 1334 tabula'm
714 1277 886 1348 aequationis
908 1287 1068 1348 epactetum
1085 1280 1150 1344 post
1167 1289 1269 1329 annum
1288 1273 1363 1331 8100
1379 1272 1457 1329 aliter
1469 1272 1498 1328 ie

152 1364 276 1418 stituere.
291 1405 298 1422 .
313 1405 341 1420 ..
379 1364 505 1420 Ceterum
524 1366 644 1421 contenti
662 1367 760 1438 simus,
778 1366 802 1422 si
820 1372 915 1422 nostra
932 1362 1061 1436 aequatio
1080 1360 1222 1433 usquead
1240 1376 1331 1419 annos
1350 1361 1452 1419 lwdw
1463 1358 1496 1415 rel

151 1451 235 1506 etiarn
253 1451 359 1509 200000
375 1469 431 1507 non
450 1451 565 1507 multum
584 1469 601 1507 a
619 1469 683 1509 vero
702 1453 847 1524 discrepet.

255 1538 297 1593 Ad
316 1547 440 1609 epactam
457 1540 517 1609 ejus
536 1540 612 1609 anni,
636 1540 664 1594 in
688 1555 742 1610 quo
765 1554 867 1596 aureus
885 1555 1015 1599 numerus
1034 1550 1077 1600 est
1095 1541 1142 1612 19,
1167 1538 1326 1598 addendum
1343 1545 1389 1599 sat
1404 1554 1455 1595 sos
1469 1540 1490 1595 tl

150 1626 200 1684 aed
217 1626 267 1694 12,
292 1629 357 1696 quia
374 1643 409 1683 ex
428 1628 525 1685 diebus
545 1627 605 1698 909,
626 1628 672 1698 qui
691 1629 769 1684 annis
793 1626 929 1685 solaribus
948 1630 982 1686 19
1001 1630 1155 1687 conflantur
1177 1643 1213 1684 ex
1232 1631 1261 1685 ll
1281 1627 1394 1694 diebus,
1410 1626 1491 1698 quil·

152 1713 255 1785 singuli
272 1715 337 1770 anui
355 1715 460 1771 solares
479 1714 602 1787 singulos
620 1716 730 1772 lunares
749 1723 896 1787 superant,
916 1712 1119 1775 conslituuntur
1136 1720 1154 1775 't
1171 1716 1330 1775 lunationes
1347 1714 1490 1773 embolismi

151 1816 210 1868 cae,
228 1801 245 1858 6
261 1801 371 1872 quidem
390 1803 494 1858 dierum
511 1805 554 1873 30,
573 1818 628 1860 uua
646 1804 748 1860 dierum
767 1803 811 1861 29.
841 1804 930 1875 Igitur
948 1822 1002 1860 uon
1021 1813 1114 1863 essent
1131 1821 1240 1877 semper
1251 1804 1406 1873 abiicienda
1421 1804 1453 1859 90
1464 1816 1489 1856 ex

153 1907 259 1949 summa
275 1888 395 1946 conflata
411 1905 462 1960 per
479 1890 644 1947 additionem
663 1894 694 1947 11
715 1891 751 1948 ad
763 1899 887 1962 epactam
901 1893 1114 1959 antecedentem,
1133 1892 1244 1965 quando
1256 1907 1292 1948 ea
1304 1888 1488 1957 summa-aie

151 1980 196 2038 esi
212 1995 294 2050 quarn
312 1977 347 2035 30
365 1984 393 2033 et
411 1991 497 2033 annue
521 1978 625 2034 lunaris
649 1978 851 2034 embolismicus
874 1980 997 2035 continet
1024 1982 1056 2037 13
1073 1980 1245 2047 lunationes,
1272 1978 1323 2034 sed
1345 1979 1374 2034 in
1391 1976 1487 2048 septb

150 2068 325 2134 embolismo,
351 2064 431 2136 cnjus
449 2065 554 2122 lunatio
573 2066 631 2123 dies
649 2072 757 2122 tantum
775 2066 810 2123 29
828 2065 1032 2137 complectitur,
1051 2067 1152 2123 auferri
1170 2066 1304 2123 deberent
1322 2060 1488 2123 emam*

28 2170 35 2181 ‘
147 2157 194 2214 29.
230 2157 297 2211 Cum
316 2167 382 2224 ergo
404 2152 500 2224 regula
524 2154 626 2210 usitata
651 2153 762 2224 abjiciat
785 2169 894 2225 semper
911 2155 961 2220 30,
987 2160 1018 2210 ut
1043 2168 1136 2210 omnes
1155 2150 1309 2208 embolismi
1328 2151 1427 2208 smiles
1441 2150 1487 2213 bl.

148 2259 262 2300 necesse
280 2250 324 2299 est
340 2248 405 2312 post
422 2241 548 2298 ultimum
567 2242 755 2297 embolismum
774 2240 875 2299 addere
889 2241 921 2296 12
934 2241 971 2297 ad
982 2250 1115 2310 epactam,
1133 2249 1165 2296 ut
1181 2240 1324 2308 sequentis
1335 2238 1400 2295 anni
1410 2244 1487 2309 epu

147 2332 318 2390 conficiatur.
355 2331 426 2386 Hine
444 2337 521 2402 patet
539 2333 617 2400 ratio,
636 2349 685 2388 cnr
703 2328 814 2402 quando
833 2345 932 2388 aureus
951 2344 1079 2385 numerus
1100 2330 1132 2385 19
1150 2328 1178 2383 in
1196 2343 1249 2384 usu
1268 2334 1320 2397 est,
1338 2325 1375 2382 ad
1391 2322 1486 2393 dletfl'

147 2427 214 2493 post
237 2418 360 2476 ultimam
386 2418 554 2474 lunationem
572 2418 732 2476 Decembris
751 2423 918 2489 supersunt,
943 2415 1087 2487 adjiciatur
1108 2416 1213 2484 unitas,
1238 2420 1270 2471 ut
1287 2414 1425 2486 sequentis
1439 2410 1485 2467 sd

146 2515 246 2579 epacta
262 2507 404 2565 formetur.
440 2507 543 2573 Quodsi
566 2507 657 2565 unitas
683 2524 738 2563 non
757 2506 918 2576 adderetur,
946 2504 1076 2561 offerrent
1098 2502 1230 2573 superflui
1248 2502 1288 2557 illi
1307 2501 1366 2558 dies
1383 2510 1484 2572 epact!

150 2611 205 2652 una
222 2597 329 2652 unitate
346 2596 486 2652 minorem.

254 2685 283 2739 Si
301 2690 365 2755 post
383 2683 488 2753 aliquot
510 2685 603 2740 secula
626 2685 661 2740 ab
680 2683 845 2741 astronomis
868 2682 924 2739 alia
949 2682 1013 2738 anni
1036 2680 1194 2751 magnitudo
1219 2674 1485 2751 deprehendam

149 2787 238 2829 annm
257 2771 445 2842 Alphonsiuus
469 2788 524 2827 nou
549 2771 665 2842 amplius
689 2772 796 2829 medius
820 2771 857 2829 sit
879 2772 951 2828 inter
968 2772 1115 2826 maximum
1138 2784 1240 2825 annum
1263 2775 1294 2823 et
1310 2766 1485 2829 ωἰοίωιῌ

93 2882 97 2891 ·
147 2859 349 2930 aequinoctium
372 2874 485 2914 vernum
503 2876 520 2913 a
539 2858 582 2915 die
600 2860 642 2915 21.
661 2861 755 2915 blartii
779 2859 904 2928 recedat,
931 2857 1131 2914 restituendum
1156 2857 1208 2913 erit
1225 2856 1260 2913 ad
1278 2856 1353 2912 hunc
1370 2854 1485 2921 dieu!

146 2947 379 3004 intercalationem
397 2946 441 3003 rel
460 2948 633 3004 omissionem
651 2954 693 3003 tot
711 2947 816 3004 dierum
840 2956 917 3004 extra
937 2947 1074 3009 ordinem,
1093 2953 1160 3016 quot
1178 2942 1274 3000 diebus
1294 2960 1311 3000 a
1328 2944 1372 3000 21.
1390 2940 1432 2996 die
1444 2938 1484 2993 ὼ

148 3035 269 3094 cesserit.
306 3034 412 3090 Deinde
436 3034 593 3090 innovanda
618 3036 669 3090 erit
687 3035 860 3105 aequationis
879 3034 988 3102 tabula,
1012 3033 1052 3087 sic
1077 3033 1159 3086 etiam
1177 3024 1344 3087 si‘deleetua
1362 3025 1484 3101 aliqass

150 3123 313 3194 aequatione
331 3124 428 3178 Lunae
446 3121 634 3192 deprehensus
653 3123 702 3190 sit,
728 3123 804 3179 nulla
827 3129 918 3178 tamen
940 3122 968 3177 iu
987 3124 1047 3194 ipso
1066 3121 1222 3177 calendario
1246 3122 1364 3178 mutatio
1380 3112 1485 3175 suein&

148 3213 208 3271 erit.
244 3212 341 3281 Neque
364 3226 428 3267 sero
451 3210 500 3266 ulli
524 3219 661 3282 nostrum,
687 3212 734 3280 qui
752 3227 769 3266 a
787 3228 892 3266 summo
915 3210 1046 3266 Pontidee
1070 3209 1105 3264 ad
1128 3209 1182 3263 hoc
1206 3209 1386 3264 correctionis
1406 3214 1484 3263 ssu·

148 3300 252 3357 moesti
271 3301 384 3369 fuimus,
403 3298 430 3354 in
449 3305 566 3354 mentem
586 3315 705 3369 unquam
724 3299 797 3354 venit
815 3298 902 3367 (quod
920 3312 1063 3369 perperam
1082 3296 1218 3363 nonnulli,
1237 3296 1286 3364 qui
1304 3312 1409 3352 omnem
1424 3304 1485 3347 oete·

148 3389 251 3445 sionem
271 3393 407 3458 quaeruut
425 3392 456 3441 ut
474 3385 658 3441 calendarium
678 3386 874 3457 Gregorisnum
893 3385 1034 3442 calumniis
1052 3386 1225 3455 impugnent,
1250 3386 1332 3442 nobis
1349 3380 1485 3454 elingui·

148 3483 181 3533 ut
197 3484 364 3547 putaremus,
384 3472 568 3530 calendarium
587 3473 731 3529 dicendum
749 3488 810 3528 esse
829 3482 990 3544 perpetuum
1002 3481 1116 3544 propter
1129 3472 1329 3528 restitutionem
1342 3462 1485 3541 sequiad

148 3570 178 3620 et
195 3563 259 3619 anni
277 3562 374 3618 solaris
391 3560 579 3630 aequationem
598 3561 626 3616 in
644 3578 676 3618 eo
695 3562 898 3631 praescriptam.
936 3561 1004 3617 liam
1031 3577 1092 3616 cum
1116 3561 1180 3615 anni
1203 3559 1364 3629 magnitudo
1386 3554 1483 3613 noad-

149 3652 185 3708 sit
204 3657 278 3708 certo
297 3650 448 3720 explorata,
468 3649 528 3717 quis
547 3648 684 3704 offirmare
703 3649 810 3718 audeat,
829 3648 1029 3718 aequinoctium
1047 3652 1181 3719 perpetuo
1199 3663 1406 3718 permoram-
1421 3646 1445 3699 in
1458 3654 1483 3696 se

149 3740 224 3805 sede,
242 3737 276 3794 ad
296 3753 376 3807 qutun
399 3746 555 3793 revocatum
579 3743 634 3805 est,
660 3736 768 3790 etiamsi
790 3735 919 3804 aequatio
942 3737 1005 3791 anui
1029 3735 1127 3791 solaris
1146 3736 1218 3791 omui
1236 3736 1362 3790 adhibita
1379 3733 1482 3790 raanan
1517 3714 1522 3767 ἶ

149 3827 330 3885 instituatur?
345 3867 352 3881 .
367 3870 372 3882 .
387 3867 416 3885 ..
452 3826 574 3881 Maxima
593 3823 680 3894 gratia
699 3832 727 3878 et
744 3821 805 3878 laus
824 3823 936 3894 Aloysio
954 3824 1025 3880 Lilio
1044 3823 1188 3881 tribuenda
1206 3831 1263 3891 est,
1281 3825 1330 3894 qui
1347 3832 1401 3876 tam
1417 3816 1481 3875 am}
1517 3834 1522 3861 τ

148 3915 253 3971 ciosum
271 3922 427 3984 epactarum
451 3913 555 3984 cyclum
579 3911 758 3982 excogltasit,
786 3911 833 3980 qui
857 3911 892 3965 ad
917 3928 1107 3982 quamcunque
1130 3912 1194 3968 anui
1219 3912 1427 3981 magnitudinem
1440 3916 1481 3960 ts!

150 4002 233 4059 facile
251 4003 339 4073 possit
358 4001 564 4063 accommodari,
584 4000 606 4055 ei
626 3998 751 4054 nimirum
770 4001 827 4056 suis
846 3999 1016 4070 temporibus
1035 4000 1126 4056 debita
1143 4000 1273 4068 aequatio
1291 3999 1452 4056 adhibeatur.

251 4089 388 4159 Equidem
412 4090 440 4144 iu
462 4089 515 4144 hac
537 4087 576 4142 lui
598 4102 706 4157 semper
729 4087 866 4143 sententia
889 4086 1059 4156 eandemque
1081 4103 1154 4143 nuuc
1175 4095 1272 4153 teneo,
1295 4096 1326 4142 nt
1344 4086 1480 4143 extasi-ea

147 4186 259 4248 epactas
276 4193 332 4233 non
350 4191 432 4246 posse
449 4176 530 4232 aliter
547 4177 576 4230 iu
594 4173 749 4231 calendario
769 4174 876 4246 disponi
894 4190 926 4230 ac
944 4174 1070 4242 describi,
1089 4190 1179 4245 neque
1196 4174 1277 4231 aliter
1293 4192 1385 4231 arun
1401 4184 1480 4240 mae

145 4266 248 4321 tionem
265 4264 385 4329 institui,
410 4279 490 4332 quam
513 4263 541 4317 in
560 4261 716 4319 calendario
736 4263 903 4333 Gregoriano
925 4262 1029 4319 facturn
1053 4270 1109 4332 est,
1131 4262 1184 4318 uisi
1206 4262 1323 4319 velimus
1343 4263 1372 4319 is
1395 4268 1479 4315 erratu
1505 4206 1541 4423 l

151 4351 308 4406 innumeros
327 4356 355 4404 et
372 4347 560 4404 intolerabiles
578 4351 716 4405 incurrere
735 4358 763 4406 et
781 4352 808 4407 S.
828 4351 856 4407 S.
877 4351 1000 4407 Paschae
1019 4351 1089 4406 diem
1106 4350 1330 4420 frequentissime
1346 4356 1434 4407 eom
1445 4356 1479 4399 st

147 4452 247 4493 nonem
267 4437 374 4494 concilii
392 4437 506 4494 Nicaeui
524 4445 553 4492 et
569 4436 681 4494 decreta
697 4437 809 4493 Petrum
827 4452 979 4507 peragere.
995 4480 1001 4494 .
1016 4480 1046 4496 ..

252 4524 439 4594 lieplasum
457 4526 511 4580 hoc
530 4524 614 4580 clarii
633 4540 703 4594 opus
721 4525 788 4581 satis
807 4525 1005 4581 voluminosum
1018 4527 1084 4595 (010
1095 4508 1203 4598 paginis
1217 4520 1478 4597 lomaqsnfl

147 4615 174 4668 in
198 4612 262 4667 folio
287 4627 343 4666 rem
367 4612 496 4680 absolvit)
521 4621 649 4668 accurate
672 4613 832 4683 cognovisse
857 4621 973 4684 apparet
995 4629 1030 4669 ex
1051 4615 1188 4685 Dialeon,
1213 4631 1296 4684 quem
1317 4608 1476 4686 praefi

145 4699 255 4754 sollV.
274 4715 301 4767 p.
323 4700 433 4755 11-57.
469 4699 707 4769 Praeparatiouem
726 4701 760 4755 ad
779 4700 852 4755 huuc
870 4700 1012 4772 dialogum
1031 4699 1264 4770 deprehendimus
1282 4700 1336 4758 sol.
1348 4692 1474 4757 mh

147 4785 378 4851 Pullariensium,
397 4786 527 4856 illamque
544 4788 667 4857 quamvis
685 4804 809 4845 mancam
827 4788 986 4859 praemissis
1004 4788 1206 4860 adjungendsm
1225 4794 1383 4849 masth!
