3308 5534
147 386 211 459 186
503 386 676 447 collectanea
694 400 729 444 ex
747 384 887 445 colluitur
905 384 1141 443 Pullrorieueibut.

249 566 328 629 Hinc
349 573 432 647 putet
454 568 605 644 inscriptio
619 566 811 645 regularium:
835 566 859 630 l.
874 566 1102 644 regulerienimo,
1124 584 1192 628 cum
1207 568 1308 629 omnin
1321 566 1418 630 tatere
1439 578 1510 633 runt

145 660 176 719 ln
199 658 335 719 omnibns
357 655 462 733 plenis,
484 655 585 732 engnli
609 672 711 716 omnen
732 656 762 714 in
777 654 895 733 ungulis
917 673 975 716 non
992 656 1145 716 omnihuet
1171 653 1200 737 1)
1215 656 1310 730 coto,
1329 656 1508 723 temedium

147 746 179 829 tt)
201 743 404 817 Dctlccoiidro,
427 744 531 808 cubus.

250 832 291 895 ll.
313 830 509 905 Secunduriu,
532 848 599 893 cunr
621 830 722 907 anguli
745 848 847 891 omncs
869 838 950 890 etuut
978 832 1008 889 in
1036 831 1165 889 omnium
1196 830 1353 907 plenorum
1383 836 1509 895 centnm

147 920 180 991 iil
202 920 237 981 Iu
260 920 337 981 culto
359 918 526 992 ocuccrou,
552 918 584 997 t)
605 922 635 977 in
657 917 797 978 octuitlro
820 919 923 993 cubne,
949 914 980 995 o)
1003 920 1032 976 in
1055 916 1203 979 tetrnedro
1226 918 1404 997 teuuiiclron,
1430 922 1464 999 6)
1477 924 1511 983 ln

146 1006 330 1070 dodeceitlro
352 1006 534 1081 iconeitlron,
560 1008 593 1079 7)
616 1008 645 1065 iu
668 1007 820 1066 lcoeuiidrc
843 1004 1058 1067 dodccnidron.

252 1094 309 1155 Ill.
331 1094 406 1153 Cum
428 1094 531 1171 anguli
558 1109 660 1154 omnen
681 1102 750 1154 eunt
779 1096 809 1152 in
837 1092 978 1154 luteribus
1001 1094 1138 1153 omnibus
1166 1092 1308 1170 etoleno
1338 1093 1457 1173 ettqnot
1477 1098 1509 1157 ln

147 1184 243 1264 pltnin
265 1183 410 1257 omnibus,
435 1190 468 1241 ut
490 1184 525 1255 8)
549 1184 578 1239 in
601 1182 748 1241 tetrcedro
770 1180 939 1240 octeiiclron.

252 1268 306 1330 tv.
330 1270 404 1329 Cum
427 1269 529 1346 anguli
551 1286 653 1329 omues
676 1271 704 1327 in
728 1268 871 1328 lateribus
896 1269 1041 1341 omnibne,
1064 1265 1117 1329 eetl
1137 1282 1197 1327 non
1220 1270 1249 1327 in
1271 1268 1395 1347 metlilt,
1419 1270 1513 1349 pitu·

146 1358 262 1438 uliquot
283 1358 312 1415 iu
335 1356 434 1433 pinnis
456 1357 602 1429 omnibue,
624 1365 659 1415 ιιι
683 1354 715 1435 9)
736 1358 766 1413 in
789 1355 928 1416 octuliclro
951 1354 1133 1415 icoeee'clron.

252 1444 289 1503 V.
313 1444 388 1503 Cum
410 1445 503 1505 lutere
526 1444 641 1519 aliquot
663 1446 692 1502 iu
715 1442 812 1519 pleuie
826 1444 963 1502 omnibns
985 1450 1064 1518 eunt,
1086 1460 1141 1504 uec
1155 1442 1255 1521 unguii
1277 1445 1308 1503 ln
1323 1442 1453 1523 ungulis,
1475 1454 1512 1507 ιι

149 1532 202 1615 10)
223 1536 254 1593 in
277 1533 354 1592 cubo
375 1531 591 1605 dedecuidron,
617 1531 669 1608 ll)
692 1533 721 1589 iu
744 1531 822 1590 cubo
844 1530 1026 1593 icoeuiidrou.

251 1620 306 1682 t't.
328 1620 403 1679 Cum
425 1620 527 1696 anguli
558 1636 660 1678 omnen
688 1625 758 1679 eunt
785 1619 815 1676 in
843 1618 941 1697 plunie
963 1617 1093 1696 aliquot,
1121 1626 1333 1694 praetereoque
1355 1620 1447 1693 nihil,
1476 1630 1511 1683 ut

150 1710 203 1785 12)
218 1710 247 1767 ln
264 1707 414 1767 icoeeie'dro
430 1708 539 1779 cubus,
568 1708 620 1783 13)
636 1709 664 1763 in
680 1706 832 1766 iconendro
847 1704 1011 1766 tetretdron
1019 1752 1029 1785 ,
1054 1704 1106 1785 il)
1120 1708 1151 1763 in
1167 1704 1306 1766 octulitlro
1329 1709 1509 1771 tetretdron.

252 1794 321 1855 vlt.
345 1794 419 1854 Cum
442 1794 541 1870 artguli
572 1792 687 1869 aliquot
713 1801 782 1851 nuttt
804 1794 833 1850 in
857 1793 952 1870 plenis
983 1794 1135 1864 omnibus,
1165 1804 1197 1852 ut
1231 1794 1284 1868 15)
1307 1795 1337 1852 ln
1360 1797 1510 1859 tetretlro

147 1884 251 1957 cubuc,
278 1890 332 1953 16)
355 1885 383 1940 ιιι
407 1882 553 1943 tetroidro
577 1880 797 1953 dodeceidron,
832 1883 884 1958 li)
907 1883 937 1939 in
959 1879 1099 1942 oetaeum
1122 1879 1336 1945 ‹lodeceie'dron

252 1968 336 2031 l'lll.
360 1970 434 2029 Cum
458 1969 559 2046 unguli
581 1986 684 2027 omnes
707 1971 737 2027 in
760 1968 902 2029 luteribue
924 1967 1048 2045 aliquot,
1072 1977 1105 2028 ut
1130 1972 1185 2043 18)
1200 1970 1230 2027 iu
1253 1966 1443 2033 dodectlitlro
1459 1988 1511 2035 ott·

150 2056 283 2129 tulitlmn,
311 2056 362 2137 ln)
384 2060 413 2115 in
436 2057 588 2117 nomene
612 2055 778 2117 octec'dron.

251 2144 310 2205 tx.
335 2146 410 2206 Cum
432 2144 535 2223 unguii
557 2160 659 2204 omuee
681 2146 711 2202 in
732 2141 850 2219 ungulln
872 2142 996 2221 aliquot,
1019 2142 1153 2223 nihilque
1166 2153 1330 2221 praetereo,
1354 2156 1388 2209 ut
1411 2148 1510 2233 20)itt

148 2232 331 2295 dodeeeltlro
354 2234 531 2293 terraconen.

250 2320 295 2383 X.
318 2322 393 2381 Cum
416 2321 505 2399 pluunt
528 2329 559 2381 ct
580 2316 682 2396 anguli
704 2316 818 2395 aliquot
840 2320 869 2375 iu
893 2316 989 2396 plunie
1011 2322 1159 2397 omnibns,
1182 2328 1215 2381 ut
1238 2316 1295 2405 21)
1317 2322 1347 2381 ln
1363 2320 1507 2383 tetruldm

148 2408 329 2471 icoeuiitlrott

724 2524 933 2535 ο-α--ιο-

587 2685 635 2769 llc
661 2684 776 2768 Genesi
803 2684 1068 2791 liugnilnliunm.

639 2832 691 2888 De
713 2836 795 2888 ortu
817 2832 1014 2901 ingruerunt

255 2932 477 3009 Magnitudines
506 2934 535 2991 in
566 2950 673 3009 genere
701 2944 836 2994 orcontnr
863 2930 981 3003 iietlem,
1010 2932 1118 3007 qtribue
1145 2933 1346 2993 terminentur.
1393 2934 1509 2997 Priore·

150 3026 237 3101 igitur
259 3033 336 3095 eunt,
361 3040 396 3081 ex
420 3022 529 3096 quilius
551 3022 628 3081 uiiuc
651 3022 734 3079 irunt.
774 3022 926 3081 Eeeentinc
950 3036 1041 3079 curren
1064 3021 1092 3077 in
1116 3017 1175 3078 cuo
1198 3019 1307 3079 cedunt
1331 3021 1509 3097 discrimine,

149 3123 260 3171 rectum
283 3120 313 3168 et
335 3125 467 3181 curvum,
491 3109 600 3184 quibus
623 3109 772 3179 adhaeret,
795 3108 874 3183 quod
897 3108 935 3167 ub
958 3117 1082 3182 utreque
1105 3109 1224 3166 mixtum
1240 3106 1331 3169 hebet
1353 3114 1511 3171 ementium

151 3198 199 3259 vel
222 3196 457 3273 intelligentium.
494 3198 583 3255 Curri
608 3198 696 3272 igitur
711 3195 841 3255 definitio
863 3195 1081 3271 eirnplicieeime
1096 3205 1149 3267 eet,
1172 3193 1251 3270 quod
1268 3213 1300 3255 ee
1316 3198 1414 3274 ipeum
1428 3198 1512 3260 finiet

151 3298 241 3361 etque
264 3284 376 3361 figuret.
423 3282 521 3341 Curru
544 3284 638 3361 figure
662 3284 747 3343 unico
770 3292 829 3357 ent,
857 3282 896 3342 nd
919 3282 1004 3359 cuine
1034 3298 1165 3341 nonnum
1188 3298 1290 3343 omnen
1312 3287 1462 3347 maximoe
1481 3294 1511 3347 et

153 3378 290 3434 ntinimuc
313 3370 469 3448 qunrlrunt.

256 3460 290 3519 ln
314 3459 415 3519 ltullu
437 3460 493 3515 trin
507 3467 590 3517 eurrt:
614 3467 753 3533 punctum
770 3458 798 3514 in
815 3454 921 3527 metlio,
946 3456 1121 3515 circunrluen
1135 3456 1304 3532 superficies
1320 3469 1350 3518 et
1371 3458 1512 3523 dietnnth

149 3547 314 3625 euperliciei
341 3566 360 3605 u
382 3557 499 3623 puncto.
553 3544 698 3603 Punctum
725 3564 745 3603 n
767 3544 849 3603 nullo
877 3555 922 3603 cst
950 3560 1045 3619 neque
1074 3546 1182 3603 luctum
1211 3562 1266 3605 nce
1295 3555 1429 3609 creatum
1458 3566 1512 3613 uec

149 3638 289 3711 genitum.
334 3633 512 3711 superficies
534 3652 551 3689 n
576 3643 684 3709 puncto
713 3650 778 3693 enee
802 3630 931 3703 ridetur,
960 3648 1018 3690 non
1041 3640 1139 3691 temen
1162 3644 1293 3693 ereetum
1316 3636 1365 3695 vel
1390 3638 1511 3713 fumum,

150 3723 203 3783 ted
226 3740 284 3783 uno
308 3736 375 3783 ectu
399 3730 650 3796 reprnceentntum
673 3729 703 3781 ot
725 3722 810 3796 quael
834 3719 911 3779 eultu
935 3722 1022 3778 nnius
1045 3722 1145 3795 puncti
1169 3722 1198 3777 in
1221 3720 1351 3781 infinitae
1365 3726 1513 3801 regiona.

150 3812 225 3873 Cum
247 3822 387 3889 punctum
409 3808 475 3867 eolo
498 3812 556 3867 ritu
580 3818 675 3867 exstet
697 3825 752 3869 nco
775 3807 940 3868 differentes
962 3818 1061 3883 purten
1083 3806 1209 3880 hebeat,
1240 3810 1413 3886 superficies
1436 3810 1511 3873 tttot

150 3907 357 3977 reprueeentut,
381 3896 424 3956 illi
447 3914 536 3973 quem
559 3900 690 3973 proxime
712 3895 825 3957 rimilie.
857 3894 933 3954 Nem
954 3896 980 3953 ei
1003 3894 1120 3971 ligurnri
1143 3905 1244 3972 poeeet
1266 3908 1420 3975 puuctum,
1442 3916 1510 3961 eur·

152 4006 219 4047 rem
240 3986 424 4065 superficiem
447 3986 671 4043 nuncieeeretur.

255 4076 404 4133 Distentiu
433 4072 568 4149 ecquulie
589 4090 609 4130 ιι
630 4081 739 4148 puncto
767 4079 797 4129 et
823 4070 978 4148 eupersrcic
1007 4070 1094 4129 eimul
1123 4079 1167 4131 cet
1196 4085 1255 4131 uon
1278 4069 1399 4147 quidem
1423 4072 1510 4151 iectu,

152 4172 335 4233 nocerentur,
358 4160 411 4221 reti
434 4159 587 4219 rennltune.

255 4250 338 4311 lleoc
360 4252 415 4309 trie
438 4250 481 4308 eic
504 4264 595 4305 unum
617 4244 739 4320 iaciunt,
761 4254 793 4303 ut
818 4260 876 4301 nno
900 4244 947 4303 uel
971 4243 1087 4303 dttobue
1101 4246 1227 4323 negotio,
1250 4244 1398 4327 reliquum
1419 4262 1511 4327 nm·

154 4344 209 4396 tur.
257 4336 334 4414 Ergo
357 4354 448 4396 unum
472 4338 502 4393 in
525 4336 672 4413 tribue-et
694 4330 801 4393 trie'in
824 4348 884 4391 uno
907 4331 1104 4409 egnonccnrle.

653 4496 704 4551 De
725 4496 807 4551 ortu
827 4496 1007 4551 motorum.

257 4596 406 4657 Diettutiu
434 4600 464 4655 in
486 4615 578 4657 curvo
601 4615 653 4674 per
682 4608 790 4657 rectum
818 4598 924 4657 lineum
952 4595 1132 4671 intelligitur.
1181 4596 1224 4655 Ex
1252 4596 1332 4655 fluxu
1355 4598 1458 4675 puncti
1479 4596 1512 4659 tt

155 4682 202 4741 vel
224 4693 338 4744 creetur
360 4683 447 4757 lineo,
470 4696 502 4743 ut
519 4686 611 4760 njunt.
649 4682 710 4744 Setl
731 4686 879 4759 regionem
902 4684 988 4743 nobie
1011 4695 1039 4743 ct
1054 4686 1142 4741 eitum
1157 4694 1333 4761 punctorum
1348 4702 1408 4745 non
1424 4702 1510 4763 pnt-

154 4770 233 4831 irent.
277 4772 432 4849 Trnjectue
463 4774 553 4833 centri
576 4770 683 4851 (curvi)
713 4772 903 4830 breuissimnr
931 4774 1113 4847 intempore
1140 4772 1344 4831 concideretut
1373 4772 1407 4833 fit
1433 4773 1511 4835 ttnee

154 4870 244 4922 rectu.
288 4860 333 4921 Ex
360 4860 441 4923 linet
467 4867 550 4922 reete
575 4874 678 4921 omnen
705 4858 816 4937 tigerne
847 4860 989 4919 oriuntur.
1034 4858 1145 4920 Linete
1173 4868 1273 4921 rectae
1298 4862 1416 4923 termini
1441 4868 1511 4923 m
