3308 5534
160 416 225 488 732
670 421 733 479 Vita
748 420 864 479 Joaanls
881 419 1003 492 llepleri.

160 603 263 751 {ttoni
285 608 366 663 amnt
386 604 512 681 patrium
535 610 565 664 et
586 603 681 680 bona,
704 604 820 666 amittet
841 602 903 681 illa,
927 602 1007 683 quod
1028 604 1099 665 mihi
1122 602 1167 667 fas
1182 604 1222 666 sft
1244 607 1275 666 in
1297 604 1375 669 boue
1393 624 1489 671 scam

180 709 196 752 e
210 707 343 768 orqnere.

262 793 358 864 'lycho
381 793 409 849 fn
432 792 552 864 epistola
576 810 658 864 qnam
682 808 767 863 snpra
793 792 860 849 dicit
880 792 1015 863 Keplerns
1043 792 1122 861 (data
1145 793 1189 848 die
1211 793 1257 851 ta.
1283 794 1399 865 Διςιιιιι
1418 796 1490 865 tati),

158 877 227 933 haec
249 879 333 936 refert
353 870 490 951 lfeple'ro:
516 880 601 939 Paulo
626 887 773 954 postquam
798 882 899 937 caesar
922 879 1034 937 Pilscna
1056 880 1152 936 relicta
1176 880 1231 938 hnc
1249 880 1366 953 Prsgsru
1387 898 1488 941 mans

158 972 240 1033 esset,
258 983 301 1025 me
319 967 453 1025 Benatica
470 968 505 1025 nd
524 984 554 1026 sc
572 970 723 1027 aduocauit.
750 968 878 1027 Pauculis
897 969 993 1026 dicbus
1011 975 1157 1041 postquam
1174 968 1220 1025 bic
1238 970 1488 1041 compsrnimmsl

157 1053 324 1111 audientiam
341 1063 455 1113 rocatns
473 1074 541 1113 snm.
555 1098 562 1113 .
576 1099 604 1115 ..
628 1059 747 1128 Arrepts
764 1058 857 1129 adona
874 1075 941 1115 ansa
960 1059 994 1115 de
1011 1058 1200 1115 instrumentis
1217 1059 1288 1115 meis
1304 1064 1334 1115 et
1350 1058 1488 1117 numm

157 1140 238 1197 uibus
255 1143 394 1201 incidebat
410 1146 521 1213 mentio,
540 1161 583 1201 me
595 1145 683 1202 solum
697 1147 774 1202 oneri
785 1164 840 1203 uon
853 1146 989 1215 sufficere,
1007 1145 1057 1201 sed
1069 1145 1319 1202 collaboratoribns
1332 1162 1401 1219 opus
1410 1146 1488 1201 habers

157 1228 272 1297 ajebam.
312 1232 380 1287 Cum
398 1232 433 1287 dc
450 1238 478 1289 te
497 1248 607 1303 qnoque
624 1234 680 1291 buc
699 1233 818 1306 eStyria
835 1232 1000 1291 accersendo
1019 1240 1047 1289 et
1064 1248 1114 1304 per
1130 1250 1214 1289 unum
1233 1242 1319 1305 atquc
1337 1234 1441 1293 alterurn
1454 1252 1488 1289 aa

157 1334 221 1372 uum
240 1320 432 1390 sustentando,
451 1327 499 1379 tuo
518 1322 599 1379 etiarn
619 1322 736 1379 discrete
755 1322 847 1378 addito
865 1321 982 1389 nomine,
999 1319 1189 1390 insinuassem,
1207 1320 1296 1390 ipsine
1307 1323 1431 1392 majestas
1440 1342 1487 1381 sor

155 1404 348 1477 benignissime
367 1408 472 1475 annuit,
491 1417 575 1478 atque
593 1416 625 1466 nt
641 1410 669 1466 id
686 1412 722 1468 D.
735 1410 855 1467 Bareitio
875 1408 1031 1465 nancietum
1053 1407 1189 1463 traderem
1202 1408 1297 1477 jussit
1315 1410 1431 1467 Locutus
1444 1426 1488 1467 sm

156 1501 256 1562 postea
272 1511 333 1550 curn
352 1495 385 1551 D.
406 1495 570 1552 Corraducio
593 1495 646 1552 hac
668 1497 730 1568 ipsa
754 1497 789 1553 de
807 1513 837 1553 re
854 1503 938 1566 atque
955 1495 1062 1566 rogavi,
1087 1501 1118 1551 nt
1136 1495 1230 1551 literas
1248 1511 1265 1549 a
1284 1497 1364 1555 Caes.
1379 1498 1440 1571 lls'p
1451 1500 1489 1555 is·

156 1586 267 1649 putrere
291 1581 374 1636 uellet
391 1581 425 1637 ad
444 1582 598 1653 Principem
624 1591 702 1639 tuum
720 1590 748 1640 ct
765 1584 961 1655 amplissimum
980 1582 1109 1639 Ordinem
1128 1584 1296 1655 Stpriacum,
1318 1584 1416 1656 quibas
1428 1602 1489 1657 rnre

155 1673 263 1738 rentur,
288 1676 319 1726 nt
336 1685 386 1741 per
410 1670 548 1727 biennium
572 1672 617 1728 hic
634 1673 701 1729 mihi
717 1681 829 1745 praesto
848 1673 945 1730 adessa
967 1672 1017 1729 tibi
1039 1672 1136 1729 liceret
1152 1677 1181 1725 et
1199 1669 1286 1726 nihilo
1308 1671 1396 1729 minus
1417 1688 1488 1729 muno

154 1757 237 1814 isthic
253 1758 308 1815 frui
325 1759 471 1830 stipendio,
491 1760 564 1830 quod
581 1776 631 1831 per
649 1759 773 1816 Caesaris
791 1758 981 1815 liberalitatem
1002 1760 1054 1816 100
1065 1756 1177 1814 florenis
1196 1757 1339 1814 aunuatim
1355 1760 1441 1829 angeri
1454 1776 1489 1815 es·

90 1896 105 1919 s
156 1850 288 1917 optarem.
325 1848 353 1903 Is
372 1864 436 1903 rcro
454 1863 485 1903 sc
504 1848 691 1906 lubentissime
709 1847 848 1917 negotium
872 1845 925 1903 hoc
942 1851 1130 1917 promoturum
1153 1844 1296 1918 pollicitus
1314 1854 1367 1903 est.
1399 1846 1489 1905 lamis

155 1940 219 1989 aute
237 1949 341 2003 paucos
359 1934 417 1991 dies
434 1936 631 2005 superueniunt
648 1936 744 1991 literae
761 1941 834 2005 tuae,
854 1951 869 1991 e
888 1934 986 2004 quibus
997 1933 1131 2003 intelligo,
1150 1932 1282 1990 sobrium
1294 1934 1439 2007 Stra-iacun
1450 1934 1489 1991 nti

153 2022 343 2079 renunciatum
370 2027 398 2076 et
416 2022 528 2093 insuper
546 2022 658 2079 exilium
675 2024 846 2095 impositum,
873 2022 926 2078 nisi
949 2020 1059 2076 decreto
1082 2019 1165 2076 istbic
1188 2020 1363 2093 promulgato
1379 2022 1490 2093 parueris

153 2115 185 2163 nt
203 2107 238 2163 ob
254 2108 283 2164 id
301 2109 328 2165 in
347 2110 618 2181 Wirtenbcrgensem
636 2112 775 2181 ducatum,
792 2110 908 2183 patriam
927 2116 1016 2179 tuam,
1038 2107 1128 2163 redire
1149 2108 1240 2163 malis.
1278 2110 1316 2165 At
1333 2110 1396 2180 qnia
1411 2110 1434 2165 in
1448 2108 1489 2165 hac

153 2212 244 2252 rerum
262 2205 370 2253 tuarum
388 2198 599 2254 conturbatione
623 2207 652 2255 et
667 2199 767 2269 prioris
785 2197 938 2255 sententiae
962 2195 1138 2253 frustratione
1157 2212 1213 2251 uon
1230 2194 1321 2251 babeo
1338 2198 1488 2267 praesentias

152 2284 303 2347 consilium,
322 2285 394 2355 quood
413 2302 448 2340 cx
465 2302 495 2340 rc
514 2291 579 2340 natu
597 2286 647 2342 tibi
666 2287 736 2355 dem,
755 2303 836 2357 quam
855 2293 885 2341 ut
901 2282 1055 2355 postposita
1073 2283 1145 2338 omni
1164 2299 1240 2338 mora
1259 2290 1288 2339 te
1305 2284 1360 2340 huc
1377 2284 1487 2355 constan,

152 2372 209 2427 siva
227 2372 301 2428 soltus
320 2380 351 2429 ut
368 2380 465 2441 antea,
491 2373 548 2429 sire
566 2374 649 2430 etiam
666 2374 782 2431 advecta
799 2373 879 2431 simul
902 2372 1019 2443 conjuga
1038 2386 1092 2427 uua
1112 2388 1173 2427 cum
1192 2372 1367 2440 supellectile
1383 2380 1409 2429 et
1423 2370 1486 2427 rebus

152 2460 329 2525 necessariis,
352 2478 404 2531 pro
423 2461 524 2530 quibus
537 2461 663 2518 omnibus
681 2461 776 2531 tuelle,
794 2458 835 2515 uti
852 2458 984 2527 arbitror,
1002 2457 1130 2514 uiaticum
1148 2456 1281 2525 inuenies,
1302 2466 1414 2531 urgente
1427 2474 1487 2529 prae

154 2549 247 2603 sertim
266 2549 306 2605 sic
324 2549 490 2604 necessitate
509 2548 631 2605 instanti.
667 2549 764 2616 Neque
789 2546 860 2602 enirn
879 2544 929 2602 tibi
948 2545 1063 2601 doemunt
1081 2545 1120 2601 tui
1138 2544 1319 2602 Maecenates
1336 2554 1364 2603 et
1379 2546 1486 2609 faramea

152 2647 200 2692 aut
217 2637 241 2692 ai
261 2652 331 2706 opus
349 2635 432 2691 fucrit
450 2635 609 2705 pecuniam,
636 2652 707 2707 quae
724 2635 761 2691 ad
778 2633 832 2689 iter
849 2631 1011 2701 requiritur,
1038 2630 1139 2687 alicubi
1164 2632 1270 2688 interea
1289 2642 1384 2689 mntno
1401 2648 1484 2697 snas,

151 2724 198 2782 ubi
216 2722 368 2793 adveneris,
388 2731 446 2779 tum
465 2731 625 2794 pmeseutes
644 2723 747 2782 rectius
767 2728 795 2777 et
812 2720 901 2777 tutius
918 2718 989 2773 inter
1007 2735 1058 2775 nos
1076 2735 1190 2789 agemus
1208 2727 1237 2776 ct
1254 2722 1376 2777 rationes
1392 2719 1485 2777 iurene

151 2829 219 2883 mna,
239 2811 339 2882 quibus
358 2811 434 2867 hisce
454 2811 663 2867 difficultatibus
682 2808 820 2867 subveniri
838 2807 940 2878 poterit
957 2815 1041 2878 atque
1054 2807 1103 2865 tibi
1116 2815 1145 2864 et
1156 2808 1210 2863 tuis
1223 2808 1307 2865 rebus
1319 2808 1485 2867 convenicus

151 2899 280 2971 prospici.
315 2899 427 2954 Interim
445 2898 548 2953 nullam
568 2899 738 2955 occasionem
757 2894 921 2968 praeterlabi
939 2896 1035 2964 sinam,
1054 2895 1169 2965 quinte,
1189 2895 1376 2955 intercedente
1392 2894 1483 2953 asueri

150 2994 207 3043 tate
226 2986 334 3041 Domini
354 2986 512 3042 cormuucii
537 2995 565 3042 ct
584 2986 710 3049 Baruitii,
735 2984 809 3056 apud
830 2982 857 3039 S.
878 2984 905 3037 C.
924 2983 985 3039 bf‘m
1007 2982 1043 3038 ad
1066 2982 1168 3053 optima
1191 3000 1318 3055 quaeque
1335 3002 1483 3057 promonens
1529 2986 1531 3001 '

150 3083 179 3132 et
195 3074 277 3131 robus
296 3073 351 3129 tuis
368 3072 566 3130 fluctuantibus
585 3080 668 3143 atquc
680 3072 790 3129 afflictis
803 3071 969 3129 subveniam.
993 3070 1051 3126 loro
1071 3071 1095 3127 si
1107 3079 1199 3127 cetera
1211 3072 1313 3142 omnia,
1332 3074 1482 3145 qnedtaues

150 3179 205 3219 uon
223 3178 313 3233 spero,
333 3161 487 3218 frustranca
503 3161 616 3229 fuerint,
635 3176 685 3228 ego
703 3160 819 3231 ipsemet
837 3159 887 3216 tibi
905 3176 960 3214 non
973 3174 1032 3213 sum
1045 3157 1199 3219 defuturus,
1217 3158 1268 3215 aed
1287 3160 1315 3215 in
1333 3161 1393 3233 ipso
1408 3160 1484 3215 efen

150 3257 322 3315 ostensurus,
341 3265 374 3306 ea
391 3264 462 3319 qnae
480 3248 530 3302 tibi
549 3263 592 3303 me
610 3248 754 3317 scripsisse
771 3246 888 3317 memini,
906 3245 981 3316 apud
994 3260 1036 3299 rue
1049 3243 1139 3300 adbuc
1157 3254 1218 3301 rata
1238 3262 1301 3305 esse
1313 3256 1484 3305 araneantes

150 3337 261 3393 scevam.
300 3338 341 3393 Tu
361 3337 429 3392 nihil
447 3336 568 3404 haesita,
593 3334 641 3390 sed
661 3333 830 3391 confidenter
847 3333 1010 3403 quantocius
1028 3333 1131 3404 poteris
1150 3332 1264 3402 advola,
1288 3334 1483 3393 inueterauit

148 3425 273 3481 omnibns
293 3440 365 3493 quae
384 3424 561 3494 requiruntur
579 3421 736 3492 expeditius
753 3437 865 3492 egemus
884 3426 912 3475 et
929 3419 1015 3476 turtius
1033 3436 1116 3490 quam
1133 3437 1184 3492 per
1202 3421 1312 3493 literas,
1336 3438 1386 3480 nec
1402 3420 1484 3487 diffido.

147 3515 214 3584 quin
231 3513 279 3569 uhi
297 3512 440 3569 adveneris
459 3513 529 3567 riam
545 3513 603 3582 juro
622 3517 814 3583 praeparatum
831 3510 975 3567 irrueneria.

252 3601 389 3671 lfeplcrus
409 3601 508 3669 Gratii,
535 3616 700 3671 quamquam
724 3597 850 3669 maribus
873 3598 993 3667 agitatus
1012 3598 1098 3666 curis,
1124 3613 1176 3667 per
1192 3604 1329 3655 aestatem
1347 3602 1410 3659 anni
1426 3602 1484 3657 luti

148 3689 223 3746 haud
240 3705 330 3760 pauca
349 3689 378 3743 in
395 3688 585 3744 astronomicis
598 3688 721 3759 perfecit.
748 3688 790 3743 De
807 3687 904 3743 studiis
923 3687 978 3742 suis
998 3688 1081 3741 refert
1094 3686 1279 3741 llerrrnrto
1297 3689 1379 3761 cique
1395 3686 1484 3745 maai

147 3777 309 3832 solutionem
327 3774 521 3844 problematis:
548 3776 597 3831 Es
614 3783 735 3846 quatuor
751 3774 927 3846 mrospeitn
940 3777 1072 3847 planetas
1088 3776 1189 3831 sitibus
1207 3782 1235 3833 et
1253 3782 1406 3849 tenpora-
1421 3782 1485 3833 istac

148 3866 228 3923 noun
253 3867 348 3921 elicere
370 3881 464 3920 rernm
487 3865 687 3935 turpitudinem
712 3868 766 3923 (cfr.
785 3868 835 3917 eol.
854 3868 898 3916 111.
925 3884 951 3932 p.
972 3871 1024 3925 25).
1061 3862 1104 3917 Ad
1129 3864 1335 3921 observandum
1360 3864 1485 3936 deliqui-

149 3952 220 4006 Solis
240 3952 293 4017 (iti.
312 3954 385 4020 iulii)
404 3951 543 4020 peculiare
562 3951 614 4007 sibi
640 3950 748 4020 parauit
765 3950 975 4008 instrumentum
993 3954 1049 4018 (cfr.
1069 3956 1100 4005 ll.
1120 3958 1172 4005 itti
1191 3954 1246 4021 aa).
1283 3952 1485 4012 observationes

148 4045 310 4107 computans
329 4037 478 4091 secundnm
497 4038 634 4108 Tychonia
653 4037 800 4106 theoriam,
824 4054 857 4093 ea
875 4055 946 4107 quae
965 4040 1016 4093 sibi
1041 4039 1099 4095 sisa
1120 4046 1185 4095 arunt
1204 4050 1234 4095 et
1250 4040 1321 4111 alia,
1347 4058 1416 4112 qnae
1428 4034 1485 4113 ord

148 4123 305 4192 Tychonem
325 4139 396 4178 nova
412 4124 440 4178 in
459 4125 646 4181 astronomicis
666 4125 899 4196 deprehenderat,
926 4125 1055 4181 describit
1073 4128 1099 4181 in
1118 4126 1206 4183 literis
1225 4126 1263 4183 ad
1280 4128 1485 4185 archiduces

146 4209 403 4265 l'erdiuundum
423 4210 495 4267 datis
506 4213 601 4281 pausis
614 4219 678 4268 unte
690 4212 839 4282 deliquium
852 4211 921 4267 illud
934 4213 1007 4269 Solis
1021 4213 1116 4269 diebus
1129 4230 1190 4270 eam
1203 4213 1278 4271 forte
1290 4214 1328 4273 ob
1341 4232 1449 4281 οιιιηι,
1461 4222 1484 4269 ι

147 4295 174 4348 in
188 4297 302 4367 gratiam
315 4296 446 4368 principis
458 4297 571 4369 rediret,
590 4315 670 4370 quem
686 4299 832 4367 „delectari
844 4300 902 4355 suis
919 4300 1136 4357 invensionibus
1156 4302 1285 4359 andierat
1301 4314 1338 4371 (r.
1355 4326 1377 4361 a
1393 4324 1410 4377 p
1431 4308 1483 4357 tart

148 4382 257 4438 Irritnm
281 4398 345 4437 uero
370 4383 455 4440 fuisse
477 4384 549 4441 huuc
573 4390 700 4441 conatum
723 4386 915 4456 epraemiasia
936 4386 972 4443 ad
995 4386 1171 4444 lineetlinum
1197 4388 1273 4447 datis
1295 4402 1417 4463 apparet
1445 4386 1482 4443 Ε

147 4468 228 4524 tinem
246 4470 315 4525 facit
333 4469 463 4541 longioris
480 4471 553 4527 illins
571 4473 718 4543 epistolae,
744 4488 826 4543 qnam
844 4472 897 4531 rol.
915 4475 950 4530 ll.
969 4492 995 4544 p.
1016 4476 1032 4531 h
1051 4491 1089 4533 ss.
1108 4476 1298 4535 exhibuimus:
1323 4474 1405 4539 flacc
1421 4480 1481 4541 11·

148 4569 225 4627 quae
250 4553 286 4613 de
309 4552 458 4631 Tychouis
489 4559 669 4616 asuouomia
698 4574 745 4617 me
774 4574 926 4619 recensere
953 4559 1106 4635 jusserunt
1134 4576 1217 4621 umor
1245 4572 1307 4623 tam
1335 4560 1480 4641 numid

148 4640 175 4696 iu
200 4648 283 4698 tanto
307 4641 437 4718 principe
460 4641 627 4719 doctrinae,
658 4648 816 4722 propensio
847 4645 947 4706 debita
975 4646 1013 4707 sd
1037 4646 1202 4709 humillima
1228 4652 1355 4711 sensitis
1380 4662 1408 4713 st
1427 4660 1478 4725 φῦ

147 4723 226 4784 baud
250 4727 363 4787 infirma
384 4728 568 4791 serenissimi
590 4731 648 4791 Tui
669 4731 791 4806 favoris,
813 4735 865 4811 qui
887 4735 914 4793 si
936 4751 983 4795 mc
1006 4733 1131 4809 deserat,
1155 4745 1256 4797 actum
1279 4756 1346 4799 esse
1366 4734 1478 4800 derel·

148 4819 177 4870 et
197 4813 304 4873 stodiis
328 4817 400 4875 meis
423 4816 574 4895 intelligo,
606 4821 652 4879 sin
675 4838 722 4881 me
744 4819 972 4884 clamant'usime
1001 4821 1230 4902 complectatur,
1256 4824 1418 4907 propudio·
1440 4814 1476 4879 ’ἃ
