3308 5534
149 352 216 424 712
662 355 727 413 vita
743 356 860 414 Joauuis
877 353 999 428 Kepleri.

149 527 253 584 auxilio
279 528 399 599 Spiritus
424 529 519 586 Sancti
542 546 668 602 pugnare
691 538 720 590 et
744 532 853 590 vineae
876 531 1023 589 discursus.¹
1056 532 1118 589 lieo
1140 529 1193 588 Dei
1214 527 1402 587 miseriem&
1424 531 1496 587 bear·

149 614 288 684 placitum,
306 615 376 672 baec
392 616 530 677 voluntas.
559 619 623 677 lam
640 628 669 678 te
681 637 742 677 cum
754 625 891 693 puerperi
909 627 937 677 et
954 636 1026 678 nora
1043 627 1110 677 ueta
1120 621 1227 677 salvae
1244 625 1275 676 et
1291 616 1384 675 valere
1397 616 1496 687 juba·

254 704 300 759 Ex
318 705 435 776 epistola
454 707 481 764 d.
501 707 527 764 d.
545 708 588 764 23.
607 708 790 779 Septembris:
816 711 970 781 „Scriptum
987 717 1067 767 tuum
1083 709 1118 766 dc
1134 724 1219 766 am
1235 722 1326 764 oum
1343 710 1429 761 tm
1443 702 1498 773 ¹21¹&

147 790 285 849 Judicinm
302 809 392 849 meum
410 794 464 850 alio
484 803 512 852 et
530 797 713 855 commodiore
729 805 852 869 temporo
864 798 1008 868 aperiam.l
1032 796 1171 854 Judicium
1182 796 1237 852 lsoc
1247 793 1367 863 legimus
1383 792 1412 850 in
1422 792 1500 849 itta

149 879 355 950 d.d.13.0ct.,
373 880 402 936 iu
419 882 519 952 quibua
531 883 758 956 Zehentmajerus
774 885 868 957 raian,
887 884 1140 954 Kaudelbergerum
1157 881 1400 954 (praetactum
1415 896 1500 949 uus.

148 967 197 1037 qui
208 967 314 1037 Prsgae
326 967 394 1024 initt
405 987 429 1026 v.
440 988 467 1042 p.
473 973 549 1042 708),
563 972 649 1029 vuum
659 973 737 1030 illum
748 974 888 1044 egregium
900 979 929 1029 et
941 972 1090 1043 politicum,
1102 972 1132 1027 in
1144 970 1263 1042 equuleo
1274 970 1365 1027 fuisse
1375 969 1499 1025 iuri*

146 1055 215 1110 sime
226 1061 360 1126 erectum,
374 1063 403 1112 et
415 1061 592 1116 secretarium
605 1061 817 1118 Gabellrolaram
830 1061 965 1130 exquisito
977 1066 1101 1116 torturae
1114 1073 1213 1128 genere
1227 1057 1425 1115 exaratam
1447 1056 1499 1123 ‚ia

149 1141 197 1210 qui
214 1143 367 1212 sapientiae
386 1143 483 1202 studiis
500 1146 633 1204 incumbis
651 1157 680 1204 et
703 1149 809 1206 iuturoa
828 1154 942 1205 eventus
960 1163 996 1202 cr
1013 1147 1095 1202 astris
1112 1146 1263 1216 prospieis,
1282 1149 1388 1215 quaeso
1405 1142 1500 1215 siqd

148 1228 178 1283 in
194 1228 315 1287 siderum
332 1232 426 1301 positu
443 1233 667 1300 animadvertisti,
686 1237 760 1306 quod
778 1236 915 1307 singulare
933 1234 999 1305 quid
1010 1234 1168 1305 regionibus
1178 1233 1257 1291 lrinoe
1271 1232 1430 1300 denudet,
1443 1230 1499 1287 nih·

149 1321 178 1371 et
196 1332 330 1388 generoso
348 1335 409 1375 meo
432 1323 609 1378 communica.
640 1325 810 1395 Magnopere
834 1323 972 1380 desiderat
988 1323 1036 1377 ille
1059 1320 1193 1391 ejusmodi
1215 1319 1340 1392 speciale
1357 1317 1500 1391 proflui

150 1418 227 1475 cum,
250 1404 373 1475 inprimis
390 1412 408 1463 a
426 1409 477 1478 Te,
504 1409 562 1466 viro
585 1410 666 1467 docto
684 1418 713 1469 et
735 1412 819 1483 hujus
841 1410 908 1471 artis
930 1409 1028 1481 perito.
1063 1409 1124 1478 Ego
1147 1423 1215 1465 sane
1236 1413 1361 1464 meum
1382 1414 1455 1463 tuan
1470 1403 1499 1461 ds

150 1491 287 1561 quamodi
298 1495 483 1565 singularibus
496 1498 555 1567 jnm
567 1506 631 1556 anta
648 1507 822 1572 perspectam
836 1501 941 1557 habeo:
960 1497 1028 1554 nibil
1046 1497 1174 1554 videlieet
1191 1496 1261 1553 certi
1277 1496 1309 1551 iu
1325 1496 1419 1566 speeie
1433 1508 1498 1565 pt*

153 1579 207 1635 diei
223 1597 309 1652 posse
326 1590 375 1640 aut
387 1593 500 1643 eventus
512 1595 604 1644 certos
615 1587 731 1659 deliniri,
750 1588 799 1645 sed
816 1587 971 1658 generalem
988 1596 1017 1643 et
1033 1585 1114 1642 valde
1129 1585 1264 1641 lubricam
1281 1599 1346 1641 esse
1362 1580 1497 1653 molta*

151 1686 212 1726 rum
235 1671 368 1727 notitiam.
405 1673 459 1730 Sed
477 1675 543 1744 quia
558 1675 699 1748 homiues,
716 1677 861 1747 adunati,
878 1677 961 1734 rebus
981 1676 1155 1732 delectantur
1170 1672 1250 1728 novis
1267 1678 1299 1728 et
1316 1671 1423 1729 ianne
1437 1678 1497 1727 ests

152 1758 281 1827 strophas
299 1774 396 1816 causas
409 1777 443 1816 ex
455 1769 556 1820 natura
567 1762 725 1834 depromtae
743 1766 866 1836 cupiunt,
884 1765 927 1820 iae
937 1770 970 1820 ut
986 1761 1091 1832 aliquid
1107 1776 1142 1816 ea
1159 1759 1193 1817 de
1210 1775 1242 1816 ra
1259 1759 1419 1817 marciban
1433 1755 1496 1813 aui

154 1861 208 1914 que
225 1847 327 1905 mittas.
364 1848 426 1906 Erit
450 1850 500 1906 tibi
518 1850 622 1922 absque
645 1852 769 1924 periculo
792 1860 820 1909 et
840 1859 947 1909 secreto
971 1858 1071 1907 cuncta
1092 1848 1259 1907 tenebuntur
1281 1848 1371 1904 loeo.⁸
1406 1846 1496 1903 De’nlr

152 1934 254 2004 pergit:
274 1935 428 2007 „Scriptum
445 1946 523 1995 tuum
540 1938 574 1995 de
593 1939 686 1996 Ooeua
702 1939 811 1995 Domini
828 1938 973 2010 diligenter
990 1945 1019 1996 et
1034 1944 1139 1994 attente
1155 1937 1224 2007 legi,
1242 1935 1495 2007 promritudiuust

154 2038 269 2081 acumen
285 2025 388 2095 ingenii
406 2027 447 2081 tui
464 2026 593 2094 mustus,
617 2027 690 2097 quod
710 2025 875 2084 senteutiam
896 2026 969 2082 hauc
990 2024 1025 2080 de
1043 2025 1221 2095 perceptione
1242 2023 1354 2080 fructus
1370 2032 1399 2079 et
1413 2021 1494 2087 ueriti,

154 2127 210 2168 nou
228 2112 400 2169 subrustice
418 2116 543 2185 corporis
560 2117 678 2187 Domini,
697 2116 865 2186 argumentis
884 2129 940 2169 nou
957 2113 1026 2169 levis
1044 2113 1174 2168 momenti
1185 2119 1242 2168 tam
1254 2114 1285 2168 iu
1302 2111 1494 2175 confirmatione,

154 2216 237 2273 quam
254 2201 420 2258 refutatione
437 2203 577 2259 munivisti
592 2242 683 2262 .....
719 2202 782 2259 'libi
805 2203 877 2259 sicut
895 2208 924 2258 et
941 2201 1096 2257 Calviuistis
1114 2202 1268 2271 sententia,
1287 2217 1372 2272 quam
1387 2198 1494 2256 verberi

153 2286 270 2345 buram
283 2304 382 2346 seusus
395 2290 462 2347 deut
475 2289 509 2347 do
520 2291 678 2362 praeseutia
688 2291 868 2359 substantiae,
887 2290 977 2346 minus
990 2288 1100 2360 arridet,
1119 2289 1184 2358 quia
1196 2289 1273 2345 varia
1290 2288 1355 2345 iude
1365 2296 1494 2358 sequestr

92 2382 95 2388 '
154 2373 276 2431 absurda
298 2381 328 2431 et
343 2375 530 2449 incommoda,
555 2385 584 2434 et
610 2377 720 2448 quidem
744 2377 895 2434 secundum
914 2376 1078 2433 dalviuistaa
1100 2376 1249 2434 abolentur
1265 2376 1321 2433 bae
1336 2377 1439 2433 raucae
1452 2390 1492 2431 coe

154 2461 231 2532 poris
249 2463 382 2519 naturalis
393 2465 585 2536 proprietates,
604 2466 737 2522 articulus
755 2463 924 2522 ascensionis
941 2463 1017 2521 veuit
1034 2463 1063 2519 iu
1082 2462 1203 2531 dubium,
1220 2462 1299 2520 nulla
1309 2465 1392 2520 edan
1409 2462 1491 2518 umori

155 2554 199 2607 est
216 2551 288 2606 ratio
311 2551 497 2622 symbolorum
519 2559 549 2609 et
565 2552 606 2610 rei
623 2554 764 2626 coelestis;
789 2555 842 2612 tibi
865 2567 929 2608 vero
952 2554 1043 2609 minus
1067 2551 1178 2623 plaeere
1201 2550 1263 2607 rult
1280 2551 1435 2622 matis
1448 2547 1491 2604 rab

156 2637 275 2694 sannae
292 2644 438 2708 tantopere
455 2658 472 2696 a
486 2641 593 2717 posuis
607 2642 726 2713 jactata,
752 2643 818 2713 quia
840 2658 892 2712 per
914 2657 945 2697 se
967 2638 1122 2697 substantia
1145 2638 1205 2695 siue
1228 2640 1328 2696 merito
1344 2637 1491 2695 considerati

155 2725 270 2797 prodest
287 2725 356 2782 nihil
373 2736 402 2785 et
418 2729 447 2785 in
463 2730 636 2786 institutione
647 2745 749 2787 coense
761 2729 900 2786 Christum
917 2727 1019 2784 talibus
1037 2744 1118 2783 usum
1135 2742 1198 2783 esse
1216 2726 1322 2796 verbm,
1340 2725 1435 2796 quibus
1448 2735 1490 2794 ptr

156 2814 242 2870 donis
260 2830 327 2871 ause
344 2816 464 2873 fructum
482 2818 657 2887 potissimum
674 2817 824 2874 inculcaret
842 2822 871 2871 st
887 2816 916 2871 iu
935 2830 987 2870 usu
1005 2815 1164 2870 memoriam
1181 2815 1272 2870 meriti
1290 2815 1490 2871 excitaret...·

156 2900 276 2957 Faceres
294 2901 360 2957 mihi
377 2919 435 2958 rem
452 2911 575 2974 gratam,
594 2904 618 2960 si
635 2905 703 2961 meis
722 2903 858 2960 sumtibus
875 2902 983 2960 cuidam
1001 2903 1187 2959 studiosorum
1204 2901 1413 2958 describendum
1428 2900 1490 2966 sair

158 2993 216 3043 tum
234 2995 327 3061 tuum,
352 2991 427 3059 quod
445 2992 490 3047 bic
507 2992 632 3062 remitto,
659 2992 798 3057 traderem
822 2991 940 3048 libenter
958 2991 1030 3045 euim
1049 2991 1190 3061 exemplar
1206 3006 1388 3056 mertuum,
1405 2998 1493 3060 prop!

159 3075 292 3133 nonnulla
309 3087 479 3149 argumenta,
497 3095 569 3150 quae
587 3079 656 3136 scite
673 3079 819 3136 admodum
837 3087 866 3134 et
883 3094 947 3134 vere
965 3079 1120 3148 theologice
1138 3078 1276 3135 tractasti
1295 3107 1327 3117 -

263 3164 298 3219 In
316 3166 505 3224 nativitatibus
523 3167 579 3224 illis
597 3168 687 3226 tribus
704 3176 770 3224 ante
787 3183 908 3225 mensem
926 3166 1035 3223 madius
1053 3167 1156 3236 siquid
1168 3166 1321 3238 absolvisti,
1340 3161 1494 3221 bominiivit

160 3250 307 3324 committe,
325 3253 379 3308 alia
397 3256 457 3310 vioe
474 3256 649 3312 honorarium
667 3273 717 3326 pro
736 3255 831 3312 labore
847 3262 1010 3325 recepturus
1028 3268 1068 3310 es.
1096 3253 1246 3310 Dimidium
1265 3254 1369 3310 dolium
1386 3253 1437 3307 riui
1447 3251 1493 3306 lut·

158 3336 308 3409 tenbargioi
321 3343 414 3398 curavi
425 3344 475 3400 tibi
487 3344 602 3416 impleri,
615 3343 718 3414 poteris
730 3342 798 3399 illud
812 3342 1029 3413 quandocunque
1037 3341 1078 3398 ria
1087 3357 1104 3397 a
1113 3341 1218 3397 sororio
1231 3357 1294 3398 meo
1305 3341 1394 3396 Baitia
1403 3337 1495 3399 Deire·

158 3427 216 3484 eive
228 3428 499 3502 Radkerapurgausi‚
517 3448 661 3503 reposcere
678 3440 707 3487 et
720 3431 865 3489 Graeciam
887 3429 1012 3487 avehere.
1041 3430 1084 3485 De
1101 3429 1191 3499 pretio
1214 3429 1284 3485 bene
1301 3431 1495 3487 convenietur·

264 3519 352 3576 Paulo
369 3530 434 3593 post
450 3521 677 3591 Zehentmajerus
695 3520 845 3592 Keplerum
863 3518 899 3575 ad
916 3516 1135 3588 respondendum
1153 3525 1261 3588 mouet,
1285 3519 1354 3576 nibil
1372 3538 1433 3577 sero
1448 3520 1496 3577 dd

160 3607 196 3663 de
214 3607 328 3678 liepleri
345 3611 463 3681 scriptis,
483 3625 554 3681 quaa
573 3610 651 3680 prius
668 3616 813 3680 tantopere
830 3608 999 3664 laudaverat
1019 3635 1052 3646 -
1069 3605 1184 3662 Aestate
1200 3608 1267 3663 anui
1282 3609 1352 3666 ibbo
1368 3608 1497 3679 gratulatu

161 3697 297 3770 implero,
321 3700 396 3770 quod
420 3699 513 3756 salvus
531 3715 566 3756 ex
585 3697 649 3754 aula
666 3696 841 3768 imperatoria
863 3695 989 3763 redierit;
1015 3693 1276 3762 condustrinse,
1301 3695 1369 3766 quia
1385 3695 1497 3766 iiepleat

164 3787 270 3854 „doctis
292 3787 350 3844 suis
377 3785 631 3844 conversationibus
654 3791 683 3840 et
701 3783 851 3849 sententia,
874 3798 958 3853 quam
976 3780 1010 3837 de
1028 3779 1140 3835 orbibus
1158 3786 1186 3834 et
1204 3788 1281 3837 motu
1302 3783 1404 3840 Tune
1419 3785 1498 3843 lorest

162 3874 232 3932 adso
249 3874 373 3933 affecerit
391 3877 562 3946 Tychouem,
587 3881 619 3930 ut
638 3872 756 3943 Sturium
773 3877 909 3938 nostram,
931 3869 1001 3926 elias
1019 3868 1149 3926 afflictam
1168 3878 1196 3927 et
1213 3871 1359 3930 doctorum
1383 3874 1497 3930 laonia·

162 3962 352 4035 infecundam,
374 3964 483 4020 beatam
502 3962 614 4033 ditent,
638 3966 735 4032 utpote
758 3957 803 4015 cui
820 3956 877 4014 tale
895 3955 995 4026 obtigit
1012 3957 1174 4015 eruditionis
1191 3959 1299 4027 lumen,
1316 3979 1372 4032 quo
1389 3954 1497 4017 meai

160 4056 190 4107 et
207 4048 375 4106 confusionis
392 4051 524 4107 tenebrae
543 4048 651 4120 dispelli
674 4046 806 4118 possiut“
845 4046 924 4112 „Nou
941 4043 1058 4112 semet,
1083 4049 1187 4118 pergit,
1213 4059 1391 4120 „perceptum
1411 4046 1497 4104 affl

163 4139 241 4208 meis,
258 4145 288 4196 te
305 4140 340 4195 ob
359 4138 495 4198 celebrem
519 4138 676 4195 matheseos
700 4135 842 4193 seientiam
863 4134 892 4189 in
910 4133 1083 4202 imperatoris
1108 4136 1257 4205 germanici
1273 4138 1384 4192 reuma
1399 4132 1497 4190 andti-

165 4242 283 4300 eumque
299 4229 422 4300 impense
440 4229 508 4287 adeo
527 4229 577 4286 tibi
595 4225 686 4283 lavore
704 4223 837 4294 coepisse,
855 4229 887 4278 ut
903 4221 976 4277 iuter
993 4220 1100 4277 aulicos
1118 4240 1173 4279 uon
1189 4223 1276 4281 intimi
1288 4224 1497 4287 ordiniateossr

163 4320 223 4371 tare
241 4315 441 4387 splendidoque
453 4317 553 4373 salano
571 4323 599 4372 te
617 4316 647 4371 iu
658 4316 736 4385 regia
748 4330 799 4370 sue
811 4313 886 4369 alere
897 4318 971 4368 certe
983 4313 1186 4382 praesumserit
1196 4351 1289 4369 .....
1320 4314 1430 4383 δοτῆρα,
1445 4317 1497 4378 qut

165 4401 283 4470 legenda
307 4402 342 4459 de
360 4403 458 4461 itinere
474 4404 624 4460 Bohemico
646 4401 759 4472 dedisti,
783 4417 889 4457 mecum
911 4415 990 4456 sumo
1008 4399 1037 4454 ia
1061 4414 1150 4455 arcem
1168 4404 1337 4468 (Onusam,
1355 4405 1418 4454 mis
1431 4408 1495 4451 su·

167 4492 238 4544 dedit
255 4500 354 4561 praeter
371 4496 444 4563 hanc,
463 4511 529 4562 quae
545 4495 631 4546 Gratti
651 4496 746 4559 scripta
763 4497 809 4556 ast,
827 4490 958 4558 epistolas)
978 4487 1072 4556 ibique
1089 4486 1238 4542 evolvam!
1258 4517 1294 4528 -

272 4577 399 4649 Ultimae,
417 4592 489 4649 ques
506 4587 655 4651 supersunt
672 4578 769 4635 literae
780 4575 992 4644 ZeheutmsJeri,
1011 4575 1093 4632 datae
1111 4573 1155 4631 dis
1167 4575 1209 4634 tt.
1224 4575 1346 4646 Augusti
1365 4576 1432 4641 sut),
1446 4572 1493 4626 Μ

169 4664 286 4721 habeut:
304 4666 540 4724 Delsbcvots‘ooess
558 4674 637 4725 taum
653 4669 688 4726 dc
705 4681 785 4724 asora
800 4664 954 4723 Bolsessioo
970 4670 999 4719 et
1015 4664 1123 4735 reliqua
1143 4670 1209 4720 scta
1231 4670 1262 4719 et
1278 4664 1393 4721 maran
1406 4662 1493 4716 utut·

170 4758 201 4809 et
211 4753 370 4825 Tychonem
387 4754 493 4825 perlegi
509 4760 585 4812 etex
597 4757 632 4812 iis
644 4751 831 4821 mtmadvertl,
849 4752 938 4810 Deum
955 4765 1007 4821 per
1018 4767 1067 4808 voa
1084 4751 1190 4821 aliqmd
1206 4747 1492 4826 raingariraoliriauhstr

170 4852 224 4912 qua
240 4844 351 4900 nostros
368 4841 504 4914 sapientia
521 4848 614 4900 rutra
630 4841 770 4904 illmtrare
792 4838 872 4900 velle
909 4839 1019 4900 Utinam
1036 4837 1153 4899 medus
1175 4839 1349 4899 mordmmm
1363 4839 1391 4897 iu
1405 4838 1490 4900 ms*
