3308 5534
148 389 195 460 48
710 391 827 451 Joannis
844 390 957 463 Koplarl

148 574 201 639 est,
219 583 252 626 ac
269 568 293 625 si
311 566 417 626 nullum
435 582 536 639 corpus
554 584 692 641 quoquam
710 570 884 641 protectores
919 570 998 629 Tuae
1021 570 1105 642 igitar
1126 586 1227 643 corpus
1249 570 1342 643 msam
1371 578 1405 629 at
1427 576 1521 629 totam

151 648 238 705 trahit
254 664 305 703 sua
323 649 453 719 membra,
471 658 503 704 ut
520 658 614 719 partes
632 651 751 707 minores
768 658 837 707 toto.

253 730 297 786 76.
315 730 377 787 lion
401 730 483 800 plane
508 738 585 785 nutu.
620 730 697 802 Opus
716 740 759 788 est
782 732 886 787 simbus
911 731 1066 787 etiamnum.
1103 730 1174 787 Nam
1191 748 1271 787 omne
1289 748 1392 802 corpas
1409 731 1522 789 ntioaa

147 808 280 864 materiae
297 826 365 865 snae
382 811 488 867 obtinet
503 810 629 866 inertiam
649 812 786 880 quandam
804 813 839 867 ad
857 818 974 879 motum,
993 825 1064 879 quae
1083 811 1190 879 corpori
1207 812 1328 880 quietem
1346 818 1474 881 praestat
1490 810 1521 865 in

148 888 222 943 omni
239 887 309 959 loco,
328 889 356 943 in
375 906 430 959 qno
448 890 477 945 id
494 889 646 945 collocatur
662 899 743 945 extra
759 891 875 947 ιιιιιιιιιι
893 890 1047 946 tractorias.
1082 890 1161 944 Hanc
1176 890 1230 945 dm
1249 906 1300 947 sau
1322 891 1453 947 inertiam
1468 906 1522 961 po·

152 966 209 1025 tias
226 982 340 1024 necesse
358 976 401 1023 est
418 969 509 1023 vincat
525 969 558 1037 is,
576 968 669 1038 quiid
688 986 788 1039 corpus
805 969 867 1025 loco
886 984 936 1023 sao
954 972 998 1022 est
1014 975 1163 1025 emotarus.
1282 1034 1290 1047 .

257 1048 301 1101 77.
320 1045 436 1115 Quando
449 1047 554 1103 scilicet
567 1047 602 1103 ob
614 1048 845 1118 propinquitatem
857 1045 1012 1116 praepollet
1024 1046 1098 1101 orbis
1109 1047 1218 1104 virtutis
1228 1050 1399 1118 magnatieae
1410 1048 1520 1105 Lunae.

146 1122 243 1177 Posito
261 1123 332 1177 enlm
351 1125 425 1193 quod
443 1124 529 1180 moles
548 1126 688 1194 quaelibet
705 1128 819 1194 Terrae,
838 1124 962 1194 aequalis
983 1122 1066 1193 globo
1085 1125 1188 1195 lunari,
1212 1128 1306 1183 trehet
1321 1142 1411 1197 aeque
1428 1125 1523 1181 salide

148 1218 248 1271 corpus
266 1204 306 1257 sie
323 1202 442 1258 locatum
466 1205 539 1259 iuter
556 1212 702 1275 utrumque
721 1206 846 1277 globum,
870 1213 901 1257 ut
924 1204 1018 1258 eadem
1042 1205 1079 1259 ιιι
1095 1206 1236 1275 proportio
1254 1221 1322 1261 suae
1345 1207 1382 1260 ab
1399 1214 1521 1275 utrum

146 1280 302 1349 distantiae,
320 1296 391 1349 qaae
409 1289 453 1336 est
471 1282 593 1350 ipsorum
610 1284 683 1339 inter
701 1302 731 1341 se
750 1301 902 1355 corporum,
921 1282 1045 1337 haerebit
1062 1284 1212 1353 immobile,
1230 1286 1412 1341 tractionibus
1430 1286 1459 1340 in
1478 1284 1521 1339 di·

146 1374 226 1415 sersa
243 1376 274 1415 se
291 1370 387 1415 mutuo
406 1362 594 1417 aboleutibus:
620 1370 651 1418 ut
674 1366 698 1419 si
716 1365 788 1419 absit
806 1380 823 1418 a
840 1363 926 1417 Terra
943 1364 1011 1435 583¹,
1032 1364 1238 1420 semidiametris
1256 1366 1373 1435 Terrae,
1400 1381 1418 1420 a
1435 1364 1521 1419 Luna

146 1454 212 1496 raro
231 1439 264 1511 ii
277 1440 402 1509 ριιιιιιιιι
415 1441 608 1496 semidiametri
620 1444 731 1501 Terrae.
754 1443 830 1497 ldem
849 1458 913 1497 sero
931 1441 1014 1511 paulo
1031 1440 1121 1497 adhuc
1138 1446 1252 1514 propius
1266 1446 1407 1501 admotum
1420 1445 1521 1501 Lanae

143 1520 202 1589 jam
220 1520 327 1576 Lunam
345 1520 499 1575 trahentem
519 1528 659 1592 sequetur,
678 1523 868 1593 praepollente
885 1524 947 1591 ejus
964 1522 990 1574 ιι
1009 1522 1044 1577 ob
1060 1522 1304 1591 propinquitatem.

252 1600 297 1656 78.
313 1601 395 1655 Initio
414 1602 523 1671 quidem
542 1615 647 1670 parum,
665 1612 695 1656 at
712 1602 836 1673 proxime
854 1600 960 1655 Lunam
977 1599 1057 1654 valde
1074 1599 1199 1671 multum,
1221 1603 1364 1659 utstatim
1382 1602 1519 1675 seqnitur,

146 1680 212 1737 itam
234 1694 332 1751 parum
356 1680 432 1735 utilis
455 1679 538 1749 plane
560 1679 628 1735 nihil
652 1681 853 1747 annitentibus,
879 1679 998 1733 nitentes
1021 1694 1085 1733 vero
1108 1696 1209 1751 corpus
1232 1681 1330 1737 tollere
1354 1682 1439 1737 etiam
1456 1688 1519 1737 tara

144 1758 233 1831 juvat,
252 1774 314 1815 eum
333 1758 423 1813 adbuc
441 1760 527 1813 Terra
544 1759 706 1829 praepollet.
742 1758 812 1813 Vide
830 1773 914 1827 supra
931 1772 1003 1810 num.
1022 1758 1065 1813 62.

248 1837 293 1893 itt.
313 1836 383 1891 Vide
401 1854 474 1892 num.
493 1839 537 1905 67,
555 1838 599 1906 68,
618 1840 663 1895 69.
700 1837 799 1894 Videat
817 1853 880 1890 uero
899 1835 999 1903 sistor,
1025 1843 1056 1890 ιιι
1080 1837 1120 1892 sic
1137 1837 1265 1892 incolumi
1284 1854 1401 1907 corpore
1418 1852 1518 1908 perre-

148 1914 229 1979 nerii,
248 1922 280 1969 nt
297 1913 379 1969 etiam
398 1916 550 1985 expergisci
570 1918 667 1986 possit.
698 1917 837 1985 allegoria
854 1916 900 1971 hic
918 1917 1062 1984 probatam
1079 1915 1240 1971 medicinam
1258 1920 1389 1987 propinat
1405 1918 1450 1987 iis,
1468 1918 1518 1987 qui

148 1994 311 2063 virginitatis
329 2002 393 2048 soto
412 2003 478 2049 sunt
495 1993 620 2050 obstricti
638 2005 734 2051 contra
751 2004 843 2050 motus
866 1994 1023 2049 naturales:
1051 1995 1265 2065 speculationem
1284 1996 1432 2063 intentam,
1452 2012 1519 2053 eon·

145 2074 258 2143 tinnam,
277 2079 456 2129 aestuantem.

250 2154 294 2210 86.
314 2154 396 2223 Quod
420 2170 505 2224 supra
529 2171 602 2211 num.
621 2158 647 2211 6.
665 2170 810 2225 corporum
834 2161 949 2209 naturae
973 2151 1052 2208 ualde
1070 2152 1213 2209 aduersum
1231 2162 1261 2210 et
1277 2154 1434 2223 inimicum,
1460 2155 1518 2210 imo

145 2232 324 2305 impossibile.

249 2314 293 2369 8ι.
312 2312 547 2369 iucundissimum
565 2314 640 2381 mibi,
658 2314 752 2370 eadem
771 2330 842 2384 pene
860 2314 944 2368 rerba
961 2329 1005 2368 me
1023 2313 1050 2367 in
1070 2311 1220 2367 Plutarcho
1234 2314 1292 2381 Jam
1309 2312 1444 2369 inuenire.

251 2392 294 2449 82
313 2393 383 2462 Quia
401 2394 515 2463 spiritus
533 2394 707 2448 tenebrarum
726 2392 869 2460 dicuntur,
887 2400 919 2446 ut
936 2407 1019 2461 supra
1036 2408 1109 2445 uum.
1129 2395 1171 2447 55.
1196 2392 1250 2447 Sed
1274 2393 1406 2461 allegoria
1423 2392 1518 2448 itineri

146 2486 196 2545 per
214 2471 339 2527 umbram
359 2479 501 2541 comparat
521 2472 740 2526 obseruationem
762 2470 918 2538 eclipsim,
943 2469 1001 2524 Soli
1024 2470 1134 2535 negotia
1156 2470 1280 2539 politica,
1303 2472 1430 2528 cavernis
1453 2488 1517 2527 nm·

145 2552 237 2609 brusts
254 2550 351 2606 Lunae
368 2565 508 2605 secessum
527 2557 554 2604 et
574 2549 684 2605 umbras
703 2549 895 2617 scholasticas,
914 2563 1006 2603 morae
1023 2549 1050 2601 in
1069 2548 1193 2602 cavernis
1211 2550 1429 2618 speculationem
1447 2565 1517 2605 con·

145 2631 288 2693 dunstan,
309 2628 547 2683 obseruationibus
567 2629 709 2696 eclipsiurn
728 2628 908 2682 insistentem.
945 2626 1015 2681 Erat
1031 2626 1097 2681 mihi
1115 2626 1219 2695 Pragae
1237 2627 1383 2696 habitatio,
1410 2630 1518 2697 inqua

146 2707 238 2765 nulllus
257 2706 374 2775 angulus
393 2707 484 2775 aptior
502 2706 687 2762 observationi
705 2706 830 2761 diametri
849 2706 929 2773 Solis,
948 2722 1028 2775 quam
1047 2705 1117 2760 cella
1135 2707 1306 2762 cerevisiaria
1324 2708 1518 2777 subterranea,

147 2804 183 2845 ex
202 2788 281 2857 cuijus
300 2786 385 2841 iundo
404 2785 594 2855 perforamen
613 2785 729 2839 sublime
745 2785 841 2840 tubum
855 2784 1075 2852 astronomicum,
1095 2785 1123 2838 in
1135 2783 1240 2854 Opticis
1253 2786 1432 2856 descriptum,
1450 2784 1518 2841 diri·

146 2882 211 2938 gere
232 2882 292 2922 sum
315 2865 413 2921 solitus
438 2866 466 2919 in
485 2865 577 2921 Soleus
601 2863 780 2918 meridianum
799 2862 895 2917 dicbus
918 2861 1116 2918 solstitialibus.
1153 2862 1208 2919 Sed
1226 2863 1300 2919 hanc
1321 2874 1430 2935 partem
1448 2865 1517 2921 alle·

144 2944 338 3017 camelarius
357 2942 460 2998 diducit
478 2960 607 2999 numerus
626 2946 670 2999 83.
690 2958 807 3013 sequens
825 2944 1014 3009 (desideratur).

251 3022 295 3079 84.
313 3021 395 3089 Quod
414 3022 445 3075 fit
463 3021 508 3077 die
527 3023 552 3076 7.
572 3021 614 3075 ιιι
632 3022 658 3075 8.
677 3030 742 3090 post
760 3021 874 3091 eclipsin
893 3021 997 3087 Lunae,
1016 3027 1047 3075 ut
1063 3022 1144 3080 inira.

250 3102 295 3157 86.
315 3100 472 3155 crebriores
492 3100 564 3155 Solis
583 3114 664 3169 quam
683 3100 778 3157 Lunae
796 3100 925 3156 eveniunt
942 3099 1041 3155 totales
1060 3100 1193 3157 deiectus.

251 3180 295 3236 86.
314 3180 406 3235 Locus
424 3194 509 3248 snpra
521 3182 565 3235 to.
586 3179 750 3248 explicatius
768 3181 933 3251 propositus.
970 3180 1026 3234 Sed
1044 3181 1079 3235 sd
1097 3181 1254 3251 allegoriam
1270 3182 1294 3236 ιι
1312 3182 1448 3245 traxeris,
1466 3182 1517 3237 eii·

147 3260 204 3317 cies
219 3260 277 3329 J'am
296 3258 414 3313 uicissim
434 3257 635 3326 praedictiones
654 3259 795 3329 eclipsinm
813 3257 949 3327 solarium,
969 3258 1104 3314 derivatas
1116 3276 1151 3313 ex
1163 3260 1360 3328 speculatione,
1379 3275 1453 3328 qnae
1466 3260 1516 3317 ob

146 3338 294 3397 narrationi
312 3337 492 3407 deliquiorum
513 3337 647 3392 lunarium
666 3338 799 3394 innititur.

249 3420 294 3475 87.
314 3416 343 3471 Si
362 3426 405 3472 est
424 3418 495 3471 euim
514 3426 546 3472 ut
564 3416 765 3472 semidiameter
782 3416 854 3471 Solis
872 3414 906 3469 ad
924 3416 1151 3471 semidiametrum
1164 3414 1237 3470 orbis
1249 3416 1369 3484 Saturni,
1388 3418 1429 3471 sic
1443 3416 1516 3473 haee

147 3498 181 3553 ad
200 3496 431 3553 semidiametrom
450 3496 575 3557 fixarum.
593 3504 624 3552 ut
643 3512 660 3551 a
677 3496 761 3565 priori
780 3495 880 3550 deduxi
899 3496 953 3563 Ep.
972 3499 1043 3549 asts.
1064 3494 1187 3550 1.io.ll':
1207 3496 1238 3549 tit
1256 3504 1288 3549 ut
1300 3496 1422 3551 saturnii
1441 3496 1516 3551 coeli

146 3578 346 3633 semidiameter
363 3577 408 3631 ris
427 3575 463 3631 sit
480 3576 522 3631 bis
539 3575 682 3630 millesima
700 3572 892 3629 semidiametri
911 3573 1026 3628 fixarum
1045 3574 1191 3643 sphaerae,
1215 3574 1284 3629 coeli
1303 3590 1383 3641 uero,
1408 3576 1437 3629 in
1456 3592 1516 3643 qno

146 3654 232 3711 Terra
249 3672 310 3709 cum
329 3654 416 3711 Luna.
434 3654 479 3707 ris
499 3654 583 3708 vicies
602 3653 753 3719 millesima,
772 3662 800 3707 et
817 3652 919 3707 lunaris
932 3652 1066 3721 sphaerae
1078 3651 1277 3707 semidiameter
1294 3662 1416 3723 estpars
1429 3656 1464 3725 δι
1479 3654 1516 3709 da

147 3734 348 3789 semidiametro
368 3734 426 3802 jaro
452 3732 517 3787 dicti
540 3731 617 3787 coeli.
653 3732 800 3786 variantur
821 3730 904 3797 igitur
927 3730 1069 3785 interualla
1090 3731 1210 3785 Telluris
1231 3748 1248 3785 a
1266 3733 1329 3787 tisis
1352 3738 1434 3802 parte
1456 3748 1515 3787 aaa

145 3813 250 3883 majore
268 3826 348 3883 quam
362 3818 405 3865 est
422 3809 513 3865 decies
526 3809 677 3877 millesima,
695 3810 791 3865 lsunae
807 3826 871 3863 sero
889 3810 1070 3879 digressiones
1082 3810 1214 3877 adjiciunt
1226 3811 1310 3879 hujus
1322 3822 1378 3867 tam
1390 3814 1516 3869 minutae

146 3890 303 3947 variationis
321 3886 484 3959 particulam
507 3889 617 3946 circiter
639 3888 810 3944 tricesimam.
846 3888 891 3943 lta
907 3890 995 3943 omnis
1013 3889 1108 3944 Lunae
1126 3904 1144 3943 a
1161 3888 1223 3943 lisia
1241 3889 1374 3959 digressio
1393 3890 1518 3947 eflicitur

148 3970 232 4041 piane
248 3968 420 4024 insensibilis.

250 4050 295 4103 88.
313 4050 384 4115 Quia
402 4049 482 4103 Luna
500 4064 609 4118 semper
626 4046 736 4102 easdem
753 4044 874 4101 maculas
893 4046 928 4101 ad
946 4062 996 4101 nos
1014 4044 1133 4101 Telluris
1150 4045 1255 4101 incolas
1266 4048 1412 4115 conuertit,
1430 4062 1467 4103 ea
1480 4062 1515 4103 eo

147 4126 333 4193 intelligimus,
351 4126 425 4181 illam
444 4127 587 4181 circumire
605 4126 731 4193 Terram,
750 4123 861 4191 perinde
879 4140 911 4181 ac
929 4126 952 4179 si
970 4126 1017 4180 filo
1035 4132 1109 4181 esset
1125 4124 1166 4178 illi
1185 4140 1305 4194 annexa,
1324 4133 1352 4181 et
1369 4137 1453 4196 parte
1470 4128 1516 4183 sui

146 4205 289 4275 superiore
308 4221 445 4275 nunqnam
464 4205 556 4261 ridere
575 4205 694 4267 Terram,
715 4212 793 4271 parte
812 4220 860 4257 seu
877 4204 1077 4273 hemisphaerio
1094 4203 1214 4258 inferiori
1233 4219 1348 4275 semper.

251 4286 295 4337 bil.
314 4284 358 4339 ill.
377 4283 465 4352 Quam
484 4300 534 4337 nos
552 4282 665 4338 Terram
688 4279 870 4349 appellamus,
897 4280 1014 4336 Telluris
1039 4281 1157 4347 incolae,
1184 4298 1244 4337 eam
1262 4300 1298 4339 ex
1316 4284 1516 4353 imaginatione

146 4361 310 4433 populorum
330 4362 466 4417 lunarium
485 4362 564 4415 libuit
582 4359 722 4429 appellare
740 4359 862 4415 Vestram.
899 4360 1131 4427 Quemadmodum
1156 4362 1227 4415 enim
1246 4363 1326 4417 nobis
1345 4370 1515 4421 nocturnum

145 4443 279 4500 luminare
298 4443 426 4497 hebraice
446 4441 576 4497 Lebhann
595 4439 693 4494 dicitur
711 4456 728 4491 a
746 4436 837 4492 colore
854 4439 989 4493 albicante
1008 4448 1036 4495 et
1054 4440 1170 4495 dialecto
1187 4440 1318 4495 hetrusca
1336 4444 1382 4509 (ex
1401 4445 1515 4513 punica,

146 4530 276 4591 utputo,
294 4520 426 4585 derivata)
445 4520 538 4579 Luna,
564 4534 663 4587 graece
681 4517 778 4572 selene
797 4533 813 4572 a
829 4524 919 4585 sadoc,
945 4519 1018 4585 quod
1043 4520 1205 4574 albicantem
1224 4520 1340 4575 nitorem
1365 4522 1515 4595 significat,

147 4598 249 4668 quiippe
267 4602 345 4655 nolis
364 4600 392 4653 in
411 4600 434 4653 'T
436 4616 497 4653 erra
515 4598 687 4653 versantibus
704 4596 767 4651 talis
787 4606 913 4666 apparet,
940 4598 979 4652 sic
997 4597 1077 4651 etiam
1096 4598 1205 4667 populis
1223 4600 1366 4655 lunaribus
1385 4604 1515 4672 appella·

145 4677 247 4731 tionem
267 4686 378 4735 nostrae
395 4678 530 4735 Telluris.
555 4690 636 4745 quam
653 4674 693 4729 ilii
712 4674 773 4729 ioco
791 4676 907 4743 alicujus
925 4676 1019 4731 Lunae
1037 4677 1141 4741 uident,
1165 4677 1199 4730 ab
1218 4678 1399 4746 apparitionis
1417 4684 1515 4751 specie

146 4757 295 4812 derivatam
313 4758 395 4813 tribui
414 4773 464 4827 par
485 4764 536 4811 est.
572 4756 695 4823 apparet
715 4768 779 4809 sero
796 4754 831 4808 iis
848 4754 946 4823 globus
971 4755 1023 4811 ista
1045 4757 1168 4811 incaelo
1191 4766 1326 4825 perpetua
1348 4774 1412 4813 cum
1434 4762 1514 4819 valn-

146 4832 222 4895 tim
238 4836 312 4893 cirea
337 4850 418 4891 suum
436 4848 517 4891 axem
540 4830 719 4901 immobilem,
743 4834 822 4903 cnjus
845 4832 992 4891 solutionis
1014 4834 1143 4891 indicium
1166 4833 1310 4891 desumere
1331 4836 1388 4893 illia
1410 4836 1480 4895 lieet
1496 4856 1516 4897 a
