3308 5534
793 401 872 461 rso.
1440 402 1503 474 ses

149 577 228 655 vale,
252 581 432 643 uenerabilis
455 584 512 657 vir,
543 600 649 659 meque
672 591 703 646 et
724 584 779 644 bas
801 590 881 644 artes
904 600 988 657 ama,
1020 583 1116 660 majus
1146 600 1213 643 meo
1237 583 1351 661 judicio
1375 585 1506 646 iacturas

148 672 408 746 operaepretium
431 674 460 729 in
483 673 535 745 iis,
568 689 657 747 quam
680 674 709 730 iu
731 673 851 748 litigiis,
880 677 982 731 nostro
1012 688 1087 731 aevo
1115 674 1287 747 tritissimis,
1317 690 1393 751 quos
1416 675 1505 734 animi

147 755 269 815 morbos
292 757 374 817 Deus
398 756 434 821 0.
457 758 608 819 M.·sanet
630 759 864 820 misericorditer.

248 856 352 911 'Mense
369 856 482 914 Octobri
499 860 573 913 misit
584 859 703 928 lieplero
722 858 856 915 Samuel
876 857 944 913 Hei
949 856 1053 914 eurei
1056 858 1071 912 i
1075 874 1153 914 crus
1172 858 1254 929 (filius
1267 861 1410 927 Matthiae,
1428 863 1506 918 theo·

146 942 207 1011 logi
223 940 417 1017 Tubingensis)
440 946 580 1002 Maestlini
603 950 690 1005 thesea
715 948 749 1003 dc
770 949 1016 1021 inaequalitatibus
1038 954 1161 1004 motuum
1185 952 1351 1020 coelestiam,
1372 950 1507 1021 judicium

146 1030 266 1103 Iicpleri
283 1030 336 1087 sibi
355 1040 487 1103 expetens
506 1037 540 1091 de
559 1035 674 1105 singulis
693 1035 826 1106 thesibus,
845 1036 993 1105 praecipue
1014 1037 1047 1091 de
1067 1035 1127 1101 illa,
1144 1053 1215 1106 quae
1234 1039 1291 1109 agit
1310 1038 1344 1092 de
1364 1039 1507 1109 Copornici

145 1118 320 1190 aliorumque
338 1127 556 1178 astronomorum
570 1122 772 1195 hypothesibus
791 1123 825 1177 dc
843 1123 952 1190 mundo,
974 1122 1240 1192 ,quodlllaestlinus
1260 1126 1404 1182 occasione
1423 1126 1507 1196 hujus

144 1210 262 1267 uersos
286 1208 315 1264 in
339 1208 526 1287 machelmum
552 1211 678 1266 inciderit
699 1210 803 1266 bellum
820 1226 883 1266 cnm
908 1209 1145 1282 professoribus“,
1171 1213 1231 1268 sine
1257 1213 1342 1269 dublo
1360 1213 1507 1285 theologis.

145 1299 376 1368 (,biaestlinus“,
394 1299 460 1355 dicit
478 1298 694 1363 Haienreiierus,
714 1314 747 1365 ,a
760 1297 901 1369 Copernici
919 1298 1119 1369 hypothesibus
1133 1301 1271 1358 declinare
1288 1320 1344 1359 non
1362 1302 1420 1357 vult
1438 1307 1506 1358 etc.“

145 1386 204 1445 etr.
224 1386 453 1444 introductionem
471 1393 593 1441 nostram
610 1388 638 1441 in
656 1386 723 1444 hist.
741 1392 809 1442 astr.
827 1404 853 1457 p.
873 1388 945 1458 651.)

255 1482 392 1554 Keplerus
411 1484 555 1552 respondit
574 1485 598 1539 d.
619 1485 661 1539 iti.
680 1483 854 1539 Novembris:
882 1481 945 1540 Etsi
961 1499 1026 1540 sum
1042 1484 1293 1559 occupatissimus,
1308 1485 1418 1562 quippo
1432 1482 1508 1542 Pro·
1540 1462 1544 1481 ι

144 1588 219 1649 gam
241 1570 292 1628 vix
315 1585 449 1628 reversus
473 1587 488 1628 e
511 1586 640 1642 secessu,
664 1572 755 1648 pestis
779 1586 878 1644 ceusu,
898 1570 1022 1647 jamque
1046 1569 1148 1629 eodem
1167 1589 1336 1631 reversurus
1358 1571 1398 1632 ad
1420 1570 1509 1631 iami-

144 1648 264 1737 turni),
288 1657 361 1716 mire
378 1663 475 1716 tamen
497 1658 542 1715 vis
568 1665 773 1718 consuetarum
796 1656 999 1719 illecebrarum
1014 1660 1106 1717 otium
1122 1659 1193 1717 mihi
1209 1659 1354 1719 scribendi
1370 1659 1465 1723 iecit..
1479 1703 1507 1722 ..

144 1751 214 1813 Jam
230 1748 344 1817 inquirit
361 1746 456 1802 theses
473 1755 592 1819 quatuor
608 1748 714 1818 priores
733 1751 786 1815 (cir.
804 1750 855 1803 vol.
874 1752 906 1803 11.
925 1767 952 1818 p.
972 1749 1034 1816 836)
1053 1756 1081 1802 et
1098 1757 1206 1819 partem
1226 1750 1378 1807 studiorum
1397 1766 1508 1805 suorum

146 1837 178 1893 in
196 1837 317 1909 planetis
335 1850 483 1891 recensens
507 1834 595 1890 addit:
623 1832 681 1891 Pro
697 1828 867 1909 adjumento
884 1833 990 1893 calculi
1014 1831 1175 1910 ellipsis
1198 1833 1354 1893 adhibetur
1369 1832 1435 1894 loco
1452 1835 1509 1892 cir-

148 1920 219 1985 culi.
264 1920 340 1980 Nam
370 1920 425 1979 iter
453 1917 589 1996 planetae
616 1920 707 1980 habet
735 1920 859 1998 figuram
887 1920 1016 1998 ellipsis,
1049 1935 1107 1978 non
1135 1920 1243 1983 circuli.
1289 1921 1393 1997 Neque
1424 1939 1510 1981 arcus

147 1998 275 2086 c'llipsis,
298 2006 352 2066 sed
374 2006 531 2083 planum
554 2008 633 2082 ejus
656 2008 962 2085 computandum.
1007 2007 1083 2067 Nam
1106 2011 1136 2066 in
1160 2007 1249 2085 plano
1273 2009 1371 2067 insunt
1393 2007 1510 2068 distan-
1561 2041 1563 2047 ·

147 2098 211 2158 tiae
233 2096 363 2155 omnium
386 2111 471 2153 arcus
494 2101 685 2173 punctorum,
716 2095 873 2155 distantiae
896 2113 966 2155 vero
988 2098 1149 2154 metiuntur
1180 2098 1310 2173 vigorem
1334 2102 1432 2155 motus
1454 2114 1508 2155 seu

148 2192 295 2267 tempora.
341 2180 425 2241 Haec
447 2181 641 2260 impossibilia
665 2182 735 2242 olim
760 2185 833 2257 visa,
856 2183 917 2259 jam
941 2183 1061 2261 perlici
1084 2186 1209 2259 gratiam
1232 2183 1304 2241 mihi
1326 2191 1395 2242 sunt
1417 2184 1509 2242 tritis-

147 2274 235 2344 sima,
261 2269 553 2342 demonstratissima,
577 2287 628 2346 per
650 2269 768 2331 tabulas
781 2273 871 2330 etiam
887 2288 1024 2349 expressa
1027 2314 1133 2334 .....
1179 2271 1214 2330 In
1229 2269 1294 2330 sola
1309 2270 1394 2330 Luna
1409 2270 1510 2331 haeret

148 2360 224 2425 mihi
246 2375 336 2437 aqua.
373 2355 443 2416 Jam
466 2359 497 2414 io
520 2374 555 2416 co
571 2375 645 2431 sum,
669 2366 702 2417 ut
724 2360 802 2437 typis
827 2357 893 2419 dem
909 2358 1126 2418 Commentario
1149 2357 1185 2418 de
1208 2358 1312 2418 Marte.
1351 2357 1509 2435 Ingeniosa

146 2456 180 2509 et
202 2446 348 2506 industrio
371 2444 520 2521 adjutore,
552 2448 603 2521 qui
625 2464 681 2506 nec
705 2445 932 2523 descriptionem
954 2445 1173 2518 rionoullorum,
1198 2463 1252 2505 nec
1274 2446 1433 2523 figurarum
1457 2444 1511 2507 do·

147 2536 357 2607 licentiorem,
381 2550 435 2593 nco
458 2532 603 2592 calculum
627 2534 821 2607 omnifariam,
837 2551 899 2601 ⁴uec
921 2542 1115 2593 correctorem
1138 2533 1279 2594 detrectet
1305 2551 1379 2612 opus
1402 2534 1508 2609 habeo,

149 2631 182 2687 et
204 2624 258 2699 qui
280 2621 441 2681 delectetur
472 2620 730 2698 comprehensione
760 2620 1057 2692 demonstrationum,
1087 2621 1168 2697 qood
1192 2629 1237 2680 cst
1260 2623 1378 2682 unicum
1401 2625 1510 2700 dsisap

149 2733 257 2773 aanor.
295 2708 377 2768 Malo
401 2726 466 2767 risco
491 2709 550 2768 lato
574 2707 607 2767 fit
629 2717 662 2767 ut
683 2708 773 2785 legati
787 2708 1023 2785 wirtembergici
1039 2707 1172 2769 Drcsdae
1195 2711 1254 2767 sint
1277 2717 1337 2768 tam
1361 2710 1426 2786 diu;
1446 2709 1510 2786 jam

149 2796 266 2880 pridem
293 2800 371 2857 enim
401 2797 592 2857 obtinuissem
617 2815 636 2856 a
664 2797 793 2876 principe
820 2795 987 2873 alumnum,
1018 2798 1068 2875 qui
1100 2798 1244 2857 sumtibus
1276 2799 1416 2877 principis
1444 2814 1509 2857 nis·

150 2903 220 2949 cnm
242 2892 331 2946 esset.

146 3048 149 3053 ,
261 2987 279 3041 J
286 3000 415 3043 oannes
439 2984 564 3054 Papius
589 2985 622 3038 dc
647 2982 745 3053 Optica
768 2983 884 3054 Kepleri
909 2982 1017 3039 scribit:
1045 2983 1171 3047 ,Utinam
1188 2992 1245 3040 tam
1263 2991 1338 3041 esset
1354 2984 1511 3056 perspicua,

150 3093 237 3149 quarn
256 3082 299 3131 est
316 3075 458 3149 ingeniosa
477 3081 504 3128 et
523 3071 640 3128 subtilis.
677 3071 746 3126 hlihi
764 3087 814 3141 per
834 3086 940 3126 omnem
959 3085 1045 3124 meam
1065 3071 1147 3127 vitam
1167 3073 1234 3126 nihil
1251 3080 1307 3129 tam
1335 3072 1446 3128 difficile
1463 3073 1511 3128 ob-

150 3167 241 3227 latum
260 3173 302 3221 est
319 3160 348 3217 in
367 3163 423 3218 ulla
440 3159 642 3227 mathematica,
661 3158 720 3213 fere
739 3158 856 3213 dixerim
873 3157 902 3212 in
920 3157 977 3213 ulla
995 3157 1139 3227 disciplina
1157 3160 1356 3230 philosophico.
1387 3162 1443 3215 Des
1461 3161 1512 3216 ita·

149 3272 206 3327 que
225 3252 331 3322 aliquid
356 3252 486 3307 bouarnm
510 3250 638 3304 horarum
662 3246 750 3304 amico
768 3255 816 3303 tuo
833 3245 934 3309 veteri,
956 3245 1014 3314 jem
1032 3245 1091 3301 iere
1109 3250 1276 3317 senescenti,
1299 3263 1430 3318 meosque
1447 3247 1514 3303 mihi

150 3340 301 3413 scrupulos
320 3341 360 3396 sic
378 3340 461 3408 eripe,
481 3346 511 3394 ut
530 3344 649 3392 meatem
666 3345 742 3391 tuam
761 3351 795 3389 ex
813 3335 904 3389 verbis
923 3334 1006 3389 claris
1024 3350 1196 3403 cognoscam.
1227 3336 1311 3391 Nulla
1327 3336 1385 3391 iere
1403 3343 1453 3393 tua
1471 3345 1515 3393 est

150 3428 322 3501 propositio,
347 3426 380 3480 de
399 3443 454 3496 qua
476 3442 531 3480 non
549 3426 684 3494 ambigam
702 3429 730 3478 et
749 3421 872 3478 dubitem
891 3426 960 3477 etc.“
997 3422 1073 3476 llaec
1092 3440 1126 3478 ex
1150 3423 1267 3494 epistola
1285 3425 1311 3482 d.
1331 3424 1358 3480 d.
1376 3426 1402 3481 l.
1421 3424 1515 3481 Martii

152 3519 283 3577 deaurata
300 3516 488 3585 sequebantur
511 3513 621 3577 literae,
648 3513 748 3582 quibam
767 3512 803 3568 ad
821 3510 935 3581 lieplcri
960 3510 1055 3566 literas
1073 3511 1217 3581 respondit
1235 3511 1338 3580 Papius
1355 3513 1394 3581 (1.
1414 3514 1514 3581 Sept),

151 3607 264 3663 diceus:
287 3605 430 3672 „Agnosco
448 3617 514 3656 sane
533 3608 560 3654 et
572 3609 652 3671 grata
665 3607 756 3655 mente
769 3616 902 3670 agnosco,
921 3606 949 3653 tc
966 3590 1085 3668 primum
1104 3608 1131 3654 et
1150 3599 1240 3655 solum
1258 3599 1338 3654 nobis
1355 3600 1468 3655 modicis
1487 3608 1516 3656 et

151 3695 329 3769 pbilosophis
348 3707 439 3747 reram
456 3690 567 3745 ridendi
583 3691 718 3745 rationem
737 3695 978 3755 commonstrass03
1005 3693 1033 3741 ct
1051 3687 1129 3742 mitto
1148 3688 1255 3743 duobus
1275 3687 1329 3742 tuis
1347 3687 1440 3742 liberis
1459 3687 1515 3744 cui·

153 3800 209 3857 que
228 3783 368 3849 ducatum,
387 3786 525 3848 arcamque
544 3794 599 3834 nou
618 3792 683 3832 sane
701 3776 797 3831 labore
815 3783 879 3844 tuo,
898 3791 979 3845 quem
996 3775 1025 3830 in
1042 3790 1085 3830 me
1103 3776 1252 3832 erudiendo
1272 3774 1432 3845 suscepisti,
1459 3775 1516 3844 dig·

153 3888 221 3929 num
223 3910 313 3925 .....
349 3869 417 3922 Post
435 3882 597 3936 responsum
615 3872 693 3921 tuum
711 3881 754 3920 me
772 3863 962 3935 philosophice
980 3869 1170 3932 regeneratum
1190 3879 1251 3918 esse
1269 3868 1377 3932 putot

262 3961 377 4014 Praeter
399 3959 468 4011 hacc
493 3956 544 4010 hoc
568 3970 640 4009 anno
663 3950 800 4023 lieplcrns
823 3968 875 4023 per
901 3953 996 4007 literas
1024 3960 1201 4006 conversatus
1229 3958 1271 4006 est
1298 3968 1361 4006 cum
1387 3949 1517 4007 Thema

155 4049 326 4105 Harrioto
350 4043 489 4100 derebus
513 4041 611 4110 opticis
630 4047 676 4110 tii.
697 4042 808 4110 cessi,
834 4055 897 4094 cum
919 4039 1091 4095 Michacle
1115 4040 1286 4108 Coigneto
1314 4041 1347 4094 dc
1374 4039 1516 4107 horologio

156 4135 278 4208 quodum
295 4130 433 4200 singulari,
452 4129 525 4198 quod
543 4129 638 4198 llayus
652 4126 893 4198 Andouerpiensis
906 4142 920 4182 e
934 4142 991 4182 soc.
1009 4127 1076 4181 Jesu
1095 4125 1122 4179 in
1141 4125 1234 4181 libello
1249 4127 1419 4195 (argumento
1432 4125 1517 4181 bisto-

157 4226 227 4290 rico)
244 4222 402 4292 promittat,
428 4218 523 4287 ,cujus
548 4233 582 4271 ex
601 4214 697 4270 umbra
719 4213 888 4284 improvidus
912 4212 1013 4282 aliquis
1035 4213 1194 4284 persuaderi
1218 4214 1321 4284 possit,
1344 4213 1435 4269 Solem
1453 4219 1518 4268 ante

158 4311 298 4369 meridiem
311 4306 385 4363 abire
398 4325 415 4363 a
428 4306 589 4373 meridiano,
607 4309 673 4379 post
684 4303 719 4358 ad
732 4301 849 4357 eundem
867 4303 1024 4361 amouere.
1062 4301 1137 4356 Haec
1150 4300 1234 4370 igitur
1246 4300 1355 4369 scripsit
1367 4301 1517 4370 Keplerus:

161 4395 229 4473 Quo
250 4411 338 4471 super
361 4393 479 4468 negotio
503 4408 568 4449 cum
591 4406 649 4447 non
671 4391 714 4447 ita
736 4387 849 4466 pridem
872 4386 902 4448 S.
920 4387 952 4447 C.
976 4385 1018 4444 Μ.
1043 4385 1227 4444 consiliarius
1249 4384 1337 4445 aulae
1359 4385 1519 4463 imperialis

265 4581 295 4649 *J
315 4585 364 4633 Dio
383 4582 424 4632 18.
439 4582 496 4632 Oct.
514 4583 602 4631 scribit
619 4580 758 4643 Keplerus:
780 4578 862 4640 „Quia
879 4579 959 4641 pestis
972 4591 1023 4625 tion
1036 4578 1097 4640 abit,
1116 4579 1177 4625 abeo
1192 4590 1237 4636 ego
1250 4576 1332 4636 Pragu
1344 4590 1401 4624 cum
1414 4575 1519 4635 tentiis,

164 4658 299 4720 lausaim
317 4655 412 4703 Caesar
430 4654 518 4701 abiit.“
556 4652 676 4701 Coloniae
695 4651 728 4701 ad
747 4650 834 4698 sibim
851 4650 879 4697 lu
898 4649 1021 4697 Bobcurla
1044 4642 1202 4712 aliquantum
1226 4649 1345 4711 temporis
1364 4647 1518 4707 morabatur,

166 4729 236 4777 initio
261 4722 413 4776 Novembris
437 4722 506 4771 solers
525 4725 632 4783 Pragam
655 4735 768 4770 reversos
792 4724 844 4780 est,
876 4721 963 4781 ,brevi
986 4717 1112 4767 rodlturus
1134 4719 1305 4766 Brundusium
1329 4717 1362 4765 ad
1387 4714 1519 4768 familiam.

168 4796 283 4848 boloniae
302 4796 376 4858 coepi
393 4794 511 4842 Mercurii
529 4793 681 4857 hypothesin
700 4795 823 4839 attentare
841 4804 872 4838 ox
892 4791 1018 4841 meteoris.
1046 4789 1182 4836 Ludierum
1195 4789 1371 4837 suavissimum
1391 4792 1416 4837 st
1428 4784 1520 4848 glorio-

168 4870 291 4919 rissimum
310 4867 333 4917 sl
351 4865 523 4929 pervicissem.
558 4863 608 4917 ssu
628 4861 724 4929 destiti,
742 4864 845 4911 recatus
862 4872 879 4908 a
897 4858 1005 4909 (lassare
1022 4858 1221 4913 Brundusium.“
