3322 5534
155 400 222 480 'm
669 400 734 466 Vita
750 406 866 466 loannis
882 402 1004 479 Replcri.

154 605 278 651 noceam
302 588 373 646 mibi
398 587 445 648 sel
469 588 527 666 ipsi
549 587 716 663 videbitur,
730 592 821 650 mino
845 605 923 666 equo
944 589 1118 650 Denatieam
1140 591 1276 665 vniam,
1298 591 1353 653 sed
1374 594 1447 653 iutra
1465 594 1503 654 bi·

154 677 246 738 duum
261 676 308 736 rel
324 675 453 735 triduum
468 675 596 753 Pragam
610 676 722 750 redibo,
745 680 802 737 nisi
824 676 899 737 lorte
914 680 1008 754 megia
1027 677 1188 750 solitarius,
1209 682 1312 739 minus
1334 681 1503 742 turbulent-

153 763 227 824 mibi
254 766 294 824 sit
323 764 408 823 locus
436 764 645 824 commorandi.
690 765 806 842 Pragae
836 781 910 825 reru
936 768 1105 825 necessaria
1127 775 1158 826 et
1179 769 1383 829 astronomica
1410 768 1503 841 studia,

156 869 235 930 quae
257 853 365 928 quovis
388 861 519 929 tempore
549 854 710 930 praecipua
737 870 803 913 esse
824 853 939 912 scivero
967 846 1053 935 (quia
1080 855 1204 930 tempori
1228 855 1440 915 consulendum
1459 866 1502 929 est,

155 938 237 1017 qnod
259 955 318 998 non
340 939 396 999 erit
418 938 496 999 ultra
518 955 608 998 unum
631 938 681 999 vel
703 939 828 1001 alterum
850 940 983 1018 annum),
1006 957 1044 1000 ea
1064 939 1123 1001 tide
1144 950 1176 1001 et
1196 940 1354 1020 diligentia
1376 945 1503 1018 bactabo,

155 1036 190 1087 ut
210 1026 291 1107 apud
313 1043 360 1086 me
382 1043 497 1087 summa
523 1026 638 1104 gloriae
659 1028 735 1101 Del,
767 1029 903 1106 proxima
924 1027 1090 1105 Tychcnis,
1119 1030 1243 1088 minima
1269 1047 1357 1091 meae
1383 1033 1456 1091 ratio
1472 1035 1504 1091 sit

154 1114 270 1188 lutura,
293 1122 324 1174 et
346 1112 376 1172 id
399 1114 471 1173 mihi
493 1115 645 1192 imperabo
667 1117 745 1194 ipsi,
770 1114 853 1193 quod
874 1115 956 1175 baud
976 1118 1039 1176 seio
1061 1133 1100 1176 an
1123 1119 1153 1174 in
1175 1115 1342 1178 commu
1363 1121 1503 1196 quaquam

157 1202 234 1263 alins
257 1202 353 1262 lacere
376 1202 459 1263 velit.

262 1295 292 1352 4.
314 1287 467 1349 lncnndac
495 1296 580 1348 crunt
606 1305 678 1364 ergo
704 1289 889 1349 conditiones
919 1289 1069 1363 bilariam,
1101 1291 1228 1368 primurn
1257 1294 1285 1351 si
1307 1292 1383 1353 mibi
1403 1294 1454 1372 ipsi
1472 1292 1502 1352 ds

154 1375 339 1436 habitatione
362 1384 392 1436 ct
413 1377 502 1452 lignis
524 1379 563 1434 sit
586 1375 833 1454 prospiciendum,
856 1376 964 1436 deinde
984 1381 1010 1436 si
1026 1378 1062 1439 de
1076 1389 1202 1453 unoque
1217 1380 1303 1453 mibi,
1326 1380 1501 1457 ubiPrapn

154 1479 275 1538 venero,
295 1463 359 1539 iam
381 1471 566 1541 prospectum
582 1483 600 1523 a
614 1464 653 1522 D.
669 1463 812 1540 Tyebonc
834 1466 883 1537 ait,
905 1465 978 1541 quid
999 1467 1030 1523 in
1045 1475 1203 1542 utrnche
1218 1479 1363 1527 aventem
1375 1471 1500 1546 pamulae

155 1551 229 1611 mibi
250 1552 380 1629 (praeter
399 1552 463 1626 jam
486 1551 588 1610 datum
611 1553 767 1621 viaticum,
797 1551 878 1629 qnod
900 1554 929 1610 in
952 1552 1032 1612 lrnnc
1056 1570 1177 1613 censum
1206 1557 1312 1616 venire
1335 1572 1394 1615 nou
1415 1551 1499 1636 delet)

154 1640 247 1698 sitin
269 1655 364 1699 annos
385 1638 518 1714 singulos
541 1639 713 1701 tributurus.
750 1637 809 1699 Hic
822 1641 960 1712 audiam,
983 1639 1053 1715 quid
1076 1643 1141 1718 ipsa
1154 1653 1314 1719 proponat,
1333 1642 1499 1703 nutante

154 1728 233 1804 prior
255 1728 318 1804 ipse
341 1733 449 1804 petam.
495 1724 674 1785 Deliberabo
698 1743 768 1787 vero
791 1734 914 1804 postea,
937 1729 1085 1788 victumne
1107 1727 1235 1790 tolerare
1256 1732 1387 1807 possim,
1412 1730 1498 1790 siber

153 1812 357 1891 'l'yehonicum
385 1813 521 1892 Styriaco
549 1812 658 1873 salario
692 1813 882 1890 adjungatur.
933 1814 1049 1874 Etenim
1080 1830 1157 1891 quae
1188 1819 1395 1878 aeuunomiae
1425 1834 1498 1877 censs

152 1901 250 1961 lacere
274 1917 400 1980 possem,
423 1901 476 1960 illa
496 1900 622 1960 libenter
643 1903 708 1963 sine
729 1903 970 1980 compensatione
992 1903 1128 1975 lacerem,
1151 1920 1219 1963 eum
1241 1905 1310 1982 ipse
1331 1908 1362 1963 in
1383 1904 1429 1965 bis
1447 1915 1497 1965 sta·

153 1987 210 2048 diis
232 1989 379 2067 proiectus
402 2005 454 2066 per
474 1989 706 2049 communientes
720 1988 758 2047 D.
773 1989 923 2067 'l'ycbonis
945 1990 1168 2051 obseruationes
1186 2008 1311 2070 operam
1331 1992 1419 2053 laeils
1431 2009 1497 2053 ωι·

152 2085 266 2156 penset,
289 2076 342 2136 sed
364 2093 483 2154 possem
505 2075 558 2135 illa
573 2074 689 2136 Graecli
705 2075 859 2154 perficere,
887 2084 1001 2137 utnon
1023 2080 1063 2136 sit
1083 2094 1216 2153 neeesse,
1239 2079 1310 2140 ideo
1331 2095 1380 2140 me
1400 2082 1496 2158 prieur

152 2161 429 2236 commoditatibus,
459 2180 536 2240 qnae
555 2163 619 2239 jam
641 2181 661 2223 a
682 2181 731 2225 me
752 2165 817 2242 ipae
840 2166 990 2223 aestimari
1012 2173 1173 2240 nequeunt
1219 2165 1296 2226 Cum
1318 2184 1392 2245 ergo¹
1412 2169 1496 2227 illatae

151 2250 313 2311 Bobcmico
335 2267 382 2311 me
407 2250 466 2309 iliis
488 2253 601 2329 privem
624 2268 682 2309 non
705 2253 902 2311 astronomiae
921 2254 1088 2331 praecipue,
1109 2252 1164 2312 sed
1180 2252 1218 2311 D.
1234 2253 1391 2333 'l'ycbnsis
1409 2258 1493 2331 gnta

151 2355 281 2415 aequm
303 2347 357 2411 cat,
381 2338 452 2397 mibi
476 2347 558 2416 parte
581 2337 684 2415 aliqua
706 2337 756 2398 illa
776 2358 798 2399 a
818 2338 857 2402 D.
880 2337 1022 2415 Tycbone
1044 2342 1238 2418 compensari.
1276 2340 1493 2403 llecbaeelaui

152 2443 244 2486 causa
266 2424 418 2485 dicunture
448 2433 545 2485 metus
567 2443 627 2499 ma,
655 2443 714 2485 non
736 2443 805 2504 apes
827 2425 903 2485 lueri
924 2426 983 2487 bue
1005 2426 1117 2504 adigit,
1146 2443 1216 2487 narn
1239 2431 1271 2487 in
1294 2422 1398 2507 Styrss
1417 2430 1492 2489 ou'u

151 2515 182 2573 in
205 2516 304 2572 omnia
326 2530 476 2585 consumo,
500 2530 578 2589 quac
601 2513 649 2573 vel
673 2514 712 2573 ab
735 2515 834 2572 uxoris
857 2513 941 2573 bonis
965 2513 1012 2574 vel
1035 2532 1054 2574 a
1076 2516 1149 2574 meis
1171 2514 1329 2577 laboribus
1350 2517 1453 2577 babeo.

259 2606 288 2661 5.
311 2601 377 2660 Etsi
398 2603 470 2674 seio,
494 2602 524 2659 id
547 2617 635 2677 agere
657 2601 697 2662 D.
720 2600 903 2677 l'ycbonem,
927 2610 960 2659 ut
982 2601 1120 2663 Caesaris
1141 2606 1323 2665 aumurirata
1345 2603 1490 2665 veniente

151 2688 335 2762 Bobemiarn,
359 2697 427 2766 pete
451 2696 563 2760 temen,
586 2698 617 2751 et
639 2689 709 2747 milri
734 2688 910 2749 documenta
931 2687 1021 2764 hujus
1042 2693 1083 2749 rei
1105 2688 1200 2748 literis
1221 2694 1415 2770 contiguis,
1433 2705 1490 2767 uu

151 2775 192 2837 ad
213 2778 402 2853 magistratus
424 2775 602 2836 Bclremicos
626 2777 754 2835 valitura
774 2777 843 2850 sint,
867 2778 1085 2851 communicari,
1106 2786 1139 2836 nt
1162 2775 1308 2853 babeam,
1330 2781 1359 2841 si
1379 2781 1420 2839 ita
1436 2778 1491 2839 teu

151 2880 235 2940 usus,
257 2865 308 2923 ubi
327 2864 378 2939 jus
401 2863 559 2941 appellem.

258 2957 288 3014 6.
310 2949 491 3011 Scribendae
514 2956 599 3011 erunt
621 2958 651 3011 et
671 2948 854 3011 solemnibus
882 2951 979 3011 verbis
1006 2950 1047 3011 ad
1068 2967 1117 3011 me
1139 2953 1169 3010 in
1192 2951 1327 3029 styriam
1352 2952 1449 3015 literae
1463 2950 1489 3010 ll.

149 3036 302 3115 Tycbonis
324 3056 412 3099 manu
435 3041 562 3118 propria,
585 3039 694 3115 quibus
717 3037 914 3110 conditiones,
938 3037 975 3098 de
999 3039 1107 3114 quibus
1135 3038 1184 3101 lrie
1206 3047 1279 3101 ente
1300 3041 1413 3101 abitum
1433 3042 1490 3099 iuter

150 3141 205 3184 nos
228 3128 408 3200 convenerit,
432 3126 647 3198 confirmentur,
670 3133 703 3184 ut
724 3143 761 3185 ex
785 3128 820 3186 iis
842 3134 925 3185 tauto
940 3130 1048 3186 rectius
1063 3129 1146 3187 uxori
1170 3137 1322 3189 eteoeerc
1344 3146 1409 3190 meo
1420 3127 1489 3202 bsjrt
1531 3160 1533 3179 ι

150 3215 209 3273 mei
232 3216 343 3275 itineris
366 3216 442 3273 rutio
465 3212 658 3273 demonstrari
681 3214 782 3290 possit

257 3309 286 3361 i.
311 3300 388 3375 Quia
410 3318 469 3362 non
493 3318 609 3379 semper
631 3303 785 3377 pecuniam
807 3317 825 3360 e
846 3298 948 3378 Styria
969 3318 1021 3378 per
1048 3309 1163 3360 unium
1191 3303 1384 3364 interrallum
1404 3302 1486 3363 belm

148 3395 262 3469 potero,
285 3389 471 3466 pollicebitur
494 3388 531 3448 G.
556 3389 593 3450 D.
608 3387 722 3465 Tyclrc,
745 3405 779 3448 se
800 3387 874 3447 mihi
895 3390 1075 3465 interpositis
1096 3392 1347 3452 convenientibus
1368 3389 1486 3452 aas*

149 3478 205 3537 bus
226 3478 383 3555 pecuniam
405 3476 444 3535 ad
458 3477 641 3537 necessarios
656 3492 726 3534 usus
744 3475 921 3535 domesticos
940 3475 1125 3535 commodate
1141 3476 1294 3551 daturum,
1317 3496 1408 3557 quam
1417 3479 1484 3538 etin

149 3563 275 3624 fideliter
296 3567 461 3637 restituam,
491 3567 593 3641 sicque
615 3580 674 3622 nen
698 3581 864 3640 passurum,
894 3571 927 3623 ut
949 3566 1123 3624 necessariis
1150 3564 1190 3625 ad
1213 3568 1330 3627 vietum
1351 3560 1484 3644 dunas&

150 3649 308 3728 indigeam.

255 3744 284 3802 8.
308 3737 387 3799 Anni
415 3740 590 3817 principium
618 3745 682 3798 este
713 3738 836 3815 primum
866 3745 956 3814 atque
979 3737 1106 3814 Pragam
1134 3755 1263 3813 venem,
1294 3742 1405 3801 itineris
1423 3752 1483 3806 rete

148 3828 273 3907 primum
295 3833 385 3902 atque
407 3829 563 3903 requisitas
586 3843 675 3903 supra
696 3825 797 3885 literas
819 3824 850 3905 (b
873 3834 905 3885 et
927 3826 958 3903 6)
980 3844 1040 3885 una
1068 3844 1135 3886 cum
1165 3828 1280 3889 viatico
1307 3835 1340 3888 et
1365 3824 1483 3907 prandi

147 3916 274 3993 pecunia
289 3911 405 3974 Graeeii
428 3922 578 3991 accepere.
615 3913 746 3973 Pecunia
767 3911 838 3971 mibi
861 3910 943 3971 nulla
965 3930 1104 3991 praeseus
1125 3922 1173 3973 est
1195 3912 1319 3976 Graecii
1339 3930 1395 3976 nee
1415 3927 1483 3992 qut·

147 4003 280 4061 sionibus
304 4003 358 4060 iter
381 4009 482 4078 potero
506 4001 654 4079 perficere,
677 4004 777 4076 itaque
801 4001 946 4078 praesenti
969 4004 1094 4076 pecunia
1116 4018 1192 4078 opus
1217 4005 1292 4078 erit3
1314 4020 1371 4063 nec
1388 3998 1482 4077 Μ’

146 4088 195 4149 fici
217 4088 338 4150 etGen.
354 4088 392 4148 D.
410 4087 578 4148 Helluranni
601 4105 699 4166 opera,
722 4105 811 4164 quatu
834 4087 999 4165 pollicetur,
1021 4098 1163 4164 unquam
1186 4090 1272 4162 milri,
1293 4089 1348 4150 sed
1369 4098 1482 4165 tanen·

147 4175 188 4236 D.
210 4174 343 4254 'Pycboni
368 4183 539 4253 praestetur,
562 4184 725 4237 censeatur.
766 4173 910 4249 Quemvis
933 4173 1069 4234 videatur
1091 4175 1142 4235 ille
1164 4178 1299 4249 innuere,
1321 4196 1356 4239 eo
1373 4173 1482 4239 abdil*
1531 4190 1533 4201 '

147 4280 219 4324 auos
241 4263 280 4324 ad
307 4270 458 4322 vecturam
486 4262 700 4336 adhibiturum,
732 4263 781 4323 ubi
806 4262 995 4322 nihilominus
1025 4261 1119 4340 aliqui
1146 4263 1187 4324 D.
1217 4264 1370 4342 'l'yebonis
1392 4267 1481 4323 seni!

148 4360 232 4412 erunt
261 4353 291 4409 in
314 4352 473 4427 sympoaiia
494 4349 645 4410 solvendis
667 4357 697 4409 et
719 4349 954 4424 remunerandis,
977 4359 1011 4409 ut
1031 4351 1088 4410 lert
1109 4350 1273 4414 christiana
1294 4352 1424 4423 ebaritn
1440 4363 1481 4407 ar·

147 4440 219 4514 rigis
239 4439 385 4516 inopibus.
422 4437 526 4513 Neque
549 4441 627 4498 enim
650 4438 748 4512 velim,
771 4437 883 4517 pridem
905 4455 980 4515 pene
1003 4446 1232 4516 oppresserint
1254 4440 1394 4519 styriam
1411 4449 1480 4513 σψ-
1531 4482 1533 4511 ,

148 4524 308 4586 ditionibus
331 4542 397 4585 mea
418 4541 509 4584 eausa
531 4525 653 4586 ulterius
675 4527 776 4603 premi.

254 4619 284 4675 9,
306 4612 349 4685 Si,
373 4612 454 4688 qnod
476 4611 576 4685 nolim,
600 4615 711 4677 interea
733 4613 770 4676 D.
786 4611 920 4691 'lycium
943 4614 973 4671 in
995 4619 1123 4673 mentem
1153 4615 1271 4675 venerit
1290 4613 1422 4675 aliorsum
1437 4606 1479 4669 al·

147 4698 246 4775 eundi,
268 4699 450 4760 conditiones
481 4707 578 4760 umen
601 4718 716 4760 annuae
739 4699 778 4760 ad
800 4700 887 4762 tinem
910 4700 1058 4761 durabunt
1080 4719 1177 4778 usqne
1200 4705 1273 4765 anni
1280 4744 1290 4779 ,
1319 4717 1408 4780 nsque
1425 4693 1478 4758 niti

147 4803 268 4849 necesse
290 4791 345 4848 crit
366 4787 506 4847 aliorsum
528 4787 627 4864 Prepa
650 4791 701 4849 ire.

253 4880 304 4939 10.
325 4874 440 4938 &aeto
460 4880 599 4963 tempore,
623 4873 704 4955 qnod
724 4874 797 4937 milri
823 4872 979 4940 induberit
999 4877 1193 4957 nummatus
1215 4894 1324 4955 mana,
1344 4882 1394 4940 aet
1409 4873 1477 4936 eth
