<?xml version="1.0" encoding="UTF-8"?>
<!DOCTYPE html PUBLIC "-//W3C//DTD XHTML 1.0 Transitional//EN"
    "http://www.w3.org/TR/xhtml1/DTD/xhtml1-transitional.dtd">
<html xmlns="http://www.w3.org/1999/xhtml" xml:lang="en" lang="en">
 <head>
  <title>
</title>
<meta http-equiv="Content-Type" content="text/html;charset=utf-8" />
  <meta name='ocr-system' content='tesseract 3.04.00' />
  <meta name='ocr-capabilities' content='ocr_page ocr_carea ocr_par ocr_line ocrx_word'/>
</head>
<body>
  <div class='ocr_page' id='page_1' title='image "./joanniskepleria00frisgoog/joanniskepleria00frisgoog_0380.png"; bbox 0 0 3308 5534; ppageno 0'>
   <div class='ocr_carea' id='block_1_1' title="bbox 153 364 1021 437">
    <p class='ocr_par' dir='ltr' id='par_1_1' title="bbox 153 364 1021 437">
     <span class='ocr_line' id='line_1_1' title="bbox 153 364 1021 437; baseline 0 -16"><span class='ocrx_word' id='word_1_1' title='bbox 153 364 221 433; x_wconf 80' lang='grc'>380</span> <span class='ocrx_word' id='word_1_2' title='bbox 635 364 773 423; x_wconf 81' lang='lat' dir='ltr'>¹iudicium</span> <span class='ocrx_word' id='word_1_3' title='bbox 789 364 884 423; x_wconf 86' lang='lat' dir='ltr'>matris</span> <span class='ocrx_word' id='word_1_4' title='bbox 901 364 1021 437; x_wconf 83' lang='lat' dir='ltr'>Kapieri.</span> 
     </span>
    </p>
   </div>
   <div class='ocr_carea' id='block_1_2' title="bbox 148 542 1514 2895">
    <p class='ocr_par' dir='ltr' id='par_1_2' title="bbox 149 542 1514 1393">
     <span class='ocr_line' id='line_1_2' title="bbox 152 542 1513 625; baseline -0.001 -18"><span class='ocrx_word' id='word_1_5' title='bbox 152 544 388 615; x_wconf 80' lang='lat' dir='ltr'>soccumblmns3</span> <span class='ocrx_word' id='word_1_6' title='bbox 410 544 457 603; x_wconf 92' lang='lat' dir='ltr'>sin</span> <span class='ocrx_word' id='word_1_7' title='bbox 479 550 578 603; x_wconf 89' lang='lat' dir='ltr'>antem</span> <span class='ocrx_word' id='word_1_8' title='bbox 601 542 856 623; x_wconf 87' lang='lat' dir='ltr'>adprobationem</span> <span class='ocrx_word' id='word_1_9' title='bbox 871 542 1060 619; x_wconf 76' lang='lat' dir='ltr'><strong>admittimur,</strong></span> <span class='ocrx_word' id='word_1_10' title='bbox 1083 542 1183 623; x_wconf 87' lang='lat' dir='ltr'>palam</span> <span class='ocrx_word' id='word_1_11' title='bbox 1204 542 1415 607; x_wconf 82' lang='lat' dir='ltr'>laelamnsllla</span> <span class='ocrx_word' id='word_1_12' title='bbox 1435 546 1513 625; x_wconf 82' lang='lat' dir='ltr'>ipss,</span> 
     </span>
     <span class='ocr_line' id='line_1_3' title="bbox 153 630 1514 709; baseline 0.001 -16"><span class='ocrx_word' id='word_1_13' title='bbox 153 650 255 695; x_wconf 88' lang='lat' dir='ltr'>omnes</span> <span class='ocrx_word' id='word_1_14' title='bbox 277 632 477 708; x_wconf 72' lang='lat' dir='ltr'>inquisitionis</span> <span class='ocrx_word' id='word_1_15' title='bbox 499 630 639 693; x_wconf 75' lang='lat' dir='ltr'>articulos</span> <span class='ocrx_word' id='word_1_16' title='bbox 662 650 699 693; x_wconf 85' lang='lat' dir='ltr'>ex</span> <span class='ocrx_word' id='word_1_17' title='bbox 719 634 814 709; x_wconf 91' lang='lat' dir='ltr'>prima</span> <span class='ocrx_word' id='word_1_18' title='bbox 836 632 1036 693; x_wconf 78' lang='lat' dir='ltr'>diffamatione</span> <span class='ocrx_word' id='word_1_19' title='bbox 1052 630 1202 693; x_wconf 83' lang='lat' dir='ltr'>derivatos</span> <span class='ocrx_word' id='word_1_20' title='bbox 1223 648 1299 695; x_wconf 86' lang='lat' dir='ltr'>essa.</span> <span class='ocrx_word' id='word_1_21' title='bbox 1339 638 1370 695; x_wconf 85' lang='lat' dir='ltr'>b.</span> <span class='ocrx_word' id='word_1_22' title='bbox 1393 632 1514 695; x_wconf 79' lang='lat' dir='ltr'>Adras-</span> 
     </span>
     <span class='ocr_line' id='line_1_4' title="bbox 151 718 1511 799; baseline -0.001 -15"><span class='ocrx_word' id='word_1_23' title='bbox 151 722 247 783; x_wconf 88' lang='lat' dir='ltr'>sartus</span> <span class='ocrx_word' id='word_1_24' title='bbox 269 720 379 795; x_wconf 92' lang='lat' dir='ltr'>turpis,</span> <span class='ocrx_word' id='word_1_25' title='bbox 407 718 598 791; x_wconf 89' lang='lat' dir='ltr'>inhonestus,</span> <span class='ocrx_word' id='word_1_26' title='bbox 631 720 822 795; x_wconf 80' lang='lat' dir='ltr'>intestabilis,</span> <span class='ocrx_word' id='word_1_27' title='bbox 854 718 894 780; x_wconf 93' lang='lat' dir='ltr'>ad</span> <span class='ocrx_word' id='word_1_28' title='bbox 915 719 1025 779; x_wconf 90' lang='lat' dir='ltr'>nudam</span> <span class='ocrx_word' id='word_1_29' title='bbox 1056 719 1234 782; x_wconf 78' lang='lat' dir='ltr'>delationem</span> <span class='ocrx_word' id='word_1_30' title='bbox 1257 736 1348 797; x_wconf 81' lang='lat' dir='ltr'>opera</span> <span class='ocrx_word' id='word_1_31' title='bbox 1369 720 1511 799; x_wconf 81' lang='lat' dir='ltr'>praeterat</span> 
     </span>
     <span class='ocr_line' id='line_1_5' title="bbox 152 806 1512 885; baseline 0 -16"><span class='ocrx_word' id='word_1_32' title='bbox 152 812 276 869; x_wconf 87' lang='lat' dir='ltr'>arrestat</span> <span class='ocrx_word' id='word_1_33' title='bbox 297 811 399 865; x_wconf 89' lang='lat' dir='ltr'>nostra</span> <span class='ocrx_word' id='word_1_34' title='bbox 421 806 510 865; x_wconf 91' lang='lat' dir='ltr'>bona.</span> <span class='ocrx_word' id='word_1_35' title='bbox 550 814 579 867; x_wconf 83' lang='lat'>6.</span> <span class='ocrx_word' id='word_1_36' title='bbox 595 806 697 867; x_wconf 81' lang='lat' dir='ltr'>Frater</span> <span class='ocrx_word' id='word_1_37' title='bbox 718 809 823 869; x_wconf 88' lang='lat' dir='ltr'>metuit</span> <span class='ocrx_word' id='word_1_38' title='bbox 845 806 992 867; x_wconf 81' lang='lat' dir='ltr'>offendere</span> <span class='ocrx_word' id='word_1_39' title='bbox 1014 809 1219 885; x_wconf 83' lang='lat' dir='ltr'>magistratum</span> <span class='ocrx_word' id='word_1_40' title='bbox 1241 806 1358 885; x_wconf 90' lang='lat' dir='ltr'>oppidi,</span> <span class='ocrx_word' id='word_1_41' title='bbox 1382 810 1512 871; x_wconf 85' lang='lat' dir='ltr'>comsit</span> 
     </span>
     <span class='ocr_line' id='line_1_6' title="bbox 151 892 1510 973; baseline -0.001 -16"><span class='ocrx_word' id='word_1_42' title='bbox 151 896 226 957; x_wconf 89' lang='lat' dir='ltr'>civis</span> <span class='ocrx_word' id='word_1_43' title='bbox 248 894 389 966; x_wconf 83' lang='lat' dir='ltr'>novitius,</span> <span class='ocrx_word' id='word_1_44' title='bbox 413 895 541 953; x_wconf 87' lang='lat' dir='ltr'>sororius</span> <span class='ocrx_word' id='word_1_45' title='bbox 563 896 669 955; x_wconf 89' lang='lat' dir='ltr'>metuit</span> <span class='ocrx_word' id='word_1_46' title='bbox 689 911 727 954; x_wconf 89' lang='lat' dir='ltr'>ne</span> <span class='ocrx_word' id='word_1_47' title='bbox 749 912 768 953; x_wconf 90' lang='lat' dir='ltr'>a</span> <span class='ocrx_word' id='word_1_48' title='bbox 789 911 844 954; x_wconf 83' lang='lat' dir='ltr'>sua</span> <span class='ocrx_word' id='word_1_49' title='bbox 858 892 1025 954; x_wconf 89' lang='lat' dir='ltr'>conditione</span> <span class='ocrx_word' id='word_1_50' title='bbox 1044 894 1223 955; x_wconf 86' lang='lat' dir='ltr'>detrudatur.</span> <span class='ocrx_word' id='word_1_51' title='bbox 1260 894 1326 973; x_wconf 70' lang='lat' dir='ltr'>ligo</span> <span class='ocrx_word' id='word_1_52' title='bbox 1346 894 1439 973; x_wconf 71' lang='lat' dir='ltr'>longe</span> <span class='ocrx_word' id='word_1_53' title='bbox 1453 896 1510 957; x_wconf 79' lang='lat' dir='ltr'>ab·</span> 
     </span>
     <span class='ocr_line' id='line_1_7' title="bbox 151 980 1510 1061; baseline -0.001 -16"><span class='ocrx_word' id='word_1_54' title='bbox 151 1000 227 1055; x_wconf 91' lang='lat' dir='ltr'>sum,</span> <span class='ocrx_word' id='word_1_55' title='bbox 250 980 395 1041; x_wconf 86' lang='lat' dir='ltr'>sumtibus</span> <span class='ocrx_word' id='word_1_56' title='bbox 417 997 514 1054; x_wconf 88' lang='lat' dir='ltr'>eareo,</span> <span class='ocrx_word' id='word_1_57' title='bbox 536 999 604 1041; x_wconf 89' lang='lat' dir='ltr'>cum</span> <span class='ocrx_word' id='word_1_58' title='bbox 618 980 728 1041; x_wconf 86' lang='lat' dir='ltr'>Caesar</span> <span class='ocrx_word' id='word_1_59' title='bbox 748 998 808 1042; x_wconf 91' lang='lat' dir='ltr'>non</span> <span class='ocrx_word' id='word_1_60' title='bbox 828 980 927 1043; x_wconf 81' lang='lat' dir='ltr'>solvat</span> <span class='ocrx_word' id='word_1_61' title='bbox 948 981 1067 1043; x_wconf 87' lang='lat' dir='ltr'>residua</span> <span class='ocrx_word' id='word_1_62' title='bbox 1088 1000 1166 1061; x_wconf 89' lang='lat' dir='ltr'>mea,</span> <span class='ocrx_word' id='word_1_63' title='bbox 1190 982 1335 1045; x_wconf 87' lang='lat' dir='ltr'>distentus</span> <span class='ocrx_word' id='word_1_64' title='bbox 1354 998 1423 1043; x_wconf 91' lang='lat' dir='ltr'>sum</span> <span class='ocrx_word' id='word_1_65' title='bbox 1444 992 1510 1044; x_wconf 85' lang='lat' dir='ltr'>stu·</span> 
     </span>
     <span class='ocr_line' id='line_1_8' title="bbox 151 1066 1509 1147; baseline 0.001 -17"><span class='ocrx_word' id='word_1_66' title='bbox 151 1070 208 1131; x_wconf 89' lang='lat' dir='ltr'>dlis</span> <span class='ocrx_word' id='word_1_67' title='bbox 230 1074 260 1129; x_wconf 93' lang='lat' dir='ltr'>et</span> <span class='ocrx_word' id='word_1_68' title='bbox 282 1066 461 1128; x_wconf 90' lang='lat' dir='ltr'>editionibus</span> <span class='ocrx_word' id='word_1_69' title='bbox 482 1067 632 1141; x_wconf 89' lang='lat' dir='ltr'>librorum,</span> <span class='ocrx_word' id='word_1_70' title='bbox 655 1066 733 1128; x_wconf 88' lang='lat' dir='ltr'>unda</span> <span class='ocrx_word' id='word_1_71' title='bbox 755 1086 821 1129; x_wconf 92' lang='lat' dir='ltr'>mea</span> <span class='ocrx_word' id='word_1_72' title='bbox 842 1068 932 1142; x_wconf 85' lang='lat' dir='ltr'>lama,</span> <span class='ocrx_word' id='word_1_73' title='bbox 953 1086 1021 1130; x_wconf 86' lang='lat' dir='ltr'>mea</span> <span class='ocrx_word' id='word_1_74' title='bbox 1042 1067 1118 1129; x_wconf 90' lang='lat' dir='ltr'>adeo</span> <span class='ocrx_word' id='word_1_75' title='bbox 1140 1068 1222 1131; x_wconf 88' lang='lat' dir='ltr'>salus</span> <span class='ocrx_word' id='word_1_76' title='bbox 1243 1078 1274 1131; x_wconf 92' lang='lat' dir='ltr'>et</span> <span class='ocrx_word' id='word_1_77' title='bbox 1294 1086 1438 1147; x_wconf 85' lang='lat' dir='ltr'>praeseus</span> <span class='ocrx_word' id='word_1_78' title='bbox 1458 1087 1509 1131; x_wconf 85' lang='lat' dir='ltr'>ss-</span> 
     </span>
     <span class='ocr_line' id='line_1_9' title="bbox 151 1154 1508 1235; baseline 0.001 -19"><span class='ocrx_word' id='word_1_79' title='bbox 151 1157 257 1218; x_wconf 87' lang='lat' dir='ltr'>larium</span> <span class='ocrx_word' id='word_1_80' title='bbox 279 1154 455 1233; x_wconf 87' lang='lat' dir='ltr'>dependent.</span> <span class='ocrx_word' id='word_1_81' title='bbox 504 1162 533 1217; x_wconf 79' lang='lat' dir='ltr'>i.</span> <span class='ocrx_word' id='word_1_82' title='bbox 557 1154 753 1216; x_wconf 69' lang='lat' dir='ltr'>adversarios</span> <span class='ocrx_word' id='word_1_83' title='bbox 781 1156 923 1217; x_wconf 90' lang='lat' dir='ltr'>babemus</span> <span class='ocrx_word' id='word_1_84' title='bbox 953 1155 1165 1233; x_wconf 86' lang='lat' dir='ltr'>impudicentia</span> <span class='ocrx_word' id='word_1_85' title='bbox 1193 1174 1249 1217; x_wconf 88' lang='lat' dir='ltr'>soa</span> <span class='ocrx_word' id='word_1_86' title='bbox 1277 1158 1508 1235; x_wconf 87' lang='lat' dir='ltr'>potentissimos,</span> 
     </span>
     <span class='ocr_line' id='line_1_10' title="bbox 151 1242 1509 1321; baseline 0.001 -18"><span class='ocrx_word' id='word_1_87' title='bbox 151 1262 220 1305; x_wconf 92' lang='lat' dir='ltr'>nam</span> <span class='ocrx_word' id='word_1_88' title='bbox 244 1242 402 1305; x_wconf 84' lang='lat' dir='ltr'>verisimile</span> <span class='ocrx_word' id='word_1_89' title='bbox 424 1251 478 1319; x_wconf 91' lang='lat' dir='ltr'>est,</span> <span class='ocrx_word' id='word_1_90' title='bbox 502 1242 669 1320; x_wconf 83' lang='lat' dir='ltr'>chirurgum</span> <span class='ocrx_word' id='word_1_91' title='bbox 691 1242 813 1305; x_wconf 82' lang='lat' dir='ltr'>influere</span> <span class='ocrx_word' id='word_1_92' title='bbox 835 1246 865 1303; x_wconf 93' lang='lat' dir='ltr'>in</span> <span class='ocrx_word' id='word_1_93' title='bbox 887 1244 1002 1303; x_wconf 91' lang='lat' dir='ltr'>animos</span> <span class='ocrx_word' id='word_1_94' title='bbox 1023 1242 1192 1321; x_wconf 82' lang='lat' dir='ltr'>Principum</span> <span class='ocrx_word' id='word_1_95' title='bbox 1224 1242 1361 1321; x_wconf 64' lang='lat' dir='ltr'>meoque</span> <span class='ocrx_word' id='word_1_96' title='bbox 1383 1252 1416 1307; x_wconf 82' lang='lat' dir='ltr'>et</span> <span class='ocrx_word' id='word_1_97' title='bbox 1437 1262 1509 1305; x_wconf 90' lang='lat' dir='ltr'>coo-</span> 
     </span>
     <span class='ocr_line' id='line_1_11' title="bbox 149 1332 338 1393; baseline -0.021 0"><span class='ocrx_word' id='word_1_98' title='bbox 149 1332 338 1393; x_wconf 90' lang='lat' dir='ltr'>siliariorum.</span> 
     </span>
    </p>

    <p class='ocr_par' dir='ltr' id='par_1_3' title="bbox 148 1416 1508 2442">
     <span class='ocr_line' id='line_1_12' title="bbox 253 1416 1508 1495; baseline 0.002 -16"><span class='ocrx_word' id='word_1_99' title='bbox 253 1418 360 1495; x_wconf 85' lang='lat' dir='ltr'>Itaque</span> <span class='ocrx_word' id='word_1_100' title='bbox 383 1424 525 1495; x_wconf 88' lang='lat' dir='ltr'>quantum</span> <span class='ocrx_word' id='word_1_101' title='bbox 547 1416 629 1477; x_wconf 88' lang='lat' dir='ltr'>solus</span> <span class='ocrx_word' id='word_1_102' title='bbox 651 1424 681 1479; x_wconf 92' lang='lat' dir='ltr'>et</span> <span class='ocrx_word' id='word_1_103' title='bbox 702 1418 810 1478; x_wconf 80' lang='lat' dir='ltr'>absens</span> <span class='ocrx_word' id='word_1_104' title='bbox 830 1417 942 1495; x_wconf 77' lang='lat' dir='ltr'>Judicio</span> <span class='ocrx_word' id='word_1_105' title='bbox 965 1420 1107 1495; x_wconf 83' lang='lat' dir='ltr'>consequi</span> <span class='ocrx_word' id='word_1_106' title='bbox 1128 1418 1229 1495; x_wconf 88' lang='lat' dir='ltr'>potui,</span> <span class='ocrx_word' id='word_1_107' title='bbox 1251 1420 1295 1479; x_wconf 92' lang='lat' dir='ltr'>sic</span> <span class='ocrx_word' id='word_1_108' title='bbox 1316 1416 1391 1479; x_wconf 91' lang='lat' dir='ltr'>mibi</span> <span class='ocrx_word' id='word_1_109' title='bbox 1413 1420 1508 1481; x_wconf 79' lang='lat' dir='ltr'>rim</span> 
     </span>
     <span class='ocr_line' id='line_1_13' title="bbox 150 1504 1505 1583; baseline -0.003 -14"><span class='ocrx_word' id='word_1_110' title='bbox 150 1513 323 1583; x_wconf 77' lang='lat' dir='ltr'>satagere:</span> <span class='ocrx_word' id='word_1_111' title='bbox 356 1511 384 1567; x_wconf 89' lang='lat'>1.</span> <span class='ocrx_word' id='word_1_112' title='bbox 406 1504 532 1565; x_wconf 88' lang='lat' dir='ltr'>Matrem</span> <span class='ocrx_word' id='word_1_113' title='bbox 555 1522 649 1565; x_wconf 88' lang='lat' dir='ltr'>meam</span> <span class='ocrx_word' id='word_1_114' title='bbox 673 1504 752 1565; x_wconf 88' lang='lat' dir='ltr'>domi</span> <span class='ocrx_word' id='word_1_115' title='bbox 775 1523 857 1567; x_wconf 89' lang='lat' dir='ltr'>meac</span> <span class='ocrx_word' id='word_1_116' title='bbox 880 1506 1005 1579; x_wconf 90' lang='lat' dir='ltr'>retineo,</span> <span class='ocrx_word' id='word_1_117' title='bbox 1038 1507 1101 1583; x_wconf 92' lang='lat' dir='ltr'>ipsa</span> <span class='ocrx_word' id='word_1_118' title='bbox 1123 1522 1246 1567; x_wconf 78' lang='lat' dir='ltr'>vemens</span> <span class='ocrx_word' id='word_1_119' title='bbox 1267 1506 1324 1568; x_wconf 87' lang='lat' dir='ltr'>sub</span> <span class='ocrx_word' id='word_1_120' title='bbox 1341 1506 1421 1583; x_wconf 82' lang='lat' dir='ltr'>juris</span> <span class='ocrx_word' id='word_1_121' title='bbox 1442 1504 1505 1567; x_wconf 89' lang='lat' dir='ltr'>dic-</span> 
     </span>
     <span class='ocr_line' id='line_1_14' title="bbox 149 1592 1505 1671; baseline 0 -16"><span class='ocrx_word' id='word_1_122' title='bbox 149 1596 230 1655; x_wconf 90' lang='lat' dir='ltr'>tlono</span> <span class='ocrx_word' id='word_1_123' title='bbox 252 1592 426 1654; x_wconf 85' lang='lat' dir='ltr'>Maresealci</span> <span class='ocrx_word' id='word_1_124' title='bbox 448 1593 550 1666; x_wconf 87' lang='lat' dir='ltr'>aulici,</span> <span class='ocrx_word' id='word_1_125' title='bbox 581 1602 634 1652; x_wconf 89' lang='lat' dir='ltr'>aut</span> <span class='ocrx_word' id='word_1_126' title='bbox 655 1592 851 1670; x_wconf 84' lang='lat' dir='ltr'>quodcunque</span> <span class='ocrx_word' id='word_1_127' title='bbox 879 1593 973 1652; x_wconf 88' lang='lat' dir='ltr'>lorum</span> <span class='ocrx_word' id='word_1_128' title='bbox 997 1592 1107 1653; x_wconf 84' lang='lat' dir='ltr'>Caesar</span> <span class='ocrx_word' id='word_1_129' title='bbox 1134 1593 1255 1655; x_wconf 83' lang='lat' dir='ltr'>dederit.</span> <span class='ocrx_word' id='word_1_130' title='bbox 1300 1592 1364 1653; x_wconf 89' lang='lat' dir='ltr'>Nec</span> <span class='ocrx_word' id='word_1_131' title='bbox 1385 1610 1505 1671; x_wconf 83' lang='lat' dir='ltr'>pomum</span> 
     </span>
     <span class='ocr_line' id='line_1_15' title="bbox 149 1678 1506 1761; baseline 0 -20"><span class='ocrx_word' id='word_1_132' title='bbox 149 1684 222 1761; x_wconf 81' lang='lat' dir='ltr'>pati,</span> <span class='ocrx_word' id='word_1_133' title='bbox 244 1690 278 1741; x_wconf 93' lang='lat' dir='ltr'>ut</span> <span class='ocrx_word' id='word_1_134' title='bbox 300 1678 393 1739; x_wconf 87' lang='lat' dir='ltr'>delira</span> <span class='ocrx_word' id='word_1_135' title='bbox 414 1687 444 1739; x_wconf 88' lang='lat' dir='ltr'>st</span> <span class='ocrx_word' id='word_1_136' title='bbox 465 1679 584 1757; x_wconf 78' lang='lat' dir='ltr'>garrula</span> <span class='ocrx_word' id='word_1_137' title='bbox 596 1680 714 1753; x_wconf 83' lang='lat' dir='ltr'>lomina,</span> <span class='ocrx_word' id='word_1_138' title='bbox 737 1688 836 1741; x_wconf 89' lang='lat' dir='ltr'>aetate</span> <span class='ocrx_word' id='word_1_139' title='bbox 850 1680 993 1754; x_wconf 88' lang='lat' dir='ltr'>conlecta,</span> <span class='ocrx_word' id='word_1_140' title='bbox 1016 1688 1137 1741; x_wconf 82' lang='lat' dir='ltr'>vocetur</span> <span class='ocrx_word' id='word_1_141' title='bbox 1158 1680 1198 1741; x_wconf 88' lang='lat' dir='ltr'>ad</span> <span class='ocrx_word' id='word_1_142' title='bbox 1213 1682 1421 1759; x_wconf 75' lang='lat' dir='ltr'>purgationem</span> <span class='ocrx_word' id='word_1_143' title='bbox 1435 1680 1506 1741; x_wconf 80' lang='lat' dir='ltr'>mibi</span> 
     </span>
     <span class='ocr_line' id='line_1_16' title="bbox 150 1767 1505 1847; baseline 0 -18"><span class='ocrx_word' id='word_1_144' title='bbox 150 1770 385 1847; x_wconf 75' lang='lat' dir='ltr'>ignominiosam,</span> <span class='ocrx_word' id='word_1_145' title='bbox 409 1768 465 1845; x_wconf 92' lang='lat' dir='ltr'>ipsi</span> <span class='ocrx_word' id='word_1_146' title='bbox 489 1768 670 1843; x_wconf 84' lang='lat' dir='ltr'>injuriosam,</span> <span class='ocrx_word' id='word_1_147' title='bbox 694 1767 850 1843; x_wconf 82' lang='lat' dir='ltr'>crudelem,</span> <span class='ocrx_word' id='word_1_148' title='bbox 873 1770 1061 1835; x_wconf 87' lang='lat' dir='ltr'>immeritam.</span> <span class='ocrx_word' id='word_1_149' title='bbox 1093 1768 1280 1845; x_wconf 78' lang='lat' dir='ltr'>conjunctam</span> <span class='ocrx_word' id='word_1_150' title='bbox 1302 1785 1370 1829; x_wconf 88' lang='lat' dir='ltr'>com</span> <span class='ocrx_word' id='word_1_151' title='bbox 1392 1784 1505 1829; x_wconf 85' lang='lat' dir='ltr'>summo</span> 
     </span>
     <span class='ocr_line' id='line_1_17' title="bbox 150 1854 1504 1935; baseline 0.001 -19"><span class='ocrx_word' id='word_1_152' title='bbox 150 1856 349 1935; x_wconf 81' lang='lat' dir='ltr'>oppressionis</span> <span class='ocrx_word' id='word_1_153' title='bbox 379 1854 518 1933; x_wconf 90' lang='lat' dir='ltr'>periculo.</span> <span class='ocrx_word' id='word_1_154' title='bbox 564 1860 593 1914; x_wconf 75' lang='lat'>2.</span> <span class='ocrx_word' id='word_1_155' title='bbox 616 1854 821 1916; x_wconf 84' lang='lat' dir='ltr'>Mandatarios</span> <span class='ocrx_word' id='word_1_156' title='bbox 848 1872 902 1933; x_wconf 91' lang='lat' dir='ltr'>pro</span> <span class='ocrx_word' id='word_1_157' title='bbox 932 1873 978 1916; x_wconf 88' lang='lat' dir='ltr'>me</span> <span class='ocrx_word' id='word_1_158' title='bbox 1005 1856 1152 1915; x_wconf 88' lang='lat' dir='ltr'>constituo</span> <span class='ocrx_word' id='word_1_159' title='bbox 1179 1855 1336 1931; x_wconf 76' lang='lat' dir='ltr'>Tublngae</span> <span class='ocrx_word' id='word_1_160' title='bbox 1364 1864 1396 1917; x_wconf 92' lang='lat' dir='ltr'>et</span> <span class='ocrx_word' id='word_1_161' title='bbox 1417 1854 1504 1917; x_wconf 78' lang='lat' dir='ltr'>stro-</span> 
     </span>
     <span class='ocr_line' id='line_1_18' title="bbox 149 1941 1504 2021; baseline 0.001 -16"><span class='ocrx_word' id='word_1_162' title='bbox 149 1944 284 2017; x_wconf 85' lang='lat' dir='ltr'>eardiaa,</span> <span class='ocrx_word' id='word_1_163' title='bbox 314 1960 367 2021; x_wconf 94' lang='lat' dir='ltr'>pro</span> <span class='ocrx_word' id='word_1_164' title='bbox 399 1951 491 2003; x_wconf 88' lang='lat' dir='ltr'>matre</span> <span class='ocrx_word' id='word_1_165' title='bbox 515 1941 695 2019; x_wconf 80' lang='lat' dir='ltr'>Leobcrgao.</span> <span class='ocrx_word' id='word_1_166' title='bbox 742 1950 771 2005; x_wconf 81' lang='lat'>3.</span> <span class='ocrx_word' id='word_1_167' title='bbox 795 1942 1046 2021; x_wconf 84' lang='lat' dir='ltr'>Supplicationcm</span> <span class='ocrx_word' id='word_1_168' title='bbox 1075 1941 1135 2003; x_wconf 88' lang='lat' dir='ltr'>illis</span> <span class='ocrx_word' id='word_1_169' title='bbox 1163 1944 1310 2003; x_wconf 88' lang='lat' dir='ltr'>transmisi</span> <span class='ocrx_word' id='word_1_170' title='bbox 1337 1942 1504 2021; x_wconf 73' lang='lat' dir='ltr'>genarum</span> 
     </span>
     <span class='ocr_line' id='line_1_19' title="bbox 148 2028 1506 2109; baseline 0.001 -18"><span class='ocrx_word' id='word_1_171' title='bbox 148 2032 286 2109; x_wconf 86' lang='lat' dir='ltr'>jussique</span> <span class='ocrx_word' id='word_1_172' title='bbox 307 2029 415 2091; x_wconf 85' lang='lat' dir='ltr'>addere</span> <span class='ocrx_word' id='word_1_173' title='bbox 436 2028 604 2108; x_wconf 86' lang='lat' dir='ltr'>specialem,</span> <span class='ocrx_word' id='word_1_174' title='bbox 627 2030 724 2107; x_wconf 90' lang='lat' dir='ltr'>qualis</span> <span class='ocrx_word' id='word_1_175' title='bbox 747 2029 827 2091; x_wconf 88' lang='lat' dir='ltr'>utilis</span> <span class='ocrx_word' id='word_1_176' title='bbox 850 2030 899 2091; x_wconf 84' lang='lat' dir='ltr'>vel</span> <span class='ocrx_word' id='word_1_177' title='bbox 920 2031 1087 2093; x_wconf 89' lang='lat' dir='ltr'>necessaria</span> <span class='ocrx_word' id='word_1_178' title='bbox 1108 2028 1266 2091; x_wconf 84' lang='lat' dir='ltr'>videbitur.</span> <span class='ocrx_word' id='word_1_179' title='bbox 1310 2029 1347 2090; x_wconf 84' lang='lat' dir='ltr'>Irl</span> <span class='ocrx_word' id='word_1_180' title='bbox 1366 2032 1431 2107; x_wconf 81' lang='lat' dir='ltr'>J&#39;am</span> <span class='ocrx_word' id='word_1_181' title='bbox 1451 2048 1506 2091; x_wconf 86' lang='lat' dir='ltr'>nou</span> 
     </span>
     <span class='ocr_line' id='line_1_20' title="bbox 151 2115 1504 2195; baseline 0 -16"><span class='ocrx_word' id='word_1_182' title='bbox 151 2126 244 2192; x_wconf 87' lang='lat' dir='ltr'>muto,</span> <span class='ocrx_word' id='word_1_183' title='bbox 266 2134 322 2178; x_wconf 87' lang='lat' dir='ltr'>nac</span> <span class='ocrx_word' id='word_1_184' title='bbox 343 2115 433 2178; x_wconf 90' lang='lat' dir='ltr'>aliam</span> <span class='ocrx_word' id='word_1_185' title='bbox 455 2119 561 2191; x_wconf 91' lang='lat' dir='ltr'>scribo,</span> <span class='ocrx_word' id='word_1_186' title='bbox 585 2134 651 2177; x_wconf 92' lang='lat' dir='ltr'>cum</span> <span class='ocrx_word' id='word_1_187' title='bbox 672 2134 709 2177; x_wconf 91' lang='lat' dir='ltr'>ne</span> <span class='ocrx_word' id='word_1_188' title='bbox 731 2136 808 2179; x_wconf 88' lang='lat' dir='ltr'>nunc</span> <span class='ocrx_word' id='word_1_189' title='bbox 831 2118 949 2195; x_wconf 90' lang='lat' dir='ltr'>quidem</span> <span class='ocrx_word' id='word_1_190' title='bbox 971 2120 1078 2193; x_wconf 89' lang='lat' dir='ltr'>sciam,</span> <span class='ocrx_word' id='word_1_191' title='bbox 1101 2118 1172 2193; x_wconf 85' lang='lat' dir='ltr'>quid</span> <span class='ocrx_word' id='word_1_192' title='bbox 1195 2117 1318 2178; x_wconf 87' lang='lat' dir='ltr'>ulterius</span> <span class='ocrx_word' id='word_1_193' title='bbox 1339 2121 1381 2177; x_wconf 92' lang='lat' dir='ltr'>sit</span> <span class='ocrx_word' id='word_1_194' title='bbox 1401 2128 1504 2179; x_wconf 85' lang='lat' dir='ltr'>sctum</span> 
     </span>
     <span class='ocr_line' id='line_1_21' title="bbox 152 2204 1504 2284; baseline -0.001 -17"><span class='ocrx_word' id='word_1_195' title='bbox 152 2205 237 2271; x_wconf 84' lang='lat' dir='ltr'>t.1n</span> <span class='ocrx_word' id='word_1_196' title='bbox 259 2204 337 2266; x_wconf 86' lang='lat' dir='ltr'>Nob.</span> <span class='ocrx_word' id='word_1_197' title='bbox 361 2205 459 2284; x_wconf 83' lang='lat' dir='ltr'>Ampl.</span> <span class='ocrx_word' id='word_1_198' title='bbox 483 2205 566 2266; x_wconf 85' lang='lat' dir='ltr'>Tuae</span> <span class='ocrx_word' id='word_1_199' title='bbox 589 2204 795 2267; x_wconf 83' lang='lat' dir='ltr'>benevolentia</span> <span class='ocrx_word' id='word_1_200' title='bbox 817 2216 848 2266; x_wconf 92' lang='lat' dir='ltr'>et</span> <span class='ocrx_word' id='word_1_201' title='bbox 869 2207 1033 2284; x_wconf 89' lang='lat' dir='ltr'>patrocinio</span> <span class='ocrx_word' id='word_1_202' title='bbox 1056 2221 1170 2265; x_wconf 90' lang='lat' dir='ltr'>omnem</span> <span class='ocrx_word' id='word_1_203' title='bbox 1192 2222 1275 2283; x_wconf 89' lang='lat' dir='ltr'>spem</span> <span class='ocrx_word' id='word_1_204' title='bbox 1296 2204 1372 2281; x_wconf 72' lang='lat' dir='ltr'>figo,</span> <span class='ocrx_word' id='word_1_205' title='bbox 1403 2222 1504 2283; x_wconf 71' lang='lat' dir='ltr'>rogans</span> 
     </span>
     <span class='ocr_line' id='line_1_22' title="bbox 148 2292 1504 2371; baseline 0 -18"><span class='ocrx_word' id='word_1_206' title='bbox 148 2294 272 2353; x_wconf 86' lang='lat' dir='ltr'>summis</span> <span class='ocrx_word' id='word_1_207' title='bbox 294 2294 440 2370; x_wconf 90' lang='lat' dir='ltr'>precibus,</span> <span class='ocrx_word' id='word_1_208' title='bbox 463 2300 495 2353; x_wconf 92' lang='lat' dir='ltr'>ut</span> <span class='ocrx_word' id='word_1_209' title='bbox 518 2310 599 2354; x_wconf 88' lang='lat' dir='ltr'>meos</span> <span class='ocrx_word' id='word_1_210' title='bbox 621 2292 660 2355; x_wconf 90' lang='lat' dir='ltr'>ad</span> <span class='ocrx_word' id='word_1_211' title='bbox 682 2310 715 2353; x_wconf 90' lang='lat' dir='ltr'>se</span> <span class='ocrx_word' id='word_1_212' title='bbox 738 2294 889 2355; x_wconf 82' lang='lat' dir='ltr'>venientes</span> <span class='ocrx_word' id='word_1_213' title='bbox 913 2293 1036 2353; x_wconf 88' lang='lat' dir='ltr'>consilio</span> <span class='ocrx_word' id='word_1_214' title='bbox 1059 2294 1194 2367; x_wconf 88' lang='lat' dir='ltr'>instruat,</span> <span class='ocrx_word' id='word_1_215' title='bbox 1216 2308 1274 2370; x_wconf 89' lang='lat' dir='ltr'>ops</span> <span class='ocrx_word' id='word_1_216' title='bbox 1293 2292 1392 2369; x_wconf 79' lang='lat' dir='ltr'>iuret,</span> <span class='ocrx_word' id='word_1_217' title='bbox 1414 2310 1504 2371; x_wconf 84' lang='lat' dir='ltr'>quan·</span> 
     </span>
     <span class='ocr_line' id='line_1_23' title="bbox 150 2380 367 2442; baseline 0 -1"><span class='ocrx_word' id='word_1_218' title='bbox 150 2388 214 2442; x_wconf 91' lang='lat' dir='ltr'>tum</span> <span class='ocrx_word' id='word_1_219' title='bbox 236 2380 282 2441; x_wconf 87' lang='lat' dir='ltr'>las</span> <span class='ocrx_word' id='word_1_220' title='bbox 304 2381 367 2441; x_wconf 80' lang='lat' dir='ltr'>erit.</span> 
     </span>
    </p>

    <p class='ocr_par' dir='ltr' id='par_1_4' title="bbox 320 2465 1498 2895">
     <span class='ocr_line' id='line_1_24' title="bbox 320 2465 1336 2548; baseline -0.002 -21"><span class='ocrx_word' id='word_1_221' title='bbox 320 2465 397 2528; x_wconf 86' lang='lat' dir='ltr'>Vale</span> <span class='ocrx_word' id='word_1_222' title='bbox 418 2465 495 2527; x_wconf 87' lang='lat' dir='ltr'>Nob.</span> <span class='ocrx_word' id='word_1_223' title='bbox 519 2465 652 2529; x_wconf 74' lang='lat' dir='ltr'>Excoll¹³⁰</span> <span class='ocrx_word' id='word_1_224' title='bbox 676 2466 729 2527; x_wconf 91' lang='lat' dir='ltr'>Vir</span> <span class='ocrx_word' id='word_1_225' title='bbox 750 2484 856 2545; x_wconf 85' lang='lat' dir='ltr'>meque</span> <span class='ocrx_word' id='word_1_226' title='bbox 879 2469 1043 2548; x_wconf 86' lang='lat' dir='ltr'>patrocinio</span> <span class='ocrx_word' id='word_1_227' title='bbox 1066 2473 1117 2528; x_wconf 92' lang='lat' dir='ltr'>tuo</span> <span class='ocrx_word' id='word_1_228' title='bbox 1141 2468 1215 2527; x_wconf 87' lang='lat' dir='ltr'>tueri</span> <span class='ocrx_word' id='word_1_229' title='bbox 1238 2482 1336 2544; x_wconf 72' lang='lat' dir='ltr'>perge.</span> 
     </span>
     <span class='ocr_line' id='line_1_25' title="bbox 644 2552 1017 2633; baseline -0.005 -18"><span class='ocrx_word' id='word_1_230' title='bbox 644 2556 680 2617; x_wconf 83' lang='lat' dir='ltr'>li.</span> <span class='ocrx_word' id='word_1_231' title='bbox 703 2556 757 2617; x_wconf 85' lang='lat' dir='ltr'>Ex.</span> <span class='ocrx_word' id='word_1_232' title='bbox 781 2563 812 2617; x_wconf 89' lang='lat' dir='ltr'>ct</span> <span class='ocrx_word' id='word_1_233' title='bbox 834 2552 942 2633; x_wconf 77' lang='lat' dir='ltr'>Ampl&#39;</span> <span class='ocrx_word' id='word_1_234' title='bbox 966 2554 1017 2613; x_wconf 56' lang='lat' dir='ltr'>tt·</span> 
     </span>
     <span class='ocr_line' id='line_1_26' title="bbox 1064 2638 1352 2701; baseline 0 0"><span class='ocrx_word' id='word_1_235' title='bbox 1064 2638 1352 2701; x_wconf 79' lang='lat' dir='ltr'>observantissimus</span> 
     </span>
     <span class='ocr_line' id='line_1_27' title="bbox 968 2726 1463 2806; baseline -0.002 -16"><span class='ocrx_word' id='word_1_236' title='bbox 968 2729 1103 2791; x_wconf 84' lang='lat' dir='ltr'>Joaunes</span> <span class='ocrx_word' id='word_1_237' title='bbox 1123 2727 1280 2806; x_wconf 86' lang='lat' dir='ltr'>Kepierus,</span> <span class='ocrx_word' id='word_1_238' title='bbox 1303 2726 1336 2789; x_wconf 87' lang='lat' dir='ltr'>S.</span> <span class='ocrx_word' id='word_1_239' title='bbox 1352 2728 1387 2789; x_wconf 86' lang='lat' dir='ltr'>C.</span> <span class='ocrx_word' id='word_1_240' title='bbox 1403 2726 1463 2789; x_wconf 65' lang='lat' dir='ltr'>Me.</span> 
     </span>
     <span class='ocr_line' id='line_1_28' title="bbox 899 2814 1498 2895; baseline -0.003 -16"><span class='ocrx_word' id='word_1_241' title='bbox 899 2816 1102 2895; x_wconf 87' lang='lat' dir='ltr'>Ordinumquc</span> <span class='ocrx_word' id='word_1_242' title='bbox 1118 2816 1256 2875; x_wconf 72' lang='lat' dir='ltr'>sustuna</span> <span class='ocrx_word' id='word_1_243' title='bbox 1269 2832 1361 2895; x_wconf 83' lang='lat' dir='ltr'>snpra</span> <span class='ocrx_word' id='word_1_244' title='bbox 1374 2814 1498 2879; x_wconf 80' lang='lat' dir='ltr'>Onusam</span> 
     </span>
    </p>
   </div>
   <div class='ocr_carea' id='block_1_3' title="bbox 1090 2902 1329 2967">
    <p class='ocr_par' dir='ltr' id='par_1_5' title="bbox 1090 2902 1329 2967">
     <span class='ocr_line' id='line_1_29' title="bbox 1090 2902 1329 2967; baseline 0.017 -4"><span class='ocrx_word' id='word_1_245' title='bbox 1090 2902 1329 2967; x_wconf 83' lang='lat' dir='ltr'>Mathematicus.</span> 
     </span>
    </p>
   </div>
   <div class='ocr_carea' id='block_1_4' title="bbox 147 2984 845 3125">
    <p class='ocr_par' dir='ltr' id='par_1_6' title="bbox 147 2984 845 3125">
     <span class='ocr_line' id='line_1_30' title="bbox 147 2984 844 3054; baseline -0.006 -11"><span class='ocrx_word' id='word_1_246' title='bbox 147 2988 232 3043; x_wconf 85' lang='lat' dir='ltr'>lusor.</span> <span class='ocrx_word' id='word_1_247' title='bbox 256 2986 325 3041; x_wconf 81' lang='lat' dir='ltr'>Dani</span> <span class='ocrx_word' id='word_1_248' title='bbox 343 2984 423 3041; x_wconf 87' lang='lat' dir='ltr'>edlcu</span> <span class='ocrx_word' id='word_1_249' title='bbox 437 2984 540 3041; x_wconf 82' lang='lat' dir='ltr'>vostea</span> <span class='ocrx_word' id='word_1_250' title='bbox 557 2986 611 3041; x_wconf 87' lang='lat' dir='ltr'>rud</span> <span class='ocrx_word' id='word_1_251' title='bbox 630 2984 844 3054; x_wconf 78' lang='lat' dir='ltr'>bochgelthrten</span> 
     </span>
     <span class='ocr_line' id='line_1_31' title="bbox 147 3054 845 3125; baseline -0.006 -12"><span class='ocrx_word' id='word_1_252' title='bbox 147 3058 237 3113; x_wconf 78' lang='lat' dir='ltr'>iterra</span> <span class='ocrx_word' id='word_1_253' title='bbox 255 3058 290 3114; x_wconf 83' lang='lat' dir='ltr'>N.</span> <span class='ocrx_word' id='word_1_254' title='bbox 308 3056 413 3125; x_wconf 89' lang='lat' dir='ltr'>Fabro,</span> <span class='ocrx_word' id='word_1_255' title='bbox 440 3054 489 3109; x_wconf 88' lang='lat' dir='ltr'>der</span> <span class='ocrx_word' id='word_1_256' title='bbox 507 3054 629 3111; x_wconf 88' lang='lat' dir='ltr'>Rechten</span> <span class='ocrx_word' id='word_1_257' title='bbox 653 3056 768 3111; x_wconf 86' lang='lat' dir='ltr'>Docteri</span> <span class='ocrx_word' id='word_1_258' title='bbox 791 3056 845 3111; x_wconf 80' lang='lat' dir='ltr'>rnrl</span> 
     </span>
    </p>
   </div>
   <div class='ocr_carea' id='block_1_5' title="bbox 147 3124 843 3265">
    <p class='ocr_par' dir='ltr' id='par_1_7' title="bbox 147 3124 843 3265">
     <span class='ocr_line' id='line_1_32' title="bbox 147 3124 843 3195; baseline -0.003 -13"><span class='ocrx_word' id='word_1_259' title='bbox 147 3126 237 3183; x_wconf 83' lang='lat' dir='ltr'>iurati.</span> <span class='ocrx_word' id='word_1_260' title='bbox 275 3124 562 3195; x_wconf 77' lang='lat' dir='ltr'>wurtembergiseben</span> <span class='ocrx_word' id='word_1_261' title='bbox 598 3124 843 3183; x_wconf 77' lang='lat' dir='ltr'>Vicemneollario:</span> 
     </span>
     <span class='ocr_line' id='line_1_33' title="bbox 147 3196 843 3265; baseline 0 -12"><span class='ocrx_word' id='word_1_262' title='bbox 147 3198 266 3255; x_wconf 78' lang='lat' dir='ltr'>lisinam</span> <span class='ocrx_word' id='word_1_263' title='bbox 285 3196 517 3265; x_wconf 74' lang='lat' dir='ltr'>Grosspunstigcn</span> <span class='ocrx_word' id='word_1_264' title='bbox 535 3196 651 3251; x_wconf 86' lang='lat' dir='ltr'>Hersen.</span> <span class='ocrx_word' id='word_1_265' title='bbox 710 3198 843 3265; x_wconf 73' lang='lat' dir='ltr'>senegart.</span> 
     </span>
    </p>
   </div>
   <div class='ocr_carea' id='block_1_6' title="bbox 144 3334 1508 4907">
    <p class='ocr_par' dir='ltr' id='par_1_8' title="bbox 250 3334 1327 3682">
     <span class='ocr_line' id='line_1_34' title="bbox 250 3334 1198 3407; baseline -0.005 -13"><span class='ocrx_word' id='word_1_266' title='bbox 250 3336 361 3403; x_wconf 84' lang='lat' dir='ltr'>Potitio,</span> <span class='ocrx_word' id='word_1_267' title='bbox 378 3352 460 3407; x_wconf 84' lang='lat' dir='ltr'>quam</span> <span class='ocrx_word' id='word_1_268' title='bbox 480 3336 546 3393; x_wconf 90' lang='lat' dir='ltr'>dicit</span> <span class='ocrx_word' id='word_1_269' title='bbox 564 3335 699 3406; x_wconf 82' lang='lat' dir='ltr'>lieplerns</span> <span class='ocrx_word' id='word_1_270' title='bbox 717 3338 746 3392; x_wconf 91' lang='lat' dir='ltr'>in</span> <span class='ocrx_word' id='word_1_271' title='bbox 763 3338 921 3407; x_wconf 87' lang='lat' dir='ltr'>praemissis</span> <span class='ocrx_word' id='word_1_272' title='bbox 939 3336 1035 3403; x_wconf 85' lang='lat' dir='ltr'>literis,</span> <span class='ocrx_word' id='word_1_273' title='bbox 1053 3334 1123 3392; x_wconf 88' lang='lat' dir='ltr'>baec</span> <span class='ocrx_word' id='word_1_274' title='bbox 1140 3342 1198 3391; x_wconf 88' lang='lat' dir='ltr'>eat:</span> 
     </span>
     <span class='ocr_line' id='line_1_35' title="bbox 336 3426 1327 3507; baseline -0.001 -19"><span class='ocrx_word' id='word_1_275' title='bbox 336 3428 601 3506; x_wconf 83' lang='lat' dir='ltr'>Durcbleiicbtiger</span> <span class='ocrx_word' id='word_1_276' title='bbox 623 3428 852 3507; x_wconf 83' lang='lat' dir='ltr'>Hoclrgeporner</span> <span class='ocrx_word' id='word_1_277' title='bbox 875 3428 1027 3507; x_wconf 79' lang='lat' dir='ltr'>Gniidiger</span> <span class='ocrx_word' id='word_1_278' title='bbox 1048 3428 1138 3489; x_wconf 84' lang='lat' dir='ltr'>Fiirst</span> <span class='ocrx_word' id='word_1_279' title='bbox 1160 3426 1220 3487; x_wconf 85' lang='lat' dir='ltr'>rud</span> <span class='ocrx_word' id='word_1_280' title='bbox 1241 3426 1327 3489; x_wconf 86' lang='lat' dir='ltr'>Herr.</span> 
     </span>
     <span class='ocr_line' id='line_1_36' title="bbox 400 3514 1251 3595; baseline 0.001 -19"><span class='ocrx_word' id='word_1_281' title='bbox 400 3516 434 3576; x_wconf 79' lang='lat' dir='ltr'>ii.</span> <span class='ocrx_word' id='word_1_282' title='bbox 457 3516 491 3575; x_wconf 67' lang='lat' dir='ltr'>tt.</span> <span class='ocrx_word' id='word_1_283' title='bbox 517 3514 555 3577; x_wconf 85' lang='lat' dir='ltr'>G.</span> <span class='ocrx_word' id='word_1_284' title='bbox 576 3515 661 3576; x_wconf 89' lang='lat' dir='ltr'>seind</span> <span class='ocrx_word' id='word_1_285' title='bbox 683 3520 777 3579; x_wconf 91' lang='lat' dir='ltr'>moine</span> <span class='ocrx_word' id='word_1_286' title='bbox 801 3516 1012 3595; x_wconf 78' lang='lat' dir='ltr'>undertbiinige</span> <span class='ocrx_word' id='word_1_287' title='bbox 1034 3534 1114 3577; x_wconf 85' lang='lat' dir='ltr'>armo</span> <span class='ocrx_word' id='word_1_288' title='bbox 1137 3515 1251 3577; x_wconf 85' lang='lat' dir='ltr'>dienato</span> 
     </span>
     <span class='ocr_line' id='line_1_37' title="bbox 472 3602 1173 3682; baseline 0.003 -19"><span class='ocrx_word' id='word_1_289' title='bbox 472 3604 571 3663; x_wconf 84' lang='lat' dir='ltr'>beatas</span> <span class='ocrx_word' id='word_1_290' title='bbox 595 3602 692 3663; x_wconf 90' lang='lat' dir='ltr'>Vleiss</span> <span class='ocrx_word' id='word_1_291' title='bbox 714 3604 775 3664; x_wconf 78' lang='lat' dir='ltr'>und</span> <span class='ocrx_word' id='word_1_292' title='bbox 797 3604 980 3682; x_wconf 77' lang='lat' dir='ltr'>Vermiigens</span> <span class='ocrx_word' id='word_1_293' title='bbox 1004 3605 1095 3665; x_wconf 81' lang='lat' dir='ltr'>besor</span> <span class='ocrx_word' id='word_1_294' title='bbox 1117 3612 1173 3665; x_wconf 92' lang='lat' dir='ltr'>etc.</span> 
     </span>
    </p>

    <p class='ocr_par' dir='ltr' id='par_1_9' title="bbox 145 3688 1503 4377">
     <span class='ocr_line' id='line_1_38' title="bbox 251 3688 1499 3769; baseline 0 -18"><span class='ocrx_word' id='word_1_295' title='bbox 251 3689 400 3769; x_wconf 79' lang='lat' dir='ltr'>Gniidigcr</span> <span class='ocrx_word' id='word_1_296' title='bbox 415 3692 504 3751; x_wconf 83' lang='lat' dir='ltr'>F‘urst</span> <span class='ocrx_word' id='word_1_297' title='bbox 517 3688 577 3749; x_wconf 86' lang='lat' dir='ltr'>vnd</span> <span class='ocrx_word' id='word_1_298' title='bbox 591 3688 676 3750; x_wconf 84' lang='lat' dir='ltr'>Herr.</span> <span class='ocrx_word' id='word_1_299' title='bbox 714 3692 749 3752; x_wconf 85' lang='grc' dir='ltr'>Ε.</span> <span class='ocrx_word' id='word_1_300' title='bbox 765 3692 800 3754; x_wconf 78' lang='lat' dir='ltr'>F.</span> <span class='ocrx_word' id='word_1_301' title='bbox 817 3691 855 3753; x_wconf 86' lang='lat' dir='ltr'>G.</span> <span class='ocrx_word' id='word_1_302' title='bbox 878 3692 934 3752; x_wconf 90' lang='lat' dir='ltr'>soll</span> <span class='ocrx_word' id='word_1_303' title='bbox 952 3692 1005 3753; x_wconf 92' lang='lat' dir='ltr'>ch</span> <span class='ocrx_word' id='word_1_304' title='bbox 1027 3694 1058 3751; x_wconf 92' lang='lat' dir='ltr'>in</span> <span class='ocrx_word' id='word_1_305' title='bbox 1083 3688 1324 3767; x_wconf 78' lang='lat' dir='ltr'>vndorthiinigem</span> <span class='ocrx_word' id='word_1_306' title='bbox 1347 3690 1499 3765; x_wconf 73' lang='lat' dir='ltr'>getarum</span> 
     </span>
     <span class='ocr_line' id='line_1_39' title="bbox 146 3776 1499 3857; baseline -0.004 -16"><span class='ocrx_word' id='word_1_307' title='bbox 146 3778 306 3853; x_wconf 84' lang='lat' dir='ltr'>bericbten,</span> <span class='ocrx_word' id='word_1_308' title='bbox 329 3778 384 3839; x_wconf 90' lang='lat' dir='ltr'>das</span> <span class='ocrx_word' id='word_1_309' title='bbox 406 3780 483 3838; x_wconf 92' lang='lat' dir='ltr'>mein</span> <span class='ocrx_word' id='word_1_310' title='bbox 506 3776 583 3838; x_wconf 90' lang='lat' dir='ltr'>liebc</span> <span class='ocrx_word' id='word_1_311' title='bbox 604 3777 715 3838; x_wconf 84' lang='lat' dir='ltr'>Mutter</span> <span class='ocrx_word' id='word_1_312' title='bbox 736 3778 900 3839; x_wconf 86' lang='lat' dir='ltr'>Katbarina</span> <span class='ocrx_word' id='word_1_313' title='bbox 922 3779 1094 3857; x_wconf 86' lang='lat' dir='ltr'>chplerin,</span> <span class='ocrx_word' id='word_1_314' title='bbox 1117 3778 1151 3841; x_wconf 74' lang='lat' dir='ltr'>tt.</span> <span class='ocrx_word' id='word_1_315' title='bbox 1167 3778 1200 3839; x_wconf 79' lang='lat' dir='ltr'>F.</span> <span class='ocrx_word' id='word_1_316' title='bbox 1216 3778 1274 3837; x_wconf 86' lang='lat' dir='ltr'>Gn.</span> <span class='ocrx_word' id='word_1_317' title='bbox 1299 3776 1499 3837; x_wconf 81' lang='lat' dir='ltr'>Vndertbaniu</span> 
     </span>
     <span class='ocr_line' id='line_1_40' title="bbox 145 3864 1501 3943; baseline -0.001 -17"><span class='ocrx_word' id='word_1_318' title='bbox 145 3865 204 3926; x_wconf 85' lang='lat' dir='ltr'>vnd</span> <span class='ocrx_word' id='word_1_319' title='bbox 234 3867 411 3929; x_wconf 84' lang='lat' dir='ltr'>rerwittibto</span> <span class='ocrx_word' id='word_1_320' title='bbox 440 3866 582 3941; x_wconf 80' lang='lat' dir='ltr'>Burgcrin</span> <span class='ocrx_word' id='word_1_321' title='bbox 612 3884 649 3925; x_wconf 87' lang='lat' dir='ltr'>su</span> <span class='ocrx_word' id='word_1_322' title='bbox 673 3866 864 3943; x_wconf 77' lang='lat' dir='ltr'>deenbarg,</span> <span class='ocrx_word' id='word_1_323' title='bbox 896 3866 952 3928; x_wconf 91' lang='lat' dir='ltr'>don</span> <span class='ocrx_word' id='word_1_324' title='bbox 984 3874 1013 3927; x_wconf 78' lang='lat'>3.</span> <span class='ocrx_word' id='word_1_325' title='bbox 1044 3868 1216 3927; x_wconf 86' lang='lat' dir='ltr'>Decembris</span> <span class='ocrx_word' id='word_1_326' title='bbox 1245 3864 1299 3923; x_wconf 88' lang='lat' dir='ltr'>des</span> <span class='ocrx_word' id='word_1_327' title='bbox 1330 3864 1501 3925; x_wconf 81' lang='lat' dir='ltr'>sersebioen</span> 
     </span>
     <span class='ocr_line' id='line_1_41' title="bbox 148 3950 1501 4035; baseline 0 -21"><span class='ocrx_word' id='word_1_328' title='bbox 148 3960 241 4015; x_wconf 77' lang='lat'><strong>1616.</strong></span> <span class='ocrx_word' id='word_1_329' title='bbox 274 3954 365 4017; x_wconf 80' lang='lat' dir='ltr'>dabra</span> <span class='ocrx_word' id='word_1_330' title='bbox 395 3952 532 4035; x_wconf 88' lang='lat' dir='ltr'>(meinem</span> <span class='ocrx_word' id='word_1_331' title='bbox 563 3953 650 4013; x_wconf 88' lang='lat' dir='ltr'>etlieh</span> <span class='ocrx_word' id='word_1_332' title='bbox 681 3953 785 4014; x_wconf 84' lang='lat' dir='ltr'>licoat</span> <span class='ocrx_word' id='word_1_333' title='bbox 815 3970 906 4013; x_wconf 84' lang='lat' dir='ltr'>suros</span> <span class='ocrx_word' id='word_1_334' title='bbox 935 3970 974 4012; x_wconf 92' lang='lat' dir='ltr'>an</span> <span class='ocrx_word' id='word_1_335' title='bbox 1005 3954 1049 4015; x_wconf 89' lang='lat' dir='ltr'>Ira</span> <span class='ocrx_word' id='word_1_336' title='bbox 1083 3971 1119 4013; x_wconf 83' lang='lat' dir='ltr'>su</span> <span class='ocrx_word' id='word_1_337' title='bbox 1149 3951 1335 4028; x_wconf 73' lang='lat' dir='ltr'>Liiuenlrcrg</span> <span class='ocrx_word' id='word_1_338' title='bbox 1369 3950 1501 4014; x_wconf 80' lang='lat' dir='ltr'>babendo</span> 
     </span>
     <span class='ocr_line' id='line_1_42' title="bbox 146 4038 1503 4120; baseline 0 -21"><span class='ocrx_word' id='word_1_339' title='bbox 146 4042 344 4120; x_wconf 83' lang='lat' dir='ltr'>Kricgsviigte</span> <span class='ocrx_word' id='word_1_340' title='bbox 374 4058 569 4119; x_wconf 78' lang='lat' dir='ltr'>ergangcnem</span> <span class='ocrx_word' id='word_1_341' title='bbox 599 4040 817 4101; x_wconf 86' lang='lat' dir='ltr'>schrilltliclrern</span> <span class='ocrx_word' id='word_1_342' title='bbox 844 4042 988 4119; x_wconf 78' lang='lat' dir='ltr'>begcbren</span> <span class='ocrx_word' id='word_1_343' title='bbox 1016 4040 1105 4118; x_wconf 88' lang='lat' dir='ltr'>nacb)</span> <span class='ocrx_word' id='word_1_344' title='bbox 1135 4058 1172 4099; x_wconf 88' lang='lat' dir='ltr'>su</span> <span class='ocrx_word' id='word_1_345' title='bbox 1202 4042 1258 4099; x_wconf 89' lang='lat' dir='ltr'>mir</span> <span class='ocrx_word' id='word_1_346' title='bbox 1287 4038 1398 4101; x_wconf 87' lang='lat' dir='ltr'>naclrer</span> <span class='ocrx_word' id='word_1_347' title='bbox 1422 4040 1503 4099; x_wconf 79' lang='lat' dir='ltr'>binis</span> 
     </span>
     <span class='ocr_line' id='line_1_43' title="bbox 145 4125 1503 4204; baseline 0 -17"><span class='ocrx_word' id='word_1_348' title='bbox 145 4128 299 4189; x_wconf 87' lang='lat' dir='ltr'>lromrnen:</span> <span class='ocrx_word' id='word_1_349' title='bbox 324 4132 352 4187; x_wconf 91' lang='lat' dir='ltr'>in</span> <span class='ocrx_word' id='word_1_350' title='bbox 369 4128 530 4204; x_wconf 74' lang='lat' dir='ltr'>Hollnuug.</span> <span class='ocrx_word' id='word_1_351' title='bbox 552 4128 630 4189; x_wconf 86' lang='lat' dir='ltr'>nricb</span> <span class='ocrx_word' id='word_1_352' title='bbox 644 4144 681 4188; x_wconf 87' lang='lat' dir='ltr'>su</span> <span class='ocrx_word' id='word_1_353' title='bbox 703 4132 783 4190; x_wconf 90' lang='lat' dir='ltr'>einer</span> <span class='ocrx_word' id='word_1_354' title='bbox 797 4130 875 4189; x_wconf 91' lang='lat' dir='ltr'>raise</span> <span class='ocrx_word' id='word_1_355' title='bbox 897 4131 951 4189; x_wconf 87' lang='lat' dir='ltr'>mit</span> <span class='ocrx_word' id='word_1_356' title='bbox 965 4128 995 4188; x_wconf 90' lang='lat' dir='ltr'>Ir</span> <span class='ocrx_word' id='word_1_357' title='bbox 1017 4128 1093 4189; x_wconf 91' lang='lat' dir='ltr'>nacb</span> <span class='ocrx_word' id='word_1_358' title='bbox 1108 4127 1292 4203; x_wconf 76' lang='lat' dir='ltr'>biiweoberg</span> <span class='ocrx_word' id='word_1_359' title='bbox 1315 4126 1376 4187; x_wconf 82' lang='lat' dir='ltr'>and</span> <span class='ocrx_word' id='word_1_360' title='bbox 1398 4125 1503 4187; x_wconf 80' lang='lat' dir='ltr'>lamera</span> 
     </span>
     <span class='ocr_line' id='line_1_44' title="bbox 145 4214 1503 4295; baseline 0.001 -22"><span class='ocrx_word' id='word_1_361' title='bbox 145 4234 183 4275; x_wconf 81' lang='lat' dir='ltr'>su</span> <span class='ocrx_word' id='word_1_362' title='bbox 213 4218 413 4294; x_wconf 81' lang='lat' dir='ltr'>notwendiger</span> <span class='ocrx_word' id='word_1_363' title='bbox 444 4218 599 4277; x_wconf 80' lang='lat' dir='ltr'>assistente</span> <span class='ocrx_word' id='word_1_364' title='bbox 631 4218 661 4273; x_wconf 91' lang='lat' dir='ltr'>in</span> <span class='ocrx_word' id='word_1_365' title='bbox 683 4216 744 4277; x_wconf 92' lang='lat' dir='ltr'>Ircr</span> <span class='ocrx_word' id='word_1_366' title='bbox 773 4216 1001 4295; x_wconf 75' lang='lat' dir='ltr'>bochgelalrrten</span> <span class='ocrx_word' id='word_1_367' title='bbox 1030 4214 1088 4275; x_wconf 84' lang='lat' dir='ltr'>ancl</span> <span class='ocrx_word' id='word_1_368' title='bbox 1117 4224 1273 4293; x_wconf 74' lang='lat' dir='ltr'>pesperten</span> <span class='ocrx_word' id='word_1_369' title='bbox 1294 4214 1503 4291; x_wconf 63' lang='lat' dir='ltr'>racbtlilbruup</span> 
     </span>
     <span class='ocr_line' id='line_1_45' title="bbox 145 4302 356 4377; baseline 0.014 -16"><span class='ocrx_word' id='word_1_370' title='bbox 145 4320 182 4361; x_wconf 86' lang='lat' dir='ltr'>nu</span> <span class='ocrx_word' id='word_1_371' title='bbox 205 4302 356 4377; x_wconf 82' lang='lat' dir='ltr'>bersegen.</span> 
     </span>
    </p>

    <p class='ocr_par' dir='ltr' id='par_1_10' title="bbox 144 4386 1508 4907">
     <span class='ocr_line' id='line_1_46' title="bbox 251 4386 1505 4467; baseline -0.002 -17"><span class='ocrx_word' id='word_1_372' title='bbox 251 4389 319 4450; x_wconf 86' lang='lat' dir='ltr'>Vnd</span> <span class='ocrx_word' id='word_1_373' title='bbox 341 4390 400 4451; x_wconf 88' lang='lat' dir='ltr'>lrab</span> <span class='ocrx_word' id='word_1_374' title='bbox 420 4390 472 4449; x_wconf 89' lang='lat' dir='ltr'>Icir</span> <span class='ocrx_word' id='word_1_375' title='bbox 495 4389 587 4451; x_wconf 83' lang='lat' dir='ltr'>sowol</span> <span class='ocrx_word' id='word_1_376' title='bbox 611 4408 669 4450; x_wconf 84' lang='lat' dir='ltr'>sorr</span> <span class='ocrx_word' id='word_1_377' title='bbox 692 4390 721 4449; x_wconf 92' lang='lat' dir='ltr'>lr</span> <span class='ocrx_word' id='word_1_378' title='bbox 745 4390 805 4449; x_wconf 84' lang='lat' dir='ltr'>und</span> <span class='ocrx_word' id='word_1_379' title='bbox 827 4393 942 4453; x_wconf 87' lang='lat' dir='ltr'>meinen</span> <span class='ocrx_word' id='word_1_380' title='bbox 965 4390 1229 4467; x_wconf 76' lang='lat' dir='ltr'>Gcsebrristcrigen</span> <span class='ocrx_word' id='word_1_381' title='bbox 1250 4388 1425 4449; x_wconf 82' lang='lat' dir='ltr'>sebrillllicb</span> <span class='ocrx_word' id='word_1_382' title='bbox 1448 4386 1505 4447; x_wconf 78' lang='lat' dir='ltr'>rull</span> 
     </span>
     <span class='ocr_line' id='line_1_47' title="bbox 144 4475 1505 4557; baseline 0.001 -22"><span class='ocrx_word' id='word_1_383' title='bbox 144 4475 323 4552; x_wconf 82' lang='lat' dir='ltr'>milucltlicb,</span> <span class='ocrx_word' id='word_1_384' title='bbox 355 4477 400 4537; x_wconf 90' lang='lat' dir='ltr'>als</span> <span class='ocrx_word' id='word_1_385' title='bbox 424 4478 501 4539; x_wconf 88' lang='lat' dir='ltr'>anob</span> <span class='ocrx_word' id='word_1_386' title='bbox 523 4495 582 4539; x_wconf 84' lang='lat' dir='ltr'>von</span> <span class='ocrx_word' id='word_1_387' title='bbox 605 4478 732 4540; x_wconf 91' lang='lat' dir='ltr'>anderen</span> <span class='ocrx_word' id='word_1_388' title='bbox 756 4477 1019 4557; x_wconf 81' lang='lat' dir='ltr'>vnpnrthepiscbcn</span> <span class='ocrx_word' id='word_1_389' title='bbox 1043 4476 1248 4537; x_wconf 88' lang='lat' dir='ltr'>ebrlicbenden</span> <span class='ocrx_word' id='word_1_390' title='bbox 1268 4492 1416 4555; x_wconf 81' lang='lat' dir='ltr'>personent</span> <span class='ocrx_word' id='word_1_391' title='bbox 1439 4492 1505 4537; x_wconf 81' lang='lat' dir='ltr'>ser·</span> 
     </span>
     <span class='ocr_line' id='line_1_48' title="bbox 145 4560 1508 4642; baseline 0.001 -21"><span class='ocrx_word' id='word_1_392' title='bbox 145 4582 299 4637; x_wconf 81' lang='lat' dir='ltr'>neminen,</span> <span class='ocrx_word' id='word_1_393' title='bbox 333 4564 543 4627; x_wconf 73' lang='lat' dir='ltr'>cessiones</span> <span class='ocrx_word' id='word_1_394' title='bbox 572 4568 739 4642; x_wconf 83' lang='lat' dir='ltr'>lmpuiirton</span> <span class='ocrx_word' id='word_1_395' title='bbox 768 4566 904 4625; x_wconf 88' lang='lat' dir='ltr'>Criminis</span> <span class='ocrx_word' id='word_1_396' title='bbox 927 4566 1069 4627; x_wconf 85' lang='lat' dir='ltr'>Veneficii</span> <span class='ocrx_word' id='word_1_397' title='bbox 1098 4572 1186 4639; x_wconf 77' lang='lat' dir='ltr'>ganta</span> <span class='ocrx_word' id='word_1_398' title='bbox 1216 4562 1412 4641; x_wconf 68' lang='lat' dir='ltr'>vnscltuldip,</span> <span class='ocrx_word' id='word_1_399' title='bbox 1448 4560 1508 4623; x_wconf 82' lang='lat' dir='ltr'>sud</span> 
     </span>
     <span class='ocr_line' id='line_1_49' title="bbox 145 4650 1506 4729; baseline 0.001 -20"><span class='ocrx_word' id='word_1_400' title='bbox 145 4652 207 4711; x_wconf 90' lang='lat' dir='ltr'>sicb</span> <span class='ocrx_word' id='word_1_401' title='bbox 227 4652 312 4728; x_wconf 85' lang='lat' dir='ltr'>jeder</span> <span class='ocrx_word' id='word_1_402' title='bbox 326 4653 405 4711; x_wconf 82' lang='lat' dir='ltr'>Zoitt</span> <span class='ocrx_word' id='word_1_403' title='bbox 427 4656 483 4714; x_wconf 86' lang='lat' dir='ltr'>wie</span> <span class='ocrx_word' id='word_1_404' title='bbox 506 4656 586 4715; x_wconf 91' lang='lat' dir='ltr'>einer</span> <span class='ocrx_word' id='word_1_405' title='bbox 602 4654 795 4715; x_wconf 81' lang='lat' dir='ltr'>Cbrbtlicben</span> <span class='ocrx_word' id='word_1_406' title='bbox 819 4653 1024 4715; x_wconf 87' lang='lat' dir='ltr'>cbrlicbonden</span> <span class='ocrx_word' id='word_1_407' title='bbox 1049 4654 1163 4714; x_wconf 86' lang='lat' dir='ltr'>Fraucn</span> <span class='ocrx_word' id='word_1_408' title='bbox 1186 4654 1292 4729; x_wconf 78' lang='lat' dir='ltr'>gepiirt</span> <span class='ocrx_word' id='word_1_409' title='bbox 1314 4652 1407 4727; x_wconf 77' lang='lat' dir='ltr'>(soril</span> <span class='ocrx_word' id='word_1_410' title='bbox 1430 4650 1506 4713; x_wconf 73' lang='lat' dir='ltr'>nach</span> 
     </span>
     <span class='ocr_line' id='line_1_50' title="bbox 146 4736 1506 4819; baseline 0.001 -22"><span class='ocrx_word' id='word_1_411' title='bbox 146 4740 356 4801; x_wconf 88' lang='lat' dir='ltr'>manschlicber</span> <span class='ocrx_word' id='word_1_412' title='bbox 370 4740 583 4802; x_wconf 86' lang='lat' dir='ltr'>scbrsacbbaitt</span> <span class='ocrx_word' id='word_1_413' title='bbox 600 4742 742 4819; x_wconf 73' lang='lat' dir='ltr'>mliplicb)</span> <span class='ocrx_word' id='word_1_414' title='bbox 765 4741 926 4805; x_wconf 85' lang='lat' dir='ltr'>verbaltcn.</span> <span class='ocrx_word' id='word_1_415' title='bbox 965 4742 1028 4801; x_wconf 80' lang='lat' dir='ltr'>llos</span> <span class='ocrx_word' id='word_1_416' title='bbox 1043 4742 1115 4801; x_wconf 89' lang='lat' dir='ltr'>abar</span> <span class='ocrx_word' id='word_1_417' title='bbox 1129 4740 1180 4801; x_wconf 87' lang='lat' dir='ltr'>Sie</span> <span class='ocrx_word' id='word_1_418' title='bbox 1200 4740 1257 4817; x_wconf 76' lang='lat' dir='ltr'>bey</span> <span class='ocrx_word' id='word_1_419' title='bbox 1272 4737 1335 4798; x_wconf 88' lang='lat' dir='ltr'>Irer</span> <span class='ocrx_word' id='word_1_420' title='bbox 1349 4736 1506 4817; x_wconf 72' lang='lat' dir='ltr'>beelsgtes</span> 
     </span>
     <span class='ocr_line' id='line_1_51' title="bbox 148 4824 1507 4907; baseline 0.001 -20"><span class='ocrx_word' id='word_1_421' title='bbox 148 4828 324 4907; x_wconf 76' lang='lat' dir='ltr'>siderpartb</span> <span class='ocrx_word' id='word_1_422' title='bbox 346 4830 376 4889; x_wconf 92' lang='lat' dir='ltr'>iu</span> <span class='ocrx_word' id='word_1_423' title='bbox 390 4826 511 4890; x_wconf 88' lang='lat' dir='ltr'>solcbao</span> <span class='ocrx_word' id='word_1_424' title='bbox 533 4830 626 4891; x_wconf 77' lang='lat' dir='ltr'>bisen</span> <span class='ocrx_word' id='word_1_425' title='bbox 641 4828 791 4891; x_wconf 83' lang='lat' dir='ltr'>Verdacbt</span> <span class='ocrx_word' id='word_1_426' title='bbox 812 4828 957 4907; x_wconf 82' lang='lat' dir='ltr'>kommarr,</span> <span class='ocrx_word' id='word_1_427' title='bbox 980 4830 1038 4891; x_wconf 79' lang='lat' dir='ltr'>lan</span> <span class='ocrx_word' id='word_1_428' title='bbox 1052 4828 1106 4891; x_wconf 90' lang='lat' dir='ltr'>lcb</span> <span class='ocrx_word' id='word_1_429' title='bbox 1127 4844 1198 4889; x_wconf 86' lang='lat' dir='ltr'>ausa</span> <span class='ocrx_word' id='word_1_430' title='bbox 1219 4824 1412 4907; x_wconf 65' lang='lat' dir='ltr'>srlorscbunp</span> <span class='ocrx_word' id='word_1_431' title='bbox 1432 4826 1507 4889; x_wconf 74' lang='lat' dir='ltr'>stiur</span> 
     </span>
    </p>
   </div>
   <div class='ocr_carea' id='block_1_7' title="bbox 0 0 1658 5534">
    <p class='ocr_par' dir='ltr' id='par_1_11' title="bbox 0 0 1658 5534">
     <span class='ocr_line' id='line_1_52' title="bbox 0 0 1658 5534; baseline 0 1"><span class='ocrx_word' id='word_1_432' title='bbox 0 0 1658 5534; x_wconf 95' lang='lat' dir='ltr'> </span> 
     </span>
    </p>
   </div>
  </div>
 </body>
</html>
