3308 5534
462 422 575 498 Keplori
590 424 732 484 linsamo
748 423 839 484 striis
854 431 884 484 ot
901 422 1033 484 noemae
1333 422 1419 493 1009

62 601 146 663 mam
169 601 317 682 colligari3
346 602 472 683 denique
496 607 526 664 in
549 604 619 667 Solo
644 604 771 678 ennom,
798 603 942 682 palatium
969 614 999 666 et
1024 604 1203 681 praetorium
1228 620 1282 663 sen
1306 605 1420 680 regiam

64 706 134 752 cose
156 693 247 752 totius
269 693 352 769 regni
374 702 495 754 naturae
499 735 628 756 ......
677 691 792 770 Siqua
819 709 902 753 mens
925 711 961 754 ex
984 691 1053 753 Sole
1083 693 1225 769 prospicit
1251 691 1420 752 harmonius

62 778 155 852 istas,
183 778 228 838 illl
250 779 358 841 desunt
379 779 559 840 adminicula
580 787 679 841 motus
701 787 731 840 et
752 782 914 840 stationum
944 779 1126 840 diversarum
1153 778 1233 839 sedis
1261 796 1350 854 snae,
1382 796 1421 841 ex

64 865 176 941 quihus
199 874 298 927 neuim
321 868 561 929 ratiocinationes
583 876 613 930 et
635 866 800 940 discursus,
831 868 995 933 intervallis
1024 867 1209 945 planetarum
1232 864 1420 928 dimetiendis

63 956 278 1015 nummarios!
296 955 386 1015 -In
402 956 584 1032 Epitome
599 956 904 1030 (tore—1621)sio
919 956 1049 1031 loquitur
1063 954 1222 1031 Keplerns:
1248 957 1420 1034 „Animam

65 1040 100 1099 iu
122 1056 245 1118 corpore
267 1041 345 1102 Solis
369 1045 466 1104 inesse
487 1059 628 1119 magnum
649 1050 854 1119 argumentum
877 1041 995 1103 ducitur
1009 1060 1028 1102 a
1043 1044 1166 1105 matoria
1184 1043 1315 1118 corporis
1337 1042 1420 1119 ejus·

63 1144 125 1205 (με
146 1127 376 1204 illuminatione,
407 1148 484 1207 quae
513 1129 632 1190 ridetur
659 1146 725 1191 esse
753 1130 882 1206 qualitas
910 1138 974 1189 orta
1001 1131 1040 1190 uh
1067 1131 1272 1190 informatione
1303 1132 1419 1191 animae

63 1212 277 1277 valentissima.
317 1220 454 1277 Animam
478 1226 577 1278 antem
591 1219 691 1294 potins
712 1214 899 1278 statuendam
922 1234 987 1277 esse
1009 1226 1091 1294 pnto,
1115 1236 1203 1293 qnam
1226 1219 1349 1277 formam
1372 1220 1420 1275 in-

65 1304 210 1377 animam‚
234 1307 305 1381 quia
327 1323 362 1363 ex
386 1304 567 1364 macularum
589 1306 620 1362 in
642 1303 713 1364 Sole
736 1312 802 1364 ortu
824 1311 854 1364 et
876 1303 1059 1364 discussione
1086 1322 1181 1381 exque
1203 1303 1420 1364 illuminatione

52 1390 217 1466 'haeqoali
240 1393 367 1468 partium
390 1392 455 1468 ejus
470 1391 653 1452 diversarum
667 1389 792 1452 dirersis
815 1393 997 1468 temporibus
1012 1400 1143 1468 apparet,
1167 1409 1225 1450 non
1241 1409 1330 1452 unam
1347 1408 1420 1452 con-

63 1478 179 1537 tinuam
203 1485 232 1537 ct
253 1488 395 1556 perpetuo
419 1481 591 1539 uniformem
614 1496 679 1538 esse
694 1479 842 1556 energiam
858 1480 888 1535 in
903 1481 1039 1538 omnibus
1055 1481 1184 1554 corporis
1207 1478 1311 1538 solaris
1325 1481 1420 1556 parti·

66 1562 135 1627 bus.
171 1563 242 1642 Ipsa
264 1569 354 1626 etiam
376 1567 426 1627 lux
450 1574 609 1644 cognatum
631 1565 701 1641 qnid
725 1573 771 1626 est
793 1567 909 1625 animae
927 1609 934 1624 .
951 1612 959 1628 .
976 1609 1008 1626 ..
1033 1564 1137 1641 ltaqne'
1156 1583 1261 1643 corpus
1277 1567 1366 1640 Solio,
1389 1569 1421 1627 ln

62 1666 127 1727 quo
146 1650 198 1710 lux
221 1653 330 1714 insidet
359 1655 555 1731 originaliter,
586 1660 816 1713 consentaneum
847 1661 892 1712 est
914 1656 1013 1712 anima
1034 1652 1200 1730 praeditam
1229 1671 1310 1729 esse,
1342 1671 1420 1730 qnae

64 1736 305 1800 inflammationis
334 1740 414 1800 illins
442 1749 559 1815 auctor,
590 1746 689 1799 custos
718 1747 747 1799 et
774 1742 970 1800 continuatrix
997 1741 1045 1800 sit.
1090 1740 1151 1801 Nec
1182 1739 1263 1801 aliud
1293 1741 1419 1802 suadere

65 1823 185 1887 ridetur
206 1826 285 1887 Solis
309 1824 436 1888 officinm
459 1832 488 1887 in
511 1827 631 1901 mundo,
655 1834 688 1886 ut
709 1827 786 1886 sient
809 1830 907 1888 omnia
930 1827 1147 1889 illuminaturus
1169 1826 1266 1889 lucem
1287 1838 1333 1890 cst
1354 1846 1420 1890 sor·-

64 1914 141 1974 oros
162 1915 191 1971 in
214 1930 268 1974 sno
292 1932 422 1993 corpore,
445 1917 488 1975 sic
511 1917 610 1974 omnia
633 1913 824 1973 calefactoms
840 1914 975 1990 calorem,
1000 1916 1098 1974 omnia
1114 1917 1308 1975 ririfaotorns
1326 1919 1419 1977 vitam

67 2001 160 2061 olium
183 2003 245 2078 lpse
269 2003 467 2079 corporalem,
499 2004 598 2061 omnia
619 2009 751 2060 moturus
779 2003 954 2078 principium
977 2010 1006 2062 et
1028 2005 1091 2078 ipse
1114 2011 1212 2062 moins
1236 2006 1330 2063 etsie
1353 2005 1420 2064 ani·

67 2104 149 2147 mam
173 2090 201 2146 in
224 2105 256 2147 se
280 2089 397 2149 haheat.
429 2089 476 2149 Ad
500 2097 597 2148 motus
620 2105 690 2149 vero
713 2088 814 2148 munia
834 2088 907 2147 nihil
930 2107 1006 2166 opus
1028 2098 1073 2149 est
1087 2098 1193 2149 mente.
1231 2089 1308 2150 Nam
1322 2090 1420 2168 plaga,

64 2175 98 2233 io
113 2190 203 2250 qoam
225 2175 356 2236 volvitur
370 2176 432 2251 Sol,
456 2185 501 2237 est
521 2177 647 2253 optimo
670 2192 768 2235 rerum
788 2184 902 2250 exortu,
926 2177 1092 2236 constantia
1114 2194 1183 2236 reto
1208 2177 1369 2238 volutionis
1393 2185 1422 2238 ot

64 2261 210 2339 periodici
233 2265 372 2340 temporis
396 2262 543 2341 dependet
565 2281 583 2322 a
605 2265 792 2339 proportione
816 2266 962 2324 constanti
984 2266 1134 2341 potentiae
1149 2267 1278 2324 metricis
1293 2264 1331 2324 ad
1349 2281 1423 2326 con·

65 2350 226 2409 touuciam
248 2353 398 2413 materiae.
441 2350 512 2428 lpse
533 2353 683 2427 prensatlo
706 2367 861 2427 corporum
883 2351 1121 2427 planetariorum,
1144 2368 1219 2426 quos
1233 2351 1286 2412 Sol
1308 2360 1422 2413 rotatus

65 2436 250 2513 oirenmnglt‚
275 2437 436 2516 corporalis
458 2446 503 2498 eet
527 2440 629 2510 virtus,
652 2454 712 2496 non
734 2437 880 2510 animalis,
903 2455 961 2498 non
985 2439 1131 2497 mentalis.
1162 2438 1263 2498 Virtus
1286 2442 1333 2499 sui
1356 2457 1423 2500 cor-

66 2524 152 2601 poris
175 2541 210 2583 eo
234 2525 308 2601 ipso,
332 2525 412 2602 qood
435 2532 481 2586 est
502 2527 616 2602 species
638 2526 778 2602 eorporis,
801 2542 861 2583 una
883 2542 948 2585 cum
965 2542 1086 2603 corpore
1101 2524 1180 2585 Solis
1196 2533 1308 2586 rotatur
1331 2529 1423 2586 instar

64 2609 246 2687 rapidissimi
263 2615 391 2685 vorticis,
415 2619 507 2672 totam
524 2614 661 2672 circuitos
676 2611 908 2688 amplitudinem,
930 2611 969 2673 ad
991 2620 1249 2689 quantamcunque
1272 2615 1423 2691 pertingit,

63 2714 163 2775 usqne
186 2697 318 2760 celeriter
340 2717 505 2777 pervagans
538 2708 647 2776 „atque
669 2698 721 2759 Sol
747 2702 957 2777 angustissimo
985 2717 1041 2759 suo
1064 2700 1161 2776 spatio
1184 2702 1262 2761 circa
1293 2711 1423 2762 centrum

63 2802 100 2846 ιο
122 2783 298 2847 conuertit“.
318 2820 355 2832 -
373 2787 442 2846 hlio
465 2786 532 2847 loco
548 2786 709 2862 Epitomes,
734 2800 793 2862 quo
807 2794 905 2848 motus
920 2786 1104 2863 planetarum
1128 2796 1161 2847 nt
1175 2790 1255 2864 prins
1271 2790 1301 2847 in
1317 2789 1424 2871 Astro-

64 2873 168 2933 nomla
193 2887 277 2934 ‘nora
305 2883 333 2934 et
359 2874 523 2933 Harmonia
553 2892 604 2950 per
633 2870 822 2954 „filamenta“
852 2873 914 2951 (vel
943 2870 1085 2954 „libras“)
1112 2876 1286 2951 magneticis
1315 2874 1424 2936 similia

62 2959 248 3022 attrahentia
270 2969 299 3021 et
315 2961 487 3038 repellentia
511 2960 659 3038 explicare
673 2958 796 3033 studuit,
820 2963 971 3036 quaerenti
995 2965 1153 3038 opponenti
1177 2962 1342 3039 respondit:
1369 2963 1423 3043 „In

67 3062 196 3123 corpore
218 3046 299 3107 Solis
320 3049 445 3108 admitto
469 3051 611 3120 animam,
636 3048 813 3124 praefectam
837 3049 1029 3108 turbinationi
1051 3048 1130 3108 Solis
1153 3052 1301 3127 totiusque
1325 3059 1422 3109 motus

63 3133 211 3195 mundani
234 3134 487 3213 dispensatricem,
508 3153 563 3196 nec
585 3135 758 3211 simpliciter
770 3137 877 3212 negavi
893 3152 930 3195 ne
946 3134 983 3196 de
998 3137 1170 3213 corporibus
1186 3137 1303 3213 quidem
1318 3137 1424 3214 plane·

63 3230 165 3283 tarum
189 3224 302 3282 animas
332 3225 481 3299 singulas,
511 3222 703 3282 turbinationi
731 3220 850 3298 quidem
880 3239 1033 3299 corporum
1063 3224 1237 3300 praefectae.
1283 3225 1424 3285 Sufficers

64 3307 186 3371 videtur
207 3311 322 3386 ppecies
344 3312 419 3384 ista,
444 3316 476 3369 ut
498 3309 588 3384 lucio,
619 3317 653 3368 nt
675 3306 797 3383 caloris,
821 3312 864 3370 sie
887 3312 976 3369 etiam
999 3313 1025 3368 si
1046 3311 1146 3388 placet
1167 3314 1284 3374 animae
1307 3312 1423 3387 solaris,

60 3412 129 3457 una
150 3412 216 3456 cnm
239 3396 305 3457 lnce
329 3406 359 3456 et
380 3395 476 3456 calore
500 3398 608 3456 emissa
630 3404 660 3456 et
682 3403 838 3472 penetrans
860 3413 897 3457 eo
920 3399 1019 3471 etiam,
1042 3398 1119 3458 undo
1141 3397 1193 3458 lux
1216 3409 1246 3459 et
1268 3399 1348 3459 calor
1370 3418 1424 3458 ex·

62 3481 241 3558 cluduntur,
265 3501 305 3544 sc.
328 3487 359 3543 in
382 3483 470 3543 fibrae
493 3500 648 3560 corporum
670 3481 829 3544 interrras.“
876 3484 910 3543 ln
933 3485 1022 3558 libro,
1052 3503 1139 3561 quem
1167 3489 1315 3564 inscripsit
1337 3487 1423 3563 Kep-

60 3570 148 3632 ltrns
171 3568 366 3649 'Pythonis
390 3570 705 3649 Hyperaopistes
728 3574 844 3647 (1619)
867 3571 941 3631 haec
962 3573 1046 3632 affert
1069 3573 1105 3632 de
1128 3572 1269 3649 planetis:
1302 3573 1424 3654 „Motus

66 3674 175 3719 omnes
197 3659 287 3719 tribui
309 3658 406 3735 globis
430 3661 502 3735 ipsis
525 3657 707 3727 lucentibus,
737 3658 845 3735 quihus
868 3666 958 3718 restat
980 3659 1058 3729 nihil
1082 3659 1163 3718 alind
1187 3660 1267 3737 quod
1290 3678 1343 3719 eos
1367 3663 1423 3718 im-

64 3744 242 3825 pellatlnisi
265 3755 370 3805 natura
392 3734 540 3825 (coelestis
563 3745 614 3804 illa
630 3744 748 3821 quidem
764 3743 875 3825 sectae)
899 3764 1065 3822 causaeque
1081 3749 1186 3823 partim
1205 3750 1311 3808 insitae
1327 3748 1424 3807 mobi-

61 3832 158 3904 libus,
181 3834 287 3909 partim
309 3851 328 3894 a
350 3841 463 3894 motoro
486 3833 576 3909 globo
591 3834 772 3893 extrinsecus
786 3832 977 3908 accedentes;
1000 3833 1150 3893 naturales
1173 3843 1323 3910 utraeque,
1348 3852 1425 3911 qna·

60 3936 134 3980 rum
155 3920 231 3980 inter
253 3938 284 3980 se
308 3923 494 3981 contentione
517 3928 619 3979 mutua
634 3918 668 3977 fit
682 3921 1061 3996 necessitategeometrica,
1086 3928 1118 3980 nt
1132 3924 1232 3999 passio
1249 3922 1309 3994 illa,
1334 3939 1423 3997 qoam

60 4008 361 4084 encomgyratronem
392 4007 532 4082 dicimus,
564 4007 735 4083 corporibus
764 4006 824 4067 illis
855 4009 1037 4083 imprimatur
1067 4009 1249 4069 uniformiter
1271 4009 1422 4082 difformis,

59 4111 185 4170 semper
212 4094 325 4156 scilicet
354 4097 384 4153 ln
406 4095 524 4172 aphelio
547 4095 647 4169 tarda,
678 4111 793 4172 semper
815 4096 845 4153 in
867 4095 1009 4172 perihelio
1042 4096 1146 4171 velox,
1177 4104 1256 4157 certa
1286 4099 1426 4174 utrinqne

58 4198 214 4243 mensura.

175 4267 231 4328 llis
254 4288 331 4346 qnae
356 4288 391 4330 er
414 4269 536 4347 Kepleri
559 4271 650 4329 variis
672 4269 755 4327 libris
778 4267 983 4343 desnmsimus,
1008 4271 1116 4346 quihus
1139 4271 1199 4329 rim
1221 4273 1374 4330 matricem
1396 4272 1426 4329 in

60 4352 155 4418 coelo
178 4355 350 4434 explicaret,
382 4357 570 4434 adjungimus
594 4373 645 4430 ea,
677 4374 753 4432 quac
782 4358 811 4413 in
842 4354 918 4415 libro
947 4356 983 4416 de
1007 4356 1131 4418 Marte
1159 4360 1285 4418 tentarit
1309 4357 1347 4416 ad
1370 4357 1426 4418 ad·

62 4442 242 4506 struendam
264 4444 444 4524 hypothesin
468 4444 505 4504 do
530 4447 559 4503 vi
582 4445 708 4504 motoria
731 4442 795 4503 Soli
816 4444 905 4502 insita
929 4451 957 4504 ot
980 4443 1040 4518 illa,
1065 4462 1125 4521 qua
1140 4443 1280 4521 planetae
1303 4445 1374 4504 huic
1397 4445 1427 4503 vi

60 4531 218 4593 resistent
310 4573 315 4582 .

175 4617 350 4678 Rationibns
374 4616 603 4679 irrefutabilibos
627 4617 857 4677 demonstratum
882 4635 946 4677 esse
970 4636 988 4677 a
1011 4635 1043 4677 se
1060 4618 1219 4692 contendit,
1243 4616 1428 4695 planetarum

62 4707 222 4767 mortain
246 4706 348 4767 orbitis
370 4707 432 4765 suis
455 4722 520 4765 esse
543 4706 572 4762 in
596 4722 632 4764 ea
654 4706 853 4782 proportione,
877 4707 906 4762 in
931 4722 991 4781 qna
1012 4704 1129 4765 illorum
1153 4707 1312 4765 distantiae
1334 4707 1428 4765 sinta

61 4800 191 4873 puncto,
213 4793 292 4870 qnod
307 4811 359 4870 pro
376 4799 476 4853 centro
491 4792 593 4852 mnndi
608 4793 775 4852 assumitur.
808 4789 982 4868 (Optionem
998 4810 1114 4870 semper
1131 4792 1182 4853 dat
1196 4795 1308 4867 lectori,
1332 4800 1429 4853 utrum

65 4881 269 4959 Gopemionm
291 4898 329 4941 an
351 4879 523 4959 Tychonom
545 4882 632 4957 sequi
653 4878 741 4953 velit,
772 4896 809 4940 ne
831 4877 975 4942 ecclesiae
996 4882 1158 4942 auctoritas
1182 4880 1258 4942 libro
1280 4897 1336 4942 sao
1356 4896 1429 4959 pro·

121 4982 221 5034 &plari
233 4981 310 5034 opera
318 4980 385 5035 5111.
1185 4982 1220 5039 65
