3308 5534
146 394 213 465 120
695 394 786 453 Notas
801 395 828 451 J.
845 393 958 465 Keplerl

144 571 271 644 thegania
289 576 318 625 st
336 570 409 627 diuis
426 576 456 627 et
471 570 627 641 leporibus
650 572 769 642 oppositi
793 570 881 629 litoris
898 588 978 629 asam
1004 574 1099 630 eodem
1117 574 1263 631 vicinitatis
1277 576 1342 645 jure
1360 590 1416 633 non
1434 576 1506 633 tliltl·

145 654 235 710 culter
252 650 407 721 largiemur.
444 648 585 705 Plutarchi
603 650 713 719 quidem
729 650 865 705 modestia
882 662 937 723 est,
961 654 1035 723 quod
1053 670 1100 709 ors
1118 654 1209 723 Syllae
1226 654 1296 711 nihil
1314 656 1368 711 uisi
1387 656 1509 713 tabulam

146 734 305 805 profitetur3
323 737 353 786 at
369 730 462 786 hercle
479 729 525 785 hic
542 730 683 801 ingressus
701 736 730 785 et
746 731 934 801 topographia,
955 750 1036 801 quam
1054 734 1137 789 rebus
1155 734 1222 803 ipsis
1240 749 1389 789 eousoaam
1407 736 1510 791 inveni-

146 830 217 881 mus,
235 812 281 867 vix
300 818 351 879 est,
369 816 401 864 ut
417 825 435 864 a
451 824 527 863 mera
544 808 672 875 fingentis
689 809 816 865 libertate
834 812 990 866 concinnari
1009 812 1037 865 in
1056 811 1130 867 huna
1147 812 1256 866 modum
1275 814 1408 883 potuerit.
1440 816 1510 869 Con·

147 894 259 949 firmant
276 890 349 946 enim
367 890 401 945 de
420 888 532 943 Graecis
550 886 734 941 narrationem
752 896 780 943 et
798 888 861 946 alia.
896 889 958 944 dam
976 890 1079 945 (ludum
1098 890 1172 945 docti
1189 892 1342 959 allegarunt
1360 894 1511 961 navigatio·

147 990 198 1031 ues
216 968 471 1039 Carthaginensium
489 982 538 1023 seu
556 966 715 1035 Tyriorum,
733 984 803 1037 quos
821 968 895 1021 haud
913 968 993 1023 facile
1016 969 1078 1039 quia
1096 988 1113 1025 a
1131 972 1295 1025 Graecorum
1314 972 1450 1027 societate
1467 972 1511 1027 hie

148 1052 308 1120 exciuntur,
327 1048 472 1119 legemque
491 1045 607 1113 Reipub.
626 1052 763 1101 vetantem
775 1047 846 1103 hane
858 1050 1112 1119 peregrinationem.
1136 1052 1175 1107 Et
1192 1056 1302 1105 exstant
1314 1051 1410 1119 aliqua
1422 1054 1512 1129 gentis

149 1134 313 1189 documenta
330 1130 358 1185 in
370 1128 526 1197 Nicaragua
538 1124 686 1193 prouincia,
704 1142 775 1194 quae
794 1128 859 1195 quia
877 1127 983 1181 duobus
996 1127 1102 1181 isthmia
1114 1130 1238 1193 angustis
1251 1146 1285 1183 ex
1297 1136 1416 1197 utraque
1429 1130 1511 1199 plaga

148 1212 279 1273 conclusa
296 1218 325 1265 et
341 1208 426 1263 relati
444 1205 614 1274 strangulata
630 1214 674 1261 est
691 1204 826 1274 facileque
838 1204 945 1261 delendi
958 1206 1055 1273 potuit.
1073 1206 1241 1261 habitatores
1259 1222 1366 1262 omnem
1384 1192 1511 1263 viciniam

148 1293 277 1351 hostilem
295 1290 432 1353 iecerunt,
450 1287 568 1356 praedas
586 1284 726 1339 hominum
738 1302 820 1355 agere
833 1302 921 1354 exque
938 1287 971 1341 iis
992 1287 1141 1354 quotannis
1159 1285 1193 1340 ad
1212 1288 1248 1343 20
1259 1288 1343 1341 millia
1361 1304 1510 1355 puerorum

150 1374 202 1429 diis
225 1368 365 1425 immolare
389 1373 454 1421 sunt
477 1364 559 1420 soliti.
596 1362 628 1417 ld
650 1379 714 1418 t'ero
734 1366 938 1419 Canariaeorum
962 1364 1159 1435 Tyriorumqae
1182 1368 1405 1435 superstitionem
1430 1370 1512 1437 sapit,

150 1452 198 1523 qui
217 1450 270 1505 diis
288 1448 346 1503 suis
364 1443 474 1501 Moloch
494 1442 623 1509 (Saturno
643 1444 767 1499 nimirum
786 1444 849 1497 huic
867 1446 1025 1513 puerivero,
1050 1444 1097 1511 qui
1120 1444 1201 1511 lupus
1224 1454 1266 1499 est
1285 1446 1313 1501 iu
1335 1444 1390 1501 hac
1406 1444 1513 1515 tabula)

150 1540 179 1589 et
197 1530 315 1585 Chamos
333 1528 409 1593 (puto
429 1524 574 1577 llammoni
591 1532 689 1590 postea
707 1522 810 1591 Libyco
838 1523 974 1591 propriam
989 1523 1160 1591 juventutem
1179 1524 1365 1581 immolabant.
1401 1524 1511 1581 liabent

149 1612 178 1666 iu
196 1610 323 1663 Peruana
340 1612 369 1658 et
387 1600 593 1657 trislraedecatla
611 1602 716 1656 dierum
734 1616 767 1655 eo
786 1602 813 1659 iu
831 1616 892 1661 usu.
911 1604 938 1655 in
957 1618 1011 1669 quo
1030 1618 1080 1655 nos
1098 1602 1282 1661 hebdomada.
1301 1614 1330 1659 et
1341 1606 1458 1661 Graecis
1469 1606 1512 1661 hia

151 1708 186 1747 ex
203 1687 380 1755 librumbega
398 1684 426 1738 in
444 1682 560 1737 insulam
580 1682 690 1736 Saturni
710 1680 929 1749 exspatiantibus
947 1680 1055 1735 omnino
1080 1683 1210 1737 tredecim
1233 1684 1315 1740 etiam
1332 1700 1421 1741 annos
1440 1702 1513 1741 eom·

151 1765 314 1824 morandum
331 1763 418 1817 luisse
435 1760 511 1829 legis.
549 1760 691 1815 Tredeeim
709 1774 773 1813 rero
792 1762 877 1814 octies
895 1766 984 1815 sumta
1002 1760 1106 1815 faciunt
1127 1763 1189 1829 tol,
1209 1778 1350 1818 numerum
1369 1764 1512 1833 Carthagi·

152 1844 278 1903 mensium
297 1848 454 1898 senatorum
473 1838 545 1909 apud
563 1837 737 1893 Aristotelem
755 1838 784 1891 in
802 1838 927 1907 politicis.

257 1921 307 1978 llis
325 1920 409 1989 adde,
434 1934 506 1987 quas
528 1917 563 1971 de
580 1914 734 1971 l'rislandia
756 1916 783 1969 in
806 1916 905 1971 tabulis
931 1919 1161 1988 cosmographieis
1184 1929 1295 1976 uamaut
1319 1922 1462 1975 Mercator
1484 1930 1513 1975 et

154 2000 286 2059 Ortelius:
305 2000 405 2055 famam
423 1996 482 2053 scil.
501 2000 529 2051 in
547 2012 580 2051 ea
598 1997 633 2051 de
650 1995 792 2049 Amemeae
814 1998 971 2051 continente
993 2006 1020 2051 ct
1038 1998 1236 2065 navigationem
1255 2000 1283 2055 in
1300 2000 1515 2056 Estotilaudiam

152 2080 266 2137 Antonii
283 2078 351 2133 Zeni
368 2078 467 2131 Veneti
490 2076 541 2130 suh
565 2076 696 2143 auspiciis
713 2075 817 2129 Ziehmi
836 2076 919 2143 llegis
942 2076 1112 2131 l·'rislandiae
1136 2078 1341 2147 insularumque
1364 2080 1515 2134 vicinarum

155 2160 366 2225 bellicosiorem,
386 2154 430 2209 rel
447 2152 541 2209 seculo
559 2154 741 2223 antiquiorem
760 2156 901 2209 elmericus
920 2156 1074 2211 detectione
1093 2158 1144 2211 sub
1163 2158 1273 2225 regibus
1292 2158 1469 2213 Castellauis.

259 2238 328 2293 Cum
345 2250 410 2289 tero
424 2234 544 2288 Graecos
562 2232 624 2289 illos
642 2236 725 2290 certis
742 2249 874 2290 annornm
893 2236 1046 2289 interstitiis
1065 2252 1097 2291 ex
1116 2234 1164 2290 illa
1182 2237 1338 2291 continente
1356 2236 1392 2291 atl
1412 2236 1516 2291 insulas

153 2316 302 2374 orientales
319 2329 415 2369 tersus
426 2313 565 2380 Europam
578 2314 653 2367 exire
671 2322 770 2375 namet,
790 2314 899 2367 omnino
918 2315 996 2367 nobis
1009 2314 1219 2369 Greenlandiam
1232 2330 1266 2368 ex
1279 2314 1415 2369 brevitate
1427 2316 1517 2371 nemis

155 2398 276 2454 sestirae
294 2394 432 2459 designat,
456 2391 550 2445 addita
568 2400 595 2445 et
613 2394 750 2447 mentione
768 2393 850 2445 maris
874 2392 1005 2460 glacialis.
1043 2393 1086 2446 llx
1105 2394 1197 2447 multis
1215 2402 1306 2449 tamen
1324 2394 1434 2449 laciniis
1452 2410 1516 2449 con·

156 2486 246 2533 satam
263 2490 325 2531 esse
342 2482 434 2539 togam
452 2471 592 2538 existimo;
612 2486 674 2526 nam
686 2488 758 2541 quae
770 2472 895 2539 sequitur
906 2470 1054 2538 descriptio
1073 2472 1187 2541 insulae,
1205 2474 1279 2542 quod
1292 2472 1384 2527 cubile
1397 2474 1517 2529 Saturae

155 2554 279 2627 praebet,
298 2552 390 2623 potius
407 2550 584 2619 lliapaniolae
602 2552 740 2619 competit.

262 2636 307 2689 ed.
325 2628 540 2699 Magnitudinem
560 2644 624 2683 eece
642 2629 815 2697 continentis,
834 2628 926 2696 itaque
944 2627 1011 2682 nibil
1029 2628 1150 2689 dubium,
1168 2630 1319 2683 Amerieam
1338 2644 1411 2685 ease.

262 2714 306 2769 99.
324 2712 369 2765 Sic
393 2711 420 2764 in
439 2726 517 2765 sacro
540 2708 634 2763 codice
657 2708 795 2777 Europam
820 2718 941 2761 nostram
964 2704 1090 2761 hebraice
1114 2724 1252 2777 nunquam
1279 2708 1359 2765 aliter
1384 2712 1517 2767 nominari

157 2794 242 2863 rides,
261 2808 343 2861 qaam
362 2790 497 2845 communi
515 2790 623 2843 nornine
641 2788 746 2842 insulae
764 2788 894 2856 genitium,
913 2802 945 2839 eo
965 2786 1037 2854 quod
1057 2802 1090 2839 ex
1105 2788 1184 2856 Syria
1201 2795 1229 2843 et
1247 2788 1409 2857 Phoenicia,
1428 2792 1518 2859 patris

156 2872 321 2941 scriptorum
338 2884 492 2935 sacrorum,
516 2868 597 2935 vulgo
621 2882 675 2921 nou
699 2866 750 2920 nisi
768 2867 882 2921 naribus
905 2867 1028 2921 adeatur.
1065 2868 1110 2921 Sic
1128 2868 1333 2923 Scandinariam
1352 2878 1460 2925 ueteres
1478 2870 1517 2925 iu·

156 2953 245 3009 sulam
263 2966 324 3007 esse
342 2956 486 3017 putarunt.
510 2963 571 3001 eum
590 2948 759 3015 ignorarent,
783 2962 843 3001 eam
866 2946 894 2999 in
913 2946 1098 3013 septentrione
1116 2955 1143 3002 et
1162 2948 1267 3002 oriente
1291 2950 1444 3005 adhaerere
1463 2948 1518 3003 llu-

156 3046 242 3102 repae
258 3030 395 3097 Asiaeque
412 3026 625 3081 continentibus.

263 3110 324 3165 tau.
341 3108 450 3161 Taurus
468 3104 564 3159 Lunae
580 3120 631 3173 pro
649 3103 748 3158 throno
765 3102 909 3169 tribuitur;
935 3102 1044 3156 Saturni
1069 3104 1152 3171 igitur
1174 3104 1255 3158 stella
1277 3104 1306 3159 in
1325 3106 1421 3159 Lunae
1445 3104 1519 3159 exal·

157 3189 289 3247 tationem
306 3185 444 3251 ueniente,
471 3182 581 3238 lunares
605 3182 677 3249 genii
699 3182 727 3235 in
747 3180 858 3236 Saturni
882 3181 999 3236 insulam
1018 3200 1170 3239 commeare
1192 3184 1339 3249 linguntur.
1376 3184 1462 3251 tide,
1488 3194 1520 3239 ut

159 3268 299 3326 Somnium
316 3280 406 3321 meum
424 3262 506 3333 prlane
523 3262 551 3315 iu
569 3260 707 3315 indiuiduo
724 3260 894 3329 congruerit,
917 3278 972 3330 quo
994 3271 1118 3333 tempore
1136 3263 1171 3317 de
1189 3264 1328 3319 l'lutarehi
1352 3264 1406 3321 hoe
1423 3264 1520 3321 libelle

158 3366 210 3417 ego
228 3361 263 3401 ns
280 3344 476 3399 somniaveram
494 3342 612 3410 quidem.
636 3342 713 3409 th'ot.
732 3342 776 3397 13.
801 3348 830 3395 et
846 3338 880 3393 de
899 3338 1060 3398 daemonum
1079 3344 1327 3398 transcursionibus
1345 3342 1420 3399 altro
1439 3348 1520 3401 citro·

158 3442 212 3498 qtae
230 3432 287 3481 net.
307 3426 349 3489 03,
366 3426 398 3481 81
420 3432 448 3477 ct
465 3430 557 3489 seqqt

266 3506 325 3561 101.
343 3504 468 3571 Videtur,
487 3502 515 3554 in
527 3500 720 3555 Groeulandia.
751 3500 802 3553 llic
821 3500 892 3553 eirea
911 3500 1057 3554 solstitium
1075 3502 1206 3555 aestiuum
1219 3499 1266 3555 Sol
1285 3502 1351 3557 totis
1369 3502 1406 3555 30
1419 3506 1517 3561 diebus

158 3588 231 3645 iutra
247 3586 418 3642 horizontem
431 3592 623 3647 commoratur,
641 3580 731 3634 minus
750 3594 830 3647 quam
849 3594 904 3635 una
915 3579 943 3631 in
956 3579 1078 3647 singulos
1091 3580 1166 3633 horo.
1191 3580 1258 3635 l'ide
1270 3588 1363 3636 notam
1382 3584 1517 3653 prolixam

159 3668 283 3739 proxime
300 3662 488 3735 praemissam.

265 3747 327 3802 ld'l.
350 3742 466 3811 Qualem
490 3747 556 3793 tunc
580 3738 663 3793 uitam
688 3738 870 3793 academicam
894 3736 1020 3790 virebant
1043 3736 1154 3791 Graeci.
1181 3736 1319 3792 Plutarchi
1342 3738 1431 3805 eirea,
1459 3758 1521 3795 eun

160 3842 265 3883 summa
282 3830 420 3895 potestate
438 3821 466 3874 iu
485 3820 622 3873 llomanos
640 3815 773 3871 translata
791 3832 869 3871 nemo
887 3818 1062 3883 Graecorum,
1081 3830 1115 3867 ne
1132 3816 1285 3885 principum
1298 3818 1417 3887 quidem,
1437 3822 1521 3875 rebus

162 3906 225 3961 ullis
244 3904 329 3976 gestis
346 3902 497 3957 clarescere
516 3900 619 3967 posset.

266 3984 325 4039 tae.
344 3980 414 4035 l'ide
431 3976 642 4045 descriptionem
661 3972 848 4042 llispauiolac.

267 4062 326 4115 lttl.
346 4062 389 4115 lin
408 4068 514 4129 petram
532 4068 567 4107 ex
586 4052 699 4107 t'astilia
716 4052 799 4106 d’ttro
817 4062 865 4107 aut
884 4054 1018 4107 l‘eruana.

270 4144 328 4197 105.
348 4140 419 4209 Quia
437 4136 499 4191 uilis
518 4134 586 4189 haee
604 4148 708 4187 merces
727 4132 754 4185 in
773 4132 862 4187 instrla
880 4131 1048 4201 llispaninla.

269 4222 327 4277 106.
347 4220 453 4279 lliram,
472 4230 527 4283 qua
545 4212 725 4279 originatione
748 4210 951 4279 aequipatteam
969 4230 1114 4279 signoruum
1132 4221 1159 4265 et
1177 4230 1329 4275 gaoqopoe:
1354 4210 1422 4267 illud
1442 4226 1522 4269 aaa„

163 4298 275 4355 caedem
300 4298 407 4365 Persei,
434 4294 500 4350 nihil
527 4294 561 4348 de
587 4292 648 4347 luce
671 4290 813 4361 portanda.
849 4292 891 4343 An
915 4290 996 4357 igitur
1021 4306 1167 4359 repereram
1190 4288 1268 4357 quasi
1294 4308 1449 4361 sapum
1473 4302 1521 4347 aut

163 4380 335 4449 mpooeopq't

272 4460 329 4513 tot.
349 4456 380 4511 ln
398 4454 499 4509 circulo
518 4452 737 4517 illuminationis,
762 4450 896 4505 communi
915 4450 1030 4503 terminu
1048 4446 1308 4515 hemisphaeriorum
1325 4444 1409 4502 luridi
1427 4460 1457 4503 et
1473 4450 1521 4503 ob·

165 4536 290 4593 umbrati.

271 4616 329 4671 lbra.
351 4612 525 4683 l'hysiulogis
536 4612 671 4681 peregrini
689 4612 723 4667 de
735 4612 835 4665 anima.
855 4624 935 4677 rpeiam
955 4606 1000 4659 ille
1012 4603 1107 4675 procul
1127 4604 1210 4659 dnbio
1229 4604 1322 4659 hausit
1338 4618 1372 4659 ex
1385 4604 1523 4673 optatum

166 4698 335 4766 conjectura,
352 4702 464 4747 auctore
482 4690 622 4745 Plutarchi
640 4690 857 4745 luculentissimo
876 4700 902 4741 et
922 4686 978 4740 tilio
996 4686 1120 4753 genuino.

266 4778 326 4831 100.
343 4772 468 4827 Animam
486 4772 600 4827 seorsim
618 4782 646 4825 et
663 4786 763 4841 cerpus
782 4770 904 4825 amusim.

269 4854 329 4911 tta
347 4850 392 4907 lix
408 4850 498 4907 aalma
515 4848 606 4907 adhue
623 4848 783 4923 compotita,
802 4848 904 4905 abolito
922 4846 1009 4903 altero
1026 4843 1170 4913 elemento,
1187 4840 1334 4899 residuum
