3308 5534
147 410 213 485 ute
662 421 726 481 rra
742 422 995 496 rumunnense.

147 605 214 671 post
230 599 325 670 iungas
343 606 451 662 moras:
484 602 630 665 Fervebat
651 606 801 682 proelum,
824 604 965 682 surgebat
986 620 1062 680 opus
1085 601 1239 663 doctduas
1259 601 1424 672 thecum,
1449 616 1494 659 en-

148 693 243 746 ratore
267 689 331 762 ejas
353 690 494 764 legitimo,
519 708 606 767 quem
629 696 659 751 in
676 693 866 770 praeambulo
882 693 1031 752 doetrinae
1055 689 1228 766 sphaericae
1244 691 1334 766 tetigi
1354 696 1408 753 (tn
1426 699 1495 755 tras,

148 776 302 848 antiquum
326 778 489 850 obtinento,
513 779 688 841 dormitante
717 801 754 840 an
784 784 911 841 animam
938 778 1035 838 forsan
1059 781 1201 853 agitante,
1226 786 1328 853 partes
1353 793 1419 836 sero
1438 777 1494 852 eju

148 861 304 936 supplente
337 863 514 924 liberalitate
546 871 662 943 patroni
693 870 916 930 eminentissimi
946 869 1070 937 (abbatis
1097 870 1131 925 de
1155 869 1393 933 crememunster,
1415 883 1437 918 r.
1459 882 1493 919 ar.

151 964 217 1005 eum
254 966 321 1008 ecee
358 951 428 1009 mihi
465 970 583 1012 eausam
613 956 741 1015 subitam
771 953 973 1033 proficiscendi
1003 957 1040 1022 (in
1064 955 1338 1021 Wurttenrbergianrr
1378 968 1494 1028 npnagnr

148 1036 392 1113 interrumpendi,
426 1057 485 1114 quo
525 1044 589 1117 ipso
626 1051 757 1120 tempore
793 1052 823 1104 et
855 1044 919 1120 typi
949 1040 1036 1100 finem
1065 1039 1132 1096 libri
1162 1040 1261 1114 quarti
1294 1040 1450 1114 attigerant
1472 1050 1496 1095 et

150 1123 297 1184 nundinae
335 1126 594 1189 l'raneoiurteuaes
627 1130 772 1191 adessent.
832 1129 953 1201 Incidit,
995 1129 1155 1187 rectissime
1197 1126 1347 1197 laturum,
1380 1128 1405 1184 si
1433 1125 1495 1183 liber

149 1220 289 1285 quartus,
320 1216 371 1287 qui
399 1218 591 1277 communiter
621 1229 681 1276 tarn
711 1218 840 1296 physicis
864 1235 951 1292 quarn
983 1215 1158 1274 astronomis
1180 1215 1311 1289 scriptus
1341 1223 1400 1285 est,
1428 1228 1496 1270 secr·

149 1299 207 1356 sim
237 1301 326 1356 etiarn
360 1299 509 1375 ederetur,
546 1312 578 1363 ut
607 1323 659 1380 pro
688 1308 808 1366 arbitrio
843 1306 962 1363 cratoris
990 1303 1150 1361 asuonomi
1182 1300 1230 1360 rei
1262 1298 1362 1360 omitti
1390 1299 1435 1359 rel
1457 1302 1496 1355 in·

152 1387 209 1443 scri
239 1388 334 1461 possit
357 1390 385 1444 in
409 1389 551 1463 reliquam
574 1394 732 1467 epitomen.
780 1395 958 1452 confersam
977 1391 1119 1460 his,qnae
1138 1406 1222 1460 supra
1245 1391 1294 1457 (ad
1312 1408 1414 1446 annun
1431 1390 1494 1446 tarn

154 1472 188 1527 de
208 1475 327 1530 editione
344 1478 510 1533 Harmoniae
528 1489 579 1536 etc.
598 1485 804 1552 proposuimus,
823 1483 921 1551 quibus
939 1481 1007 1535 haec
1025 1478 1200 1544 adjungimur
1218 1477 1305 1533 rerba
1324 1478 1441 1548 lieplsri.
1454 1477 1496 1530 Ne

151 1577 245 1631 perum
272 1562 449 1633 alloquentis:
479 1563 545 1622 Hoc
576 1567 639 1640 ipso
662 1563 745 1624 lulio
776 1581 875 1624 mense
898 1563 1031 1621 Lincium
1061 1560 1153 1618 allato
1187 1561 1351 1638 exemplari
1381 1560 1444 1620 libri
1462 1562 1495 1619 rai

151 1648 384 1721 (debemusp),
410 1659 441 1708 ut
463 1651 501 1709 ad
526 1650 575 1709 iol.
604 1657 642 1711 ‘28
668 1652 793 1728 legendo
815 1653 954 1728 perveni,
977 1646 1162 1708 considerare
1185 1652 1272 1725 coepi
1297 1666 1368 1707 uum
1389 1650 1495 1706 tortam

143 1736 364 1806 aequatiouum
386 1737 506 1797 tabulae
530 1742 646 1814 penitus
669 1743 783 1816 possint
811 1741 922 1809 omitti,
952 1740 1062 1813 quippe
1091 1753 1168 1810 quae
1198 1739 1291 1796 rueris
1313 1735 1496 1795 additionibus

153 1817 200 1878 vel
223 1822 474 1882 subtractionibns
499 1826 636 1886 facillime
660 1827 855 1904 perficiantur.
906 1827 997 1898 Atqui
1020 1841 1065 1882 res
1088 1822 1178 1882 habet
1202 1824 1297 1900 paulo
1319 1823 1413 1882 aliter.
1444 1822 1495 1881 lira

153 1909 249 1965 omnis
275 1909 411 1970 molestia
434 1912 552 1972 sublata
575 1922 634 1985 est,
663 1923 756 1974 rostm
783 1915 942 1973 etiamnum
971 1913 1095 1971 attentio
1121 1918 1150 1969 et
1173 1911 1311 1970 cautelae
1335 1912 1433 1971 varias
1452 1919 1494 1969 ets

151 1991 242 2054 Ratio
268 1996 337 2056 talis
361 1999 430 2057 mihi
455 2002 509 2060 luit
532 2001 669 2075 ineunda,
693 2012 725 2061 ut
748 2000 825 2061 duae
840 2009 939 2060 essent
953 2016 1004 2076 pro
1020 1996 1216 2073 unoquolibet
1237 1998 1362 2075 planeta
1384 1997 1493 2057 tabnlaa

154 2079 248 2142 altera
272 2085 377 2146 indicis
401 2091 598 2163 proportionis
621 2089 756 2148 datorum
778 2089 903 2148 laterum
926 2103 1059 2145 summae
1082 2084 1345 2168 adudidernntiam
1360 2087 1492 2156 (innian-

152 2167 225 2241 gulo
248 2173 324 2232 iuter
347 2174 483 2246 lernam,
515 2177 614 2235 Solem
638 2187 667 2236 et
690 2176 868 2253 planetam),
899 2174 992 2234 altera
1014 2172 1115 2247 anguli
1140 2174 1358 2249 (elongationis
1380 2191 1400 2232 a
1418 2172 1490 2233 Solu

153 2254 238 2317 Haec
265 2258 317 2319 illa
346 2279 414 2337 pars
447 2273 491 2322 est
514 2264 695 2323 Tabularum
719 2262 1002 2340 (Rudolplrinarum)
1033 2260 1072 2319 ad
1100 2268 1169 2318 tuos
1198 2259 1394 2335 legaritbmos
1419 2260 1490 2317 retur·

57 1882 66 1913 i

153 2343 261 2404 manda
263 2388 369 2408 .....
418 2350 463 2408 Ita
492 2350 660 2426 logarithmi
689 2353 730 2411 tui
759 2353 924 2411 necessario
955 2366 1022 2424 pars
1052 2345 1123 2406 fient
1146 2346 1334 2406 Tabularum
1355 2344 1490 2423 Rndolpb't

153 2432 235 2506 prius
258 2442 355 2495 tarucn
380 2439 409 2494 in
434 2437 551 2497 officina
575 2457 640 2498 mea
663 2440 772 2511 reensi,
796 2440 909 2513 eritque
932 2454 983 2496 cur
1004 2434 1061 2494 sibi
1084 2434 1273 2510 gratulentur
1295 2430 1489 2494 astrouonrilr

154 2522 244 2579 motis
267 2526 339 2582 meis
363 2528 404 2595 td.
423 2528 511 2583 Liuaii
530 2542 624 2585 mense
642 2533 767 2596 Augusto
788 2529 879 2596 rota).

259 2621 372 2676 Aestate
392 2627 456 2679 anni
476 2626 541 2680 belii
559 2624 693 2681 tumultus
716 2626 745 2678 in
763 2624 900 2680 Austrinm
917 2621 1085 2692 superiorem
1104 2621 1277 2687 ingruerunt
1316 2620 1488 2677 llumdim·

155 2706 288 2761 Barnriae
307 2709 363 2764 dux
382 2711 408 2766 d.
428 2714 470 2768 24.
490 2712 557 2767 Jnlii
575 2714 699 2768 Iniurium
718 2711 861 2781 occuparit
881 2717 909 2764 et
926 2711 1035 2765 ordines
1054 2709 1228 2775 Austriacos,
1253 2709 1311 2765 huc
1328 2725 1415 2779 usqne
1429 2710 1488 2775 ianr

153 2793 225 2847 muru
243 2795 434 2866 detrectantes,
454 2801 563 2869 subegit
580 2801 662 2868 inque
681 2815 779 2853 nomen
797 2798 968 2866 imperatoria
986 2794 1153 2850 Fcrdinaudi
1173 2797 1273 2864 jurare
1291 2798 1381 2864 coegit
1396 2798 1488 2863 (tuta

155 2882 248 2951 gasti).
278 2885 379 2940 initeris
397 2904 431 2942 ex
445 2888 679 2956 Wurttembergia
691 2887 812 2956 Iieplero
831 2885 1019 2951 nunciabatur,
1038 2885 1066 2937 iu
1085 2883 1165 2951 pejus
1182 2883 1254 2937 verri
1272 2900 1317 2937 res
1335 2883 1426 2938 matria
1438 2896 1488 2935 ean

155 2972 253 3037 quein
272 2973 422 3028 custodiam
443 2975 533 3030 rituam
554 2992 614 3030 esse
635 2982 661 3027 ct
680 2975 715 3026 nd
734 2982 865 3029 torturam
884 2971 1060 3041 postulatam,
1080 2971 1181 3037 quibus
1194 2979 1287 3025 motus
1302 2971 1375 3026 tilius
1386 2971 1412 3024 in
1423 2969 1489 3021 Wit-

154 3057 330 3126 tombergium
355 3063 496 3128 profectus
523 3073 577 3129 est,
604 3074 633 3118 ut
657 3071 772 3116 matrem
795 3077 886 3116 coram
909 3057 1002 3128 judice
1024 3054 1195 3112 (intenderet.
1231 3057 1331 3111 Amico
1348 3058 1488 3122 beugen

156 3144 292 3213 Keplerus
311 3149 336 3203 d.
358 3151 400 3206 29.
420 3152 537 3206 Arrnrrsti
557 3152 678 3220 scripsit:
702 3145 733 3206 S.
751 3145 784 3202 Ρ.
804 3144 840 3202 l).
864 3144 942 3202 Mira
958 3150 986 3201 et
1002 3141 1047 3199 liis
1071 3143 1165 3199 turbis
1189 3144 1336 3201 inusitata
1350 3144 1398 3199 ria
1409 3142 1487 3199 literar

156 3239 226 3288 tuae
250 3249 317 3289 euru
341 3232 497 3292 honorario
521 3238 591 3310 reip.
611 3234 832 3308 argentinensis
854 3229 1061 3291 liberalissimo
1085 3227 1122 3286 ad
1139 3246 1186 3286 ure
1211 3242 1416 3304 pervenerunt
1446 3226 1488 3284 Tr

158 3317 299 3378 bellarius
317 3320 457 3379 Aschavii
482 3322 579 3380 literas
603 3322 669 3379 illas
686 3321 777 3378 obvio
800 3317 890 3389 dedit,
914 3334 980 3377 eum
1003 3319 1066 3391 ipse
1090 3317 1186 3375 abiret
1208 3317 1363 3385 aliorsum,
1385 3317 1429 3375 laic
1444 3318 1486 3371 ala

155 3405 274 3464 tandem
304 3417 401 3466 tamen
434 3408 553 3467 illaesae
584 3410 621 3467 ad
645 3426 691 3467 rne
715 3413 919 3482 pervenerunt.
964 3403 1075 3479 Scripsi
1104 3405 1268 3478 gratiarum
1302 3407 1440 3463 actionem
1463 3400 1485 3457 ll.

154 3493 290 3553 Storckio
314 3514 438 3570 oarrrquc
462 3499 608 3554 transmisi
638 3497 702 3570 ojus
726 3493 801 3565 lilio,
831 3493 927 3552 Stirae
949 3490 1082 3565 degenti,
1107 3489 1281 3550 curandam.
1330 3492 1373 3551 Ea
1392 3494 1416 3551 ai
1434 3490 1485 3545 tan

155 3580 285 3639 nondum
309 3592 387 3642 esset
409 3583 525 3654 tradita,
550 3601 621 3659 rogo
646 3595 676 3640 tu
701 3582 815 3641 interim
839 3581 977 3639 vicariam
1001 3594 1120 3652 operam
1145 3577 1242 3646 loces,
1269 3578 1486 3640 luculent'u'nfl

155 3671 265 3743 gratias
288 3672 448 3745 protessus.
490 3672 534 3732 lll.
552 3672 588 3729 l).
608 3671 739 3729 Wotonii
763 3685 821 3727 non
845 3669 940 3726 minor
961 3682 1031 3736 erga
1055 3681 1101 3723 me
1117 3664 1293 3725 humanitas
1317 3670 1346 3725 in
1369 3660 1485 3723 ruta&

156 3757 225 3829 luit,
260 3757 354 3816 doluit
384 3775 596 3833 praeproperus
626 3758 690 3832 ojus
717 3758 868 3814 transitus.
912 3753 1054 3812 Hortatur
1077 3760 1111 3809 nt
1134 3755 1165 3810 in
1191 3755 1334 3828 Angiiarn
1358 3764 1484 3813 mrsu

155 3843 229 3901 blilri
254 3854 350 3905 ttamen
375 3845 449 3903 haec
472 3847 564 3904 altera
588 3863 653 3903 urea
676 3846 771 3918 patria
783 3850 904 3919 propter
927 3841 1118 3915 ignominiam
1142 3841 1242 3912 istam,
1267 3860 1359 3917 quana
1380 3841 1484 3899 sart‘ss

154 3929 315 3990 deserenda
339 3949 395 3989 non
421 3933 580 4002 erluino,
613 3935 667 3989 nisi
692 3931 781 3988 velim
813 3933 944 4005 ingratus
968 3927 1080 3984 baberi.
1127 3925 1253 3987 iuterim
1277 3931 1349 3989 mibi
1372 3929 1484 3987 lamii·

156 4017 214 4075 bile
237 4020 291 4077 iter
314 4022 341 4076 in
360 4020 615 4093 Wirtembergiam
633 4019 782 4089 incumbit,
806 4015 886 4093 quod
909 4013 1056 4090 ingrediar
1073 4015 1137 4072 ileo
1155 4015 1280 4076 uolente
1295 4030 1363 4094 post
1377 4027 1483 4074 m

156 4111 203 4159 tua
221 4113 345 4176 aeeupr.
367 4112 520 4173 ingolstadtn
540 4116 601 4163 traso
620 4115 662 4161 aar
681 4113 773 4161 stoan:
806 4105 852 4164 Do
884 4119 949 4162 mco
980 4104 1084 4161 itinere
1119 4118 1156 4160 ex
1191 4108 1303 4164 comite
1333 4100 1482 4167 conum

153 4194 303 4251 rescisces.
349 4195 394 4251 Dc
418 4213 506 4253 causa
539 4197 649 4254 itineris
679 4191 846 4252 adhucdum
869 4189 918 4248 ille
940 4191 1046 4257 nescit,
1081 4191 1196 4249 utinam
1225 4208 1265 4250 ue
1288 4191 1360 4268 qnid
1380 4192 1483 4248 ιιιᾱκΰ

156 4277 184 4334 iu
209 4282 334 4338 transitu
358 4281 620 4355 Wirteurbergiae,
652 4280 757 4339 melius
780 4295 893 4338 mecum
916 4286 1061 4351 ageretur.
1107 4276 1232 4335 Interim
1257 4288 1357 4338 tannen
1377 4281 1482 4337 iasar·
1525 4302 1531 4321 ι

154 4381 264 4423 aream
299 4368 392 4430 mitto.
438 4371 469 4426 Si
495 4371 593 4429 bellici
615 4377 713 4427 motus
744 4383 791 4425 mc
822 4381 880 4423 non
912 4362 1133 4438 impedirerint,
1165 4367 1270 4439 cogito
1299 4364 1481 4426 emm·
1525 4396 1531 4415 ι

154 4448 245 4512 adira.
292 4455 484 4528 Argorrtinarn
509 4474 660 4517 excurrere
683 4463 883 4524 sumtuosum;
909 4451 1016 4510 ridebo
1040 4459 1148 4509 tamen.

260 4561 408 4631 Koplerum
427 4582 487 4620 crim
500 4567 613 4621 Jesuitis
626 4561 891 4632 lngolstadiensibus
911 4561 999 4628 egisse
1018 4557 1052 4613 do
1066 4558 1183 4612 edendis
1196 4562 1425 4631 Ephonrnridibns
1439 4558 1480 4611 tn*
1524 4566 1531 4595 '-

154 4660 214 4697 mus
234 4648 286 4702 vol.
307 4651 364 4703 vu.
383 4669 407 4719 p.
426 4654 478 4707 lat
497 4670 532 4711 s..
553 4668 665 4721 eamque
683 4650 755 4705 t'orte
774 4652 809 4703 nir
828 4664 939 4705 causam
957 4648 1016 4717 ipse
1034 4646 1200 4716 lngolstadii
1219 4650 1409 4727 atiqaaarsps
1422 4654 1479 4699 ¹⁶
1523 4652 1531 4687 ¹

154 4730 243 4801 batur,
263 4736 363 4789 tamilin
378 4740 543 4794 liarisbnnae
562 4729 657 4795 relicta
690 4739 878 4810 Gringalletus
899 4738 1048 4804 Augustum
1067 4750 1237 4804 percurrens
1252 4738 1312 4806 jan
1329 4738 1369 4792 dir
1385 4731 1478 4793 fiir}
1522 4758 1531 4777 ·

156 4821 265 4875 nunciat
284 4822 404 4893 lieplern
424 4827 456 4880 de
474 4827 583 4895 chrrrta,
607 4844 688 4896 quanr
708 4830 848 4897 Augustae
867 4824 1054 4895 procuraverit
1078 4824 1113 4879 ad
1131 4824 1350 4895 prenreridnn
1364 4822 1475 4880 dem
1522 4830 1531 4863 ¹
