3308 5534
568 388 612 451 lie
629 390 723 451 amicis
742 397 771 450 et
788 386 942 449 fautoribus
958 386 1081 462 ttspleri.
1168 401 1171 409 ’
1443 387 1509 459 959
1576 396 1578 401 ’

147 573 298 634 interiisse
319 571 372 634 Sol
395 572 454 632 illie
477 575 640 633 contrarius
662 580 797 646 curreret,
823 570 903 650 qnod
924 587 984 630 nou
1007 568 1040 629 iit
1061 572 1091 628 in
1114 569 1266 631 ralubone
1289 568 1369 629 Solis
1389 576 1421 630 et
1442 586 1510 629 cnm

147 676 188 722 eo
211 662 338 734 virtutis,
363 678 451 737 quam
474 660 827 742 intelligentiae-at
856 656 1139 720 similitudinis
1160 673 1279 717 causa
1303 656 1386 716 dico
1410 674 1511 734 mag·

146 751 321 822 usticam,
346 748 456 808 debui
479 746 691 808 caelestem
713 746 852 808 dicans.
883 745 940 805 illa
955 747 1033 805 enim
1055 747 1150 804 virtue
1174 748 1204 802 in
1225 743 1362 804 omuibus
1383 744 1511 821 planetis

147 852 268 913 semper
289 836 436 912 prolectat
453 835 570 908 eedem,
593 851 744 910 nunquam
767 836 796 892 in
820 836 1027 894 munatium.“

258 923 345 983 Anno
364 927 447 983 1605
470 923 641 981 llernartus
664 922 739 981 haec
754 921 873 982 dederat
888 920 1033 996 Kepiero:
1058 917 1109 977 Ich
1133 917 1256 993 beliade,
1280 919 1350 978 daae
1369 918 1421 978 der
1435 918 1512 980 Here

147 1008 343 1088 Hypcthesee
359 1010 512 1087 Oopernici
533 1011 712 1086 approbiert.
740 1009 789 1068 Da
808 1008 893 1068 nolit
914 1008 961 1067 ieb
984 1005 1062 1066 wohl
1085 1022 1155 1081 gem
1180 1005 1226 1066 die
1249 1009 1379 1066 rationes
1394 1009 1511 1083 nissen,

146 1096 247 1158 <iareb
269 1098 380 1157 welche
403 1116 470 1155 man
494 1097 595 1156 soleba
617 1112 664 1155 no
687 1098 731 1153 nit
753 1113 807 1173 gar
829 1097 1050 1166 demonstriren,
1070 1092 1180 1169 jodoch
1202 1093 1394 1171 probabiliter
1415 1094 1512 1154 dedu-

147 1188 233 1245 ciran
255 1185 381 1244 michte.
427 1186 490 1244 Das
512 1185 594 1243 wollt
618 1185 663 1241 teir
687 1200 720 1241 eo
742 1201 813 1259 geru
836 1184 934 1256 lesen,
964 1181 1009 1241 ale
1031 1183 1078 1241 ein
1100 1180 1179 1240 Such
1203 1189 1287 1241 vnter
1309 1182 1361 1241 der
1382 1181 1510 1242 Souneu.

150 1271 316 1332 Vielleicht
338 1271 408 1329 nird
434 1271 484 1331 der
505 1271 583 1330 Herr
604 1289 639 1329 ex
663 1278 744 1329 motu
768 1270 873 1329 Martis
905 1269 994 1329 aucb·
1011 1270 1057 1328 ein
1087 1268 1298 1328 adminiculum
1320 1267 1358 1328 ad
1381 1270 1513 1348 proban·

148 1359 226 1419 dum
248 1367 360 1419 motum
384 1358 492 1417 'letrae
520 1357 667 1434 gerunden
697 1357 803 1418 baben.
847 1356 900 1417 Ich
923 1357 1018 1429 boile,
1049 1354 1100 1416 der
1122 1354 1198 1415 Herr
1225 1356 1322 1417 werde
1352 1357 1382 1414 in
1412 1357 1512 1416 diesen

151 1447 341 1524 wicbtigsten
364 1446 500 1505 l’unlrten
523 1445 629 1505 oinmal
653 1444 829 1504 exclamiren
853 1440 975 1522 εὕρηκα,
1000 1437 1124 1520 aignan!
1171 1442 1319 1521 Keplerus
1342 1443 1511 1521 rsepondit:

149 1532 256 1611 Magn.
280 1533 347 1592 Tua
370 1532 508 1593 delectari
532 1531 663 1605 videtur,
692 1550 739 1592 me
762 1535 793 1591 iu
816 1534 962 1592 sententia
989 1546 1168 1609 permanere.
1215 1531 1278 1607 ligo
1301 1530 1381 1590 baud
1403 1549 1512 1608 grava

149 1624 206 1680 tim
229 1620 368 1698 depromo
392 1638 457 1679 mea
480 1628 652 1696 argumenta
678 1619 726 1679 uel
755 1627 857 1678 contra
879 1620 1008 1691 hostem,
1041 1625 1154 1677 tautum
1186 1618 1271 1678 abest
1299 1627 1333 1677 ut
1361 1618 1513 1678 blanditiis

148 1725 228 1787 npns
250 1707 390 1781 babeam,
415 1725 510 1784 neque
533 1723 641 1784 sequor
662 1706 787 1765 multum
810 1706 894 1779 illos,
925 1706 1033 1782 quibus
1052 1707 1084 1762 iu
1116 1722 1167 1765 ore
1194 1714 1239 1765 eat
1264 1705 1333 1786 „odi
1357 1706 1513 1783 proiaanm

151 1795 265 1871 vulgus
285 1804 318 1855 et
340 1792 457 1869 arceo“,
481 1797 552 1871 quin
575 1796 673 1872 potine
697 1793 847 1855 ultroneus
863 1801 893 1854 et
907 1796 1090 1870 importunus
1112 1795 1396 1871 intempestivusque
1418 1793 1514 1854 adsim

151 1885 310 1960 perpetim.
354 1882 400 1941 Tu
425 1884 498 1942 sorte
521 1883 649 1955 miraris,
675 1881 739 1940 lieri
762 1897 851 1959 posse
871 1888 906 1939 nt
928 1880 1108 1956 Cupernicus
1138 1878 1249 1938 bomini
1277 1881 1462 1941 considerato
1483 1889 1514 1942 et

150 1969 269 2029 modice
302 1972 454 2044 ingenioso
485 1970 632 2045 probetur.
680 1969 744 2045 ilgo
773 1986 843 2028 vero
866 1968 931 2044 ajo,
962 1967 1035 2026 nihil
1067 1985 1131 2027 esse
1160 1985 1213 2045 per
1241 1985 1343 2028 omues
1365 1970 1514 2044 scientias,

150 2056 236 2134 quod
258 2072 305 2116 rue
328 2057 470 2134 impediat
491 2057 548 2116 hoc
571 2058 754 2128 eminentem,
775 2055 849 2114 nibil
872 2054 952 2131 quod
975 2055 1024 2115 nel
1045 2055 1195 2114 levissima
1217 2073 1264 2114 me
1280 2057 1455 2116 absterreret
1475 2055 1514 2115 ab

151 2144 214 2205 bac
237 2151 340 2221 aperta
362 2147 525 2203 sententiae
548 2161 631 2203 meae
646 2144 837 2220 professione,
860 2150 977 2220 praeter
998 2144 1115 2201 unicam
1131 2145 1335 2203 auctoritatem
1352 2143 1517 2215 Sacrorum,

153 2250 174 2292 a
196 2231 376 2307 quibusdam
398 2232 475 2291 maie
498 2230 651 2290 detortam.
675 2262 717 2274 -
740 2227 869 2290 Utuntur
891 2228 1025 2288 homines
1047 2230 1150 2306 spiritu
1174 2230 1231 2289 Dei
1254 2232 1388 2307 inspirati
1410 2230 1517 2308 linguis

149 2319 279 2379 utilibet
292 2322 374 2395 genti
391 2321 477 2391 notis,
501 2335 559 2377 nou
575 2318 741 2393 linguarum
756 2317 808 2377 aad
831 2319 1006 2377 sententiani
1024 2316 1256 2376 communicandi
1271 2335 1377 2391 causa,
1396 2326 1518 2377 utuntur

151 2405 195 2466 ad
218 2406 295 2465 idem
318 2409 462 2465 intentum
485 2408 574 2464 etiem
598 2405 788 2482 conceptibus
810 2405 961 2464 hominnm
983 2403 1127 2464 derebus
1157 2404 1350 2467 naturalibus.
1395 2403 1517 2465 Stultis-

150 2495 263 2553 simum
286 2510 390 2569 nempe
415 2501 458 2553 eet
486 2492 683 2569 postulatum,
715 2502 749 2552 ut
777 2491 883 2552 doceat
904 2491 987 2551 Daue
1014 2508 1070 2550 nos
1099 2495 1127 2548 in
1151 2490 1264 2565 Sacris,
1295 2493 1431 2569 planetas
1459 2508 1518 2553 non

151 2590 238 2641 stara
261 2587 314 2639 aut
335 2580 526 2653 retrocedere,
549 2583 573 2638 si
597 2598 665 2640 rere
687 2586 768 2639 etant
790 2587 843 2638 aut
864 2580 1059 2640 retrocedunt.
1104 2578 1180 2638 Nam
1204 2581 1259 2638 etsi
1281 2580 1410 2638 futurum
1432 2589 1517 2657 puto,

149 2676 190 2728 ut
213 2667 340 2727 mundus
355 2670 508 2727 veritatem
525 2670 619 2743 magle
634 2670 787 2743 magisque
803 2674 944 2744 agnoscat
967 2667 1144 2742 tandemque
1163 2669 1354 2726 communiter
1375 2670 1518 2729 stationes

149 2755 344 2832 planetarum
367 2757 396 2812 in
420 2754 528 2814 Terrae
550 2763 662 2813 motum
685 2757 825 2828 conterat,
849 2769 998 2830 nunquam
1022 2763 1119 2813 tamen
1140 2752 1204 2813 lieri
1228 2754 1313 2814 aliter
1335 2772 1423 2831 posse
1446 2758 1517 2829 scio,

152 2845 230 2919 quin
253 2841 301 2901 his
322 2844 394 2919 ipsis
418 2851 534 2900 utamur
556 2843 691 2914 vocibus,
715 2841 850 2919 planctae
866 2849 953 2915 stare,
977 2841 1168 2901 retrocedere.
1199 2841 1359 2919 Propterea
1371 2845 1520 2918 sapienter

150 2930 268 2990 lectum
291 2931 329 2989 ab
352 2928 479 2989 ecclesia
502 2929 635 2988 Romana
658 2938 744 3006 poto,
776 2928 856 3004 qnod
879 2946 945 2989 cum
968 2927 1157 3009 astrologiam
1185 2929 1371 3004 judiciariam
1393 2929 1519 2991 damna·

150 3017 243 3091 verit,
266 3017 348 3077 illam
371 3025 468 3076 tamen
492 3017 645 3093 Ceperniei
668 3015 888 3094 philosophiam
909 3019 938 3073 in
962 3015 1059 3075 medio
1082 3032 1256 3091 suspensam
1277 3016 1406 3094 reliquit.

264 3103 334 3164 Jaur
356 3104 501 3180 Keplerus
533 3106 661 3163 rationes
690 3103 773 3163 ailert
799 3103 954 3183 physicas,
987 3106 1199 3162 astronomicas
1228 3112 1257 3163 et
1287 3104 1518 3183 philosophicas,

152 3192 266 3269 quibus
288 3194 363 3250 ratio
380 3193 581 3267 Copemiaana
597 3191 713 3250 dolendi
735 3193 830 3268 possit
852 3197 882 3249 et
903 3190 950 3248 bis
972 3190 1059 3250 tinem
1081 3191 1165 3250 iacit:
1192 3192 1313 3267 ,Habea
1336 3191 1438 3269 Magn.
1456 3192 1517 3266 Vir,

152 3295 236 3355 quae
260 3281 288 3336 in
312 3281 480 3355 praesentia
503 3279 539 3336 de
564 3279 619 3337 bac
642 3281 815 3354 quaestione
838 3277 909 3336 mibi
931 3277 1096 3337 inciderunt
1114 3281 1176 3350 (etr.
1201 3283 1255 3336 rol.
1273 3284 1309 3338 ii.
1332 3299 1359 3352 p.
1384 3283 1518 3352 87-92);

154 3366 268 3444 quibus
291 3367 366 3427 bene
389 3365 559 3443 ponderatis
581 3369 607 3424 si
630 3364 700 3441 quid
724 3364 851 3442 amplius
873 3372 963 3425 restet
986 3364 1081 3436 dubii,
1106 3365 1204 3425 idme
1227 3376 1329 3440 acuet,
1358 3369 1384 3425 si
1406 3384 1518 3444 propo·

150 3460 254 3524 name,
277 3453 314 3512 ad
329 3455 480 3529 negotium
497 3453 679 3513 tractandum
696 3449 890 3514 accuratius.“
923 3451 1093 3512 Herwartue
1110 3471 1179 3513 vero
1195 3454 1252 3514 hoc
1265 3462 1377 3513 tantum
1394 3471 1519 3533 respon·

154 3539 219 3600 dit:
243 3540 289 3600 Do
312 3549 394 3599 motu
417 3539 525 3600 Terrae
549 3539 607 3599 will
630 3541 677 3600 ich
700 3542 754 3600 mit
775 3539 911 3601 aichster
932 3539 1127 3616 Gelegeuhcit
1149 3558 1234 3599 warin
1258 3542 1305 3601 ich
1322 3542 1409 3620 Weyl
1431 3542 1519 3618 habe,

155 3628 261 3687 weiter
283 3628 444 3687 schreiben.
490 3627 576 3687 Hanc
602 3631 805 3704 „ocmeionem
827 3625 1010 3704 proximam“
1035 3634 1064 3687 et
1094 3629 1185 3686 otium
1212 3629 1358 3688 scribendi
1389 3646 1448 3689 non
1471 3632 1519 3688 iu·

157 3716 247 3775 venit
268 3714 439 3775 Hernartus
469 3732 563 3791 usque
592 3715 629 3774 ad
661 3732 770 3775 aunum
796 3721 895 3789 1607,
926 3733 985 3791 quo
1010 3715 1203 3790 Copornicum
1226 3717 1371 3792 corrigere
1394 3723 1519 3776 conatus

154 3811 217 3876 ast,
241 3809 384 3880 utsupra
408 3802 541 3864 dirimas.

269 3889 347 3949 Num
363 3890 532 3950 Herwartus
548 3887 668 3965 Kepleri
692 3891 821 3948 animum
844 3887 881 3948 ad
904 3888 993 3949 fidem
1009 3887 1185 3948 catholicam
1207 3888 1368 3967 perducere
1382 3890 1519 3967 voluerit,

155 3995 196 4038 ax
222 3978 369 4052 epistolis,
402 3995 478 4054 quac
507 3996 581 4053 peno
610 3994 712 4036 omues
734 3979 899 4053 posteritati
923 3976 1049 4036 traditae
1077 3983 1159 4051 sunt,
1192 3977 1336 4053 conjicere
1359 3996 1417 4039 nou
1441 3979 1519 4040 iicet.

154 4066 256 4127 lmmo
280 4082 350 4125 roro
373 4064 520 4141 Keplerus
543 4068 605 4142 ipse
629 4068 817 4140 quaestiones
846 4062 882 4123 de
906 4065 992 4123 rebus
1020 4067 1112 4122 sacris
1136 4067 1164 4121 in
1188 4065 1316 4125 medium
1345 4065 1468 4144 protulit
1491 4073 1520 4127 et

152 4153 210 4212 hic
233 4168 351 4226 quoque
379 4154 467 4211 animi
496 4155 542 4211 eui
570 4154 766 4211 sinceritatem
793 4158 823 4211 et
853 4153 1050 4227 integritatem
1081 4151 1216 4214 ostendit.
1263 4151 1360 4228 Quam
1390 4156 1520 4214 enimin

153 4240 279 4318 Styriae
301 4242 454 4316 provincia
477 4239 646 4299 Lutherana
667 4239 740 4298 tides
763 4240 863 4299 vexari
896 4246 1000 4315 coepta
1023 4248 1054 4298 et
1076 4238 1221 4315 Keplerue
1251 4241 1279 4298 in
1302 4257 1339 4301 eo
1363 4251 1456 4317 esset,
1488 4250 1521 4301 ut

154 4325 298 4389 Graiium
319 4326 497 4402 relinqueret
520 4333 549 4386 et
571 4326 630 4386 alio
647 4326 830 4402 demigraret,
855 4325 929 4386 haec
943 4325 1098 4386 Herwarto
1116 4330 1249 4389 nunciat.
1288 4327 1392 4403 Gratii,
1416 4331 1519 4406 inquit,

154 4422 194 4475 ut
217 4430 296 4473 nuuc
318 4431 364 4473 res
387 4432 419 4474 se
442 4413 587 4486 habeant,
620 4431 737 4474 manere
767 4431 799 4474 se
822 4430 880 4473 uon
904 4430 1001 4489 posse.
1048 4414 1277 4474 Breitschnertii
1300 4424 1399 4476 autem
1421 4415 1521 4476 ialsis·

155 4504 240 4563 dms
261 4502 431 4577 conjectura
460 4509 519 4574 eet,
552 4499 634 4558 illum
657 4500 811 4560 Hernarto
833 4509 868 4561 ut
890 4501 964 4561 clam
996 4500 1034 4560 ad
1064 4501 1152 4562 iidem
1178 4501 1355 4563 catholicam
1385 4505 1522 4565 transiret

155 4587 333 4650 admonenti
363 4590 454 4649 rerba
484 4587 549 4662 illa,
581 4605 657 4662 quae
685 4606 753 4664 pag.
779 4595 838 4648 rot
864 4589 1064 4662 exhibuimus,
1096 4589 1292 4665 respondisse.
1336 4589 1403 4650 Hoc
1429 4608 1519 4652 uuum

157 4685 277 4737 eertum
299 4684 329 4735 et
351 4679 519 4735 testimonio
543 4675 743 4735 confirmatum
765 4683 820 4749 est,
842 4675 1019 4753 Kepierum,
1048 4694 1113 4735 cum
1136 4676 1309 4737 Herwartus
1330 4685 1465 4755 paratum
1486 4696 1520 4740 se

157 4762 274 4824 diceret
295 4781 362 4823 eum
387 4766 415 4821 in
439 4762 643 4839 comparandis
665 4765 865 4823 instrumentis
882 4765 1085 4823 astronomicis
1108 4771 1138 4824 et
1160 4766 1191 4823 iu
1205 4765 1386 4826 instituenda
1400 4766 1521 4844 specula

156 4854 362 4915 memmiae
383 4851 535 4929 adjurare,
558 4851 724 4928 negavisse,
746 4866 814 4912 cnm
836 4853 877 4911 sit
898 4851 1110 4934 „habitationis
1131 4848 1291 4916 remanet
1335 4850 1396 4916 Sed
1422 4862 1521 4919 tmen
