3322 5534
155 371 224 447 042
461 371 1221 439 marcomanorum-unm

155 544 319 603 observandi
341 548 449 604 ratione
470 548 597 619 plmihus
619 549 775 621 explicans,
801 559 945 625 computat
967 553 1063 625 Tycho
1087 555 1278 626 longitudines
1303 564 1335 612 et
1360 557 1505 615 latitdlats

156 643 288 699 mmetae,
305 635 371 689 item
390 635 450 704 ejus
468 637 642 693 ascensiones
660 647 752 694 rectas
769 647 800 695 et
815 640 1014 699 declinationes
1031 643 1067 698 ad
1080 644 1203 712 sinemus
1215 643 1437 701 obser-ratium
1446 645 1504 711 dira,

152 721 254 791 thus
271 720 383 779 ulculis
401 723 526 779 innititur
548 725 689 794 inquisitio
711 743 793 783 arcrrs
817 729 926 801 circuli,
952 747 1035 801 quem
1060 739 1137 787 motu
1160 748 1212 788 suo
1233 732 1386 803 descripsit
1400 741 1503 797 concta,

154 808 272 879 ejusqw
288 809 473 866 inclinationis
490 825 553 865 curn
569 811 606 865 ad
623 812 778 882 eclipticam
796 824 854 873 tum
871 817 906 872 ad
926 827 1112 887 aequaturum,
1132 820 1205 875 ucat
1216 821 1301 876 etiam
1316 821 1374 877 lam·
1390 822 1503 879 imner-

151 895 235 950 tionis
252 894 326 951 illius
345 912 407 952 cum
424 896 476 953 hia.
512 899 574 953 Sint
591 898 638 955 Bc
655 910 684 956 et
701 901 742 956 HI
759 903 917 961 latitudines
935 914 1059 962 cometae
1076 906 1184 971 (diebus
1201 908 1247 964 Ἀ
1262 908 1335 964 Nor.
1353 916 1383 965 ct
1393 910 1419 965 2
1429 909 1501 979 lan).

729 1005 822 1047 earum
840 991 1040 1065 complementa
1052 993 1101 1049 GB
1113 1003 1144 1047 et
1154 993 1215 1063 GH,
1231 995 1357 1063 angulus
1372 996 1445 1053 nuti
1459 995 1500 1053 dl

727 1077 846 1135 ferentin
857 1079 1066 1149 longitudinum.
1097 1081 1170 1137 Hinc
1180 1084 1498 1151 computatururaallll

730 1175 759 1222 et
776 1169 893 1237 angulus
911 1170 994 1224 BHG.
1031 1173 1063 1225 ln
1081 1172 1219 1239 triangulo
1236 1171 1305 1227 affl
1324 1173 1496 1229 emutare

729 1254 779 1323 111,
798 1256 916 1325 angulus
927 1256 993 1311 ΔΗΙ
1006 1266 1036 1312 et
1047 1259 1166 1328 angulus
1178 1258 1246 1313 sm
1254 1260 1342 1328 (illst),
1359 1259 1493 1315 mucra

729 1349 863 1412 putantur
872 1344 938 1399 ΗΔΙ
958 1353 986 1400 et
997 1345 1035 1399 Al
1054 1362 1143 1413 arcus,
1160 1347 1209 1416 qui
1226 1348 1342 1403 metitur
1358 1347 1491 1403 ammom

526 1488 529 1495 ,
726 1434 822 1504 puncti
839 1433 1042 1488 intersectionis
1059 1449 1171 1490 arcum
1191 1434 1244 1489 ΔΗ
1256 1437 1406 1503 (comae)
1420 1435 1489 1491 etet

526 1506 539 1565 '¹3
635 1562 640 1583 .
728 1518 897 1590 (eclipticae)
915 1537 933 1574 a
950 1528 1053 1589 puncto
1072 1521 1094 1575 I.
1131 1522 1306 1589 comparatis
1324 1521 1396 1577 ister
1410 1536 1439 1577 aa
1452 1520 1488 1576 tu

727 1609 834 1664 ratione
855 1615 962 1677 septem
988 1607 1225 1664 obseruationibus
1249 1624 1399 1678 eurumque
1420 1607 1487 1663 medio

727 1701 817 1750 sumto
835 1693 929 1763 prodit
946 1694 1132 1750 inclinationis
1148 1694 1268 1765 angulus
1287 1697 1339 1753 29⁰
1357 1700 1409 1767 tir,
1430 1695 1485 1752 lora

727 1781 793 1838 nodi
809 1783 860 1838 20⁰
877 1784 921 1837 55⁴
939 1790 976 1846 a.
1014 1782 1101 1837 Simili
1119 1784 1226 1840 neone
1243 1792 1417 1855 computatur
1431 1781 1484 1839 iad

727 1870 802 1927 natio
827 1872 855 1926 iu
880 1876 1058 1939 aequaturum
1083 1873 1133 1927 33⁶
1149 1874 1194 1928 45⁴
1218 1881 1248 1929 et
1269 1874 1360 1929 nodus
1375 1871 1437 1929 29⁹⁶
1449 1862 1484 1927 ll-

727 1960 833 2027 Quibus
852 1957 987 2014 absolutis
1005 1957 1118 2014 exhibet
1133 1958 1228 2028 Tycho
1248 1959 1483 2030 ephemeridem

727 2055 816 2103 metae
833 2064 852 2103 a
870 2047 914 2102 die
940 2047 966 2102 a.
984 2047 1054 2101 Nou.
1081 2047 1147 2103 1577
1171 2047 1200 2102 in
1226 2047 1254 2102 d.
1277 2050 1321 2104 lb
1342 2048 1403 2103 lan
1427 2044 1481 2103 ttlt

725 2133 905 2204 omnibusque
922 2133 1047 2189 collectis
1064 2134 1135 2190 hanc
1159 2136 1253 2204 prodit
1276 2151 1419 2192 summam:
1440 2147 1482 2201 ,co

725 2229 798 2279 meta
807 2233 884 2278 motu
893 2222 946 2277 sibi
955 2223 1067 2291 proprio
1079 2222 1233 2293 portionem
1247 2222 1343 2280 circuli
1353 2224 1381 2278 iu
1391 2221 1481 2293 rptrm

150 2310 263 2365 nissimi
286 2309 447 2378 designarit
484 2311 610 2380 inguina
627 2310 811 2367 inclinationis
832 2310 926 2366 eiremi
944 2317 1067 2375 pometa
1086 2311 1121 2367 ad
1139 2310 1296 2380 eclipticam
1314 2326 1418 2381 semper
1431 2309 1481 2376 eju

152 2400 214 2453 dem
232 2399 393 2468 quantitatis
411 2400 520 2455 mansit.
556 2399 663 2454 Motum
682 2398 780 2452 habuit
796 2397 925 2453 dimum
944 2397 1022 2451 initio
1041 2396 1215 2466 celeriorem,
1234 2398 1354 2468 indeque
1370 2392 1480 2469 usqum

151 2487 330 2556 apparitionis
347 2487 429 2541 mem
447 2487 609 2556 regulariter
626 2487 850 2554 descendentem
880 2485 997 2540 diurnus¹
1017 2486 1062 2540 hio
1079 2493 1172 2542 motus
1190 2501 1275 2542 cuna
1299 2485 1395 2543 dimne
1409 2486 1480 2541 lm

150 2573 195 2629 rel
212 2575 363 2630 lentissimo
381 2573 435 2629 tuit
451 2574 569 2642 tardior;
587 2576 625 2630 ub
642 2574 671 2629 id
689 2573 771 2642 longe
788 2573 961 2628 remotiorem
980 2587 996 2625 u
1014 2573 1094 2628 nobis
1111 2572 1206 2641 inisse,
1225 2589 1308 2641 quarn
1324 2573 1416 2630 Lunae
1428 2570 1479 2629 αἱ

152 2661 257 2727 existit,
283 2661 446 2717 circulorum
469 2661 629 2717 coelestium
652 2670 680 2716 et
704 2669 827 2717 motuum
850 2661 975 2730 postulat
998 2661 1148 2715 harmonia
1184 2661 1314 2731 Denique
1329 2662 1479 2733 quaem

149 2751 245 2815 circuli
262 2751 372 2804 maximi
389 2751 417 2804 in
436 2750 556 2820 sphaera
574 2750 727 2806 ahsolrhsse
741 2750 859 2816 videtur,
879 2749 953 2818 quod
970 2749 1054 2803 etiam
1071 2763 1127 2804 non
1146 2764 1244 2817 para·
1260 2748 1329 2804 fecit
1343 2749 1381 2804 ad
1394 2758 1479 2818 pm

149 2838 275 2909 tiendum,
293 2839 450 2906 coelestem,
468 2856 523 2896 non
542 2839 734 2895 elementarem
751 2846 877 2894 maram
895 2836 1018 2891 adfuisse
1028 2836 1095 2891 huic
1107 2844 1240 2894 cometae.
1272 2834 1479 2906 comparatolant

148 2934 271 2982 cometae
289 2944 352 2982 cum
369 2927 438 2981 loeis
456 2925 598 2982 stellarum
616 2925 740 2994 lixarum,
759 2925 820 2993 eius
838 2923 897 2978 viae
910 2922 1068 2987 vicinarum,
1086 2922 1295 2991 comprohatum
1307 2933 1358 2993 est,
1375 2930 1479 2980 uonna!

148 3028 258 3068 cursum
276 3030 356 3068 suum
380 3029 475 3068 sersus
493 3013 544 3068 has
562 3012 634 3068 fixas
657 3029 713 3067 non
730 3012 811 3067 aliter
829 3010 974 3078 direxisse,
1000 3012 1080 3077 qu'sm
1099 3010 1236 3079 promotio
1258 3010 1357 3065 diurna
1372 3008 1479 3077 erigebat.

151 3100 220 3154 adeo
239 3109 270 3155 ut
287 3108 379 3155 motus
397 3101 476 3170 primi
495 3101 602 3155 mobilia
620 3117 672 3170 per
688 3098 843 3154 altitudinis
862 3097 1038 3152 remotionem
1057 3106 1106 3151 aut
1117 3097 1221 3151 nullum
1235 3103 1285 3152 aut
1296 3091 1479 3153 amotum

150 3205 233 3257 guum
246 3189 420 3257 parallareus
431 3188 575 3257 vestigium
586 3187 741 3257 reliquerit:
759 3188 833 3242 uode
846 3187 1040 3251 concludimus,
1058 3195 1192 3241 cometam
1205 3188 1281 3243 huuc
1298 3187 1402 3242 minime
1412 3189 1478 3239 orca

149 3276 236 3330 tuisse
253 3277 325 3333 inira
342 3277 486 3347 sphaeram
505 3277 610 3337 Lunae,
627 3275 677 3330 sed
695 3275 777 3344 longe
795 3289 879 3344 supra
897 3276 985 3343 ipsam
1003 3274 1031 3327 in
1051 3273 1164 3328 aethere
1181 3273 1286 3343 liquido
1306 3275 1358 3329 iter
1368 3266 1477 3329 suuutl*

149 3362 279 3434 soluisse,
303 3366 330 3419 in
349 3373 427 3420 tanta
445 3381 461 3418 a
480 3365 567 3420 Terra
584 3362 729 3430 distantis,
754 3370 785 3417 ut
807 3362 893 3416 moles
917 3362 1017 3416 terreni
1037 3361 1111 3431 globi
1129 3377 1184 3416 non
1208 3361 1357 3416 obtinuerit
1372 3359 1406 3414 ad
1419 3358 1477 3413 itta!

146 3450 376 3522 intercapedinem
394 3454 520 3508 sensibus
537 3451 682 3507 admodum
698 3451 882 3506 incurrentem
899 3450 1139 3519 magnitudinem!

254 3542 297 3596 Ec
315 3557 386 3611 quse
403 3542 516 3610 insuper
533 3540 609 3595 addit
626 3540 722 3610 Tychu
741 3541 774 3595 de
792 3539 955 3594 invenienda
977 3539 1125 3609 parallari,
1150 3540 1184 3594 de
1210 3548 1357 3596 curvatura
1374 3547 1401 3595 et
1415 3535 1477 3591 daec

149 3626 224 3682 tione
248 3631 363 3698 caudue,
390 3629 423 3684 de
445 3630 559 3684 aliorum
579 3627 830 3696 obseruationibus,
856 3627 890 3682 de
908 3628 1145 3682 Aristotelicorum
1164 3628 1318 3691 erroribus,
1335 3616 1478 3693 tmqaolt

149 3716 236 3786 ipsius
255 3718 289 3773 de
307 3719 408 3773 mundo
427 3719 569 3786 sententie,
588 3734 689 3787 magua
707 3732 741 3771 ex
753 3723 833 3786 parte
845 3713 973 3784 leguntur
985 3715 1114 3782 adjuncto
1128 3714 1240 3784 liepleri
1256 3714 1362 3783 judicio
1379 3705 1478 3768 rottlt

151 3810 261 3860 nostrae
280 3805 406 3860 editionis
426 3807 454 3860 in
472 3806 549 3861 libris
563 3805 673 3875 liepleri
691 3805 726 3860 de
739 3802 858 3859 Cometis
876 3810 906 3856 et
921 3802 949 3855 in
962 3802 1159 3871 Hyperaspiste
1171 3801 1321 3871 Tychonis.
1347 3792 1478 3869 flicprut‘a

148 3895 254 3948 nutum
280 3894 395 3948 dicenda
420 3903 498 3963 sunt,
523 3910 593 3963 quse
611 3894 705 3966 Tycho
730 3893 765 3948 de
782 3899 889 3948 cometa
915 3891 1009 3946 affert:
1032 3898 1166 3946 rommm
1184 3898 1261 3944 motu
1279 3888 1414 3958 inaequali
1427 3884 1479 3941 &tt

149 3980 241 4036 Solem
259 3980 332 4051 ferri,
351 3982 455 4036 tardius
474 3982 575 4037 moreti
593 3998 656 4037 eum
668 3982 696 4036 iu
708 3990 787 4051 parte
800 3981 874 4035 orbis
887 3980 929 4035 sui
942 3981 1044 4034 Terrae
1057 3978 1187 4048 propiore
1197 3985 1325 4034 versetur
1341 3982 1393 4040 (etr.
1404 3978 1479 4029 retu·

147 4071 198 4120 vot.
217 4071 274 4123 Vll.
294 4086 322 4135 p.
340 4073 412 4137 288),
441 4069 559 4124 uelocius
577 4070 605 4124 in
623 4071 766 4138 superiore
788 4075 880 4138 parte3
907 4084 941 4122 ex
960 4067 1099 4122 schemate
1123 4066 1171 4120 illo
1195 4074 1326 4135 apparet,
1349 4064 1479 4136 Tychofl

147 4153 270 4223 recipere
289 4162 421 4210 cometam
439 4157 467 4210 in
486 4156 651 4226 hypothesin
669 4171 746 4211 suam
765 4154 799 4209 de
816 4155 918 4210 mundo
937 4155 1016 4224 quasi
1034 4159 1199 4223 perpetuum
1218 4152 1413 4208 ambulatorem
1426 4146 1481 4205 άα

152 4240 253 4299 Solem.
290 4242 410 4297 Caudum
430 4253 550 4299 cometae
569 4261 624 4298 non
643 4261 660 4298 u
678 4244 741 4299 Sole
760 4242 809 4298 sed
828 4258 845 4296 a
862 4243 968 4296 Venere
987 4241 1088 4295 directe
1107 4254 1231 4294 aversum
1250 4240 1353 4309 lunae,
1369 4226 1480 4310 Tychai

151 4326 357 4381 observationes
375 4336 519 4383 testantur.
556 4332 725 4386 Diametrum
743 4328 841 4400 capitis
859 4334 981 4384 comeue
999 4333 1142 4397 computat
1159 4326 1194 4381 ad
1213 4326 1288 4383 diem
1308 4329 1350 4385 tt.
1365 4326 1429 4382 Nor.
1441 4316 1481 4378 ild

147 4414 302 4468 milliarium
320 4415 385 4473 fere.
403 4415 600 4487 longitudinem
619 4418 722 4472 eandm
741 4418 774 4474 96
792 4415 889 4472 censiti.
908 4417 1018 4472 Terrae.
1058 4415 1118 4481 „Ad
1135 4412 1257 4484 reliquos
1282 4414 1342 4470 dioc
1357 4428 1409 4469 nun
1423 4408 1481 4465 net

148 4500 220 4557 hano
238 4502 445 4559 calculationem
465 4505 628 4574 producere,
651 4507 751 4576 partim
769 4507 833 4575 quia
850 4505 983 4560 diameter
1000 4503 1098 4573 capitis
1117 4501 1216 4556 saltem
1233 4501 1318 4557 uulso
1335 4498 1383 4556 illo
1396 4493 1436 4555 tt
1448 4492 1482 4549 dt

366 1058 416 1108 ¹²¹ss-
431 1058 465 1099 tc

148 4587 311 4644 Novembris
329 4605 346 4645 a
363 4606 406 4645 me
425 4592 620 4648 observabatur
638 4601 667 4649 et
684 4595 788 4650 caudae
806 4608 943 4663 apparens
966 4591 1108 4661 longitudo
1129 4606 1181 4660 pro
1205 4591 1316 4648 nunus
1336 4590 1406 4647 atria
1417 4588 1483 4644 taam

147 4677 228 4731 medii
246 4677 322 4732 vario
340 4679 421 4733 ruodo
438 4694 500 4734 sese
518 4681 643 4737 exhibuit
659 4697 748 4750 neque
771 4690 875 4735 eertum
901 4688 1024 4737 tenorem
1041 4693 1207 4736 conservare
1223 4680 1383 4752 ridebatur,
1404 4673 1484 4749 μ*

148 4765 214 4836 quia
230 4771 319 4819 toturn
337 4765 391 4820 hoo
408 4767 547 4835 nogotium
565 4784 620 4823 aon
639 4769 707 4823 satis
724 4777 812 4827 ratam
830 4770 1028 4840 praecisionem
1046 4770 1199 4825 admittat*

253 4855 333 4911 Anno
351 4855 421 4912 1596
439 4854 603 4927 Urusihurgi
618 4858 648 4912 in
665 4859 752 4916 lucem
774 4859 879 4930 prodiit
894 4859 1090 4931 mrum
1106 4864 1365 4922 mmmm
1378 4859 1489 4934 tritula
