3322 5534
150 376 215 447 192
509 372 684 433 conectanea
701 386 737 431 ex
752 326 893 429 ωᾱίῶιιι
910 368 1149 431 Pnlkoriensibua

148 557 307 619 munitm
320 570 458 615 mansura
471 553 646 630 angolorum
661 555 800 627 omnium,
823 554 895 628 qnia
908 568 1010 612 omnes
1032 552 1089 612 sibi
1111 550 1261 629 aequales.
1299 550 1374 613 iam
1397 568 1466 615 enm
1480 554 1512 611 ln

147 643 422 723 parallelogramma
444 642 505 701 sint
525 640 629 717 anguli
649 650 785 718 quatuor,
809 657 862 700 eos
881 658 936 717 per
956 648 1068 700 rectum
1082 642 1245 700 metiemur.
1281 640 1417 701 Primam
1429 640 1512 701 linea

148 748 252 793 asom
275 728 434 808 parallelas
463 729 627 804 aequaliter
648 727 688 789 ad
713 737 869 803 utramque
890 727 1049 788 inclinatur
1070 726 1271 805 aequalesque
1294 745 1362 788 enm
1385 736 1512 805 atraque

148 820 303 880 constitnit
322 816 458 893 angulm
482 824 620 877 externos
635 818 711 876 intra
725 815 879 892 oppositis.
915 814 951 873 ld
973 832 1032 873 non
1048 825 1117 891 eget
1131 814 1304 891 probatione
1327 816 1399 890 alla,
1422 832 1512 893 qnam

150 911 218 979 iata,
242 904 321 983 qnod
343 902 448 963 eadem
470 903 626 964 inclinatio
646 903 774 964 eundem
796 903 867 963 iacit
888 901 1041 978 angulum,
1064 918 1133 963 cum
1154 902 1279 981 angulus
1301 903 1344 962 nil
1367 904 1407 964 sit
1429 902 1512 963 aliud

147 1012 238 1073 quam
260 992 422 1053 inclinatio.
466 988 598 1052 Eandem
626 999 725 1051 antem
754 989 974 1051 inclinationem
1003 1006 1128 1050 manea
1151 989 1400 1068 cointelligitur,
1431 989 1512 1069 qnod

725 1085 825 1138 saetae
847 1075 1005 1155 parallelae
1021 1083 1098 1149 aunt,
1121 1078 1256 1138 similiter
1276 1080 1368 1155 igitur
1389 1076 1429 1137 ad
1445 1094 1513 1138 see·

724 1166 826 1225 tricem
841 1164 1008 1224 inclinatae.
1035 1161 1119 1224 Unde
1134 1167 1275 1241 sequitur,
1291 1168 1317 1224 si
1334 1164 1363 1241 d,
1378 1164 1514 1225 liaclnnt

725 1260 872 1325 erectos,
895 1253 906 1309 i
929 1268 999 1310 vero
1021 1260 1051 1311 et
1074 1268 1093 1311 a
1114 1254 1172 1311 sint
1195 1252 1352 1328 aequales,
1383 1258 1419 1311 ut
1443 1252 1463 1312 d
1483 1262 1514 1312 et

724 1339 874 1399 alaciant
897 1344 915 1398 2
939 1352 1044 1411 rectos,
1065 1338 1124 1397 dno
1146 1355 1188 1399 so.
1211 1341 1380 1401 exteriores.
1426 1338 1515 1415 Quod

723 1429 835 1486 lateres
850 1433 995 1485 tencatur.
1033 1424 1103 1485 Jam
1125 1425 1211 1487 lincis
1232 1444 1265 1487 aa
1279 1434 1384 1487 mutuo
1407 1444 1515 1487 mean·

723 1515 803 1573 tibus
826 1513 928 1590 anguli
951 1534 1029 1576 nura
1050 1534 1183 1593 aequone
1203 1513 1277 1573 flunt
1298 1514 1397 1590 aequi.
1436 1514 1512 1575 Nam

724 1602 787 1661 iet
815 1617 832 1660 e
860 1606 929 1659 aunt
960 1606 979 1659 2
1009 1598 1097 1674 recii,
1121 1616 1138 1659 e
1160 1601 1233 1661 etlr
1262 1600 1380 1675 itidem,
1414 1600 1514 1663 demto

631 1726 650 1735 -
725 1689 871 1747 communi
894 1704 910 1747 e
933 1687 979 1745 bis
1001 1695 1162 1762 numerato,
1185 1688 1319 1749 residuos
1342 1691 1514 1766 iaeqnatnr

723 1774 886 1845 residuolr,
909 1774 1132 1834 eicete=d.
1171 1775 1246 1835 cnm
1261 1779 1422 1852 ergon-i-
1444 1794 1515 1837 e=

725 1862 794 1922 tlt
819 1870 848 1922 et
870 1860 943 1932 d-l·
964 1861 982 1919 b
1005 1862 1123 1936 itidem,
1147 1864 1188 1922 sit
1210 1880 1313 1925 veroa
1335 1864 1513 1941 aequumd,

722 1950 832 2022 iza,
855 1964 968 2025 g=c,
991 1948 1066 2007 b:
1084 1950 1112 2022 b,
1136 1964 1207 2027 ergo
1229 1959 1357 2029 quatuor
1379 1953 1461 2013 intra
1480 1972 1517 2007 =

724 2044 851 2113 quatuor
872 2037 968 2095 rectis.

257 2122 316 2184 Hic
334 2122 398 2198 jana
421 2123 538 2184 baereo.
584 2124 660 2199 liam
682 2127 776 2202 primo
798 2131 877 2184 esset
899 2121 1098 2201 probandam,
1128 2124 1308 2201 triangulum
1333 2142 1401 2186 esse
1426 2125 1514 2188 dimi·

153 2209 233 2270 diurn
256 2210 534 2289 parallelogrammi.
572 2211 717 2272 l'entabo.
762 2210 833 2271 Jam
854 2218 886 2271 et
906 2208 979 2269 illud
995 2209 1161 2286 tenendum,
1185 2214 1339 2289 oppositos
1354 2215 1445 2275 binos
1458 2232 1514 2275 arr·

154 2298 241 2374 gulos
264 2316 328 2358 esse
352 2298 503 2375 aequales.
549 2298 659 2358 Verum
681 2315 776 2375 neque
799 2299 856 2358 boc
877 2314 1002 2375 operosa
1026 2297 1140 2374 indiget
1162 2301 1345 2377 probatione,
1369 2304 1445 2378 quia
1466 2302 1514 2363 rel

151 2388 214 2444 sine
244 2402 281 2445 ea
310 2385 495 2447 concedetur.
539 2385 615 2445 Nam
637 2389 662 2445 si
692 2387 795 2447 eadem
827 2393 872 2446 cst
899 2384 1051 2444 inclinatio
1075 2385 1226 2459 binarum,
1255 2403 1332 2463 qnae
1357 2391 1512 2467 oppositos

151 2474 340 2547 constituunt,
364 2474 451 2534 iidern
467 2482 552 2534 erunt
567 2475 655 2534 etiarn
671 2473 782 2551 anguli.
822 2476 881 2533 Cur
897 2481 997 2533 autern
1012 2489 1071 2532 non
1086 2475 1125 2533 sit
1141 2473 1245 2535 eadem
1260 2474 1424 2551 inclinatio,
1448 2494 1512 2537 cnm

152 2560 239 2619 binae
261 2562 320 2619 sint
343 2562 469 2621 invicem
492 2560 678 2637 parallelae?
707 2560 739 2620 Si
763 2562 829 2637 quis
852 2568 951 2620 tamen
975 2576 1034 2619 non
1057 2559 1157 2636 credit,
1180 2562 1206 2620 ls
1229 2568 1260 2622 et
1282 2561 1512 2624 demonstratio·

151 2664 218 2707 nera
240 2646 364 2708 habeat:
388 2668 427 2723 m,
451 2649 552 2708 inunt
575 2647 634 2708 duo
656 2650 738 2721 recti,
761 2667 787 2722 e,
810 2648 830 2706 k
852 2647 964 2721 itidem,
988 2663 1059 2723 ergo
1080 2665 1120 2721 m,
1143 2648 1163 2721 l,
1187 2665 1213 2722 e,
1238 2648 1258 2706 lt
1279 2658 1410 2725 'quatuor
1432 2654 1511 2711 rectl.

153 2732 225 2794 Jam
247 2752 285 2809 m,
308 2736 328 2794 lr
350 2746 420 2795 sunt
442 2734 500 2797 dno
523 2737 612 2802 recti,
633 2734 745 2796 residui
767 2737 858 2812 igitur
879 2735 899 2807 i,
924 2751 940 2794 e
965 2736 1118 2794 interiores
1140 2742 1209 2795 suut
1231 2736 1357 2796 residuis
1382 2744 1401 2798 2
1426 2742 1512 2799 rectis

151 2824 254 2898 aequi,
284 2840 374 2898 quare
397 2831 428 2885 et
450 2841 476 2898 e,
499 2823 529 2896 b,
560 2839 630 2899 ergo
660 2825 748 2898 aequi
771 2823 794 2897 l,
815 2840 831 2881 e
854 2829 884 2883 et
905 2838 931 2891 e,
955 2820 993 2897 b;
1022 2838 1205 2883 commanem
1228 2840 1245 2884 e
1266 2826 1380 2901 eximo,
1410 2828 1517 2905 ergol

150 2916 261 2986 aequat
283 2907 311 2969 b.

255 2996 349 3057 Porro
371 2994 461 3058 ducta
483 2996 641 3069 diametro,
664 2996 758 3073 ligura
780 2995 860 3056 eadit
887 2997 917 3053 in
941 2994 1000 3056 duo
1022 2995 1182 3072 triangula,
1200 3014 1279 3075 qaae
1301 2998 1417 3076 figurae
1437 3018 1514 3078 qna·

153 3091 221 3145 tuor
243 3084 368 3161 angulos
391 3083 554 3161 aequaliter
575 3086 651 3145 inter
672 3103 705 3145 se
727 3086 908 3162 partiuntur,
940 3091 973 3141 ut
998 3083 1122 3159 singulis
1154 3082 1215 3144 duo
1246 3089 1315 3146 raeti
1340 3088 1513 3151 obveniant.

153 3169 240 3247 Quod
255 3180 289 3231 at
309 3173 464 3248 probetur,
489 3171 660 3245 notandum,
684 3172 867 3246 diametrum,
890 3173 916 3229 si
932 3168 1116 3246 producatur,
1138 3188 1239 3231 secare
1258 3173 1430 3251 parallelas,
1454 3192 1514 3253 qao

152 3260 182 3317 in
205 3274 276 3319 casu
297 3259 400 3337 anguli
423 3257 550 3333 trottae
573 3268 746 3336 aequantur,
769 3258 848 3319 unde
862 3261 1003 3334 seqnitur,
1028 3258 1167 3334 trianguli
1191 3262 1219 3316 ln
1235 3261 1513 3339 parallelogrammis

152 3354 211 3408 tres
233 3347 358 3424 angulos
381 3347 521 3424 aequales
544 3364 610 3408 esse
632 3346 748 3409 duobus
770 3349 867 3407 rectis.
913 3343 1007 3406 Omne
1030 3363 1101 3406 reru
1129 3346 1307 3423 triangulum
1329 3351 1512 3425 geminatum

152 3433 204 3497 dat
223 3435 549 3514 parallelogrammum:
574 3452 659 3497 omne
681 3438 772 3513 igitur
792 3434 883 3495 babet
905 3442 964 3494 tres
977 3431 1104 3511 angulus
1118 3434 1258 3510 aequales
1273 3434 1392 3499 duobus
1414 3440 1510 3499 rectia.

149 3752 204 3810 Aa
225 3752 475 3825 mmnmrlorum
506 3751 666 3811 doctrina
686 3766 747 3823 per
776 3751 1006 3823 sexiplanium
1029 3751 1272 3822 compendiose
1298 3755 1392 3813 tradi
1414 3760 1452 3815 et
1472 3772 1515 3817 ex

472 3840 654 3911 sphaerico
674 3841 713 3897 in
733 3842 875 3910 planum
898 3840 1028 3899 deduci
1048 3839 1182 3910 possiti

257 3967 284 4021 1.
307 3960 485 4021 Heraidron
508 3958 656 4021 clauditur
676 3976 729 4020 sex
751 3958 962 4036 superficiebus
985 3958 1206 4036 quadrangulis.

255 4054 285 4109 2.
307 4047 414 4109 Tribus
437 4049 663 4125 quibuscunque
686 4049 801 4125 punctis
822 4048 941 4124 positis,
973 4048 1092 4125 ponitur
1113 4050 1231 4109 unicum
1253 4050 1440 4130 triangulum
1461 4070 1514 4115 sen

151 4131 281 4211 planum.

256 4228 284 4283 b.
308 4220 442 4297 Quatuor
463 4225 580 4301 punctis
602 4224 632 4280 in
656 4220 759 4282 eadem
781 4220 904 4297 planitie
927 4223 1041 4299 positia,
1065 4225 1182 4300 ponitur
1204 4222 1448 4301 quadrilaterum.

259 4315 288 4371 t.
312 4307 445 4384 Quatuor
468 4313 584 4389 punctis
605 4326 666 4370 non
688 4311 720 4369 ia
741 4308 845 4369 eadem
867 4308 988 4388 planitie
1011 4313 1116 4386 positia
1138 4315 1257 4390 ponitur
1277 4314 1458 4377 tetraiidron.

258 4400 286 4457 ὁ.
310 4394 447 4473 Quinque
468 4401 585 4476 punctis
607 4413 665 4457 non
689 4400 718 4455 in
741 4396 857 4457 duabus
872 4396 1050 4475 planitiebus
1072 4402 1186 4475 positis,
1208 4400 1329 4476 ponitur
1343 4400 1511 4465 beaaiidron

152 4483 339 4559 triangulare,
363 4481 510 4545 divisibile
533 4488 562 4543 in
586 4484 645 4546 dno
668 4483 823 4546 tetraidre.

253 4576 282 4631 6.
304 4569 363 4631 Sex
385 4574 500 4647 punctis
521 4574 564 4632 aie
586 4571 746 4651 dispositis.
771 4578 803 4631 ut
825 4580 968 4649 quaterna
981 4576 1011 4632 in
1026 4573 1119 4634 tribus
1134 4575 1193 4633 slnt
1207 4572 1406 4653 planitiebus,
1424 4578 1514 4655 poul-

75 4677 81 4689 ·
151 4662 199 4717 tur
220 4659 330 4736 prisma
351 4674 404 4718 sou
426 4660 616 4734 pentaiidrou,
638 4659 708 4719 bino
730 4660 825 4720 lroute
847 4661 1005 4738 triangula.

254 4752 283 4806 i.
306 4742 382 4805 Octo
404 4748 521 4823 punctis
541 4749 584 4807 sic
607 4746 768 4825 dispositis,
792 4756 825 4807 nt
838 4756 982 4825 quaterna
995 4750 1056 4811 sint
1069 4750 1100 4808 in
1114 4746 1294 4826 planitiebus
1309 4752 1400 4829 senia,
1421 4752 1510 4831 poni-

151 4836 199 4897 inr
218 4830 387 4899 haaaiidroa
408 4832 646 4914 quadrilaterum.
