3308 5534
200 378 245 449 86
719 376 883 436 Plutarchus
901 376 936 433 de
953 375 1036 433 Facie

307 558 342 619 tn
363 564 428 619 toto
450 573 520 619 rem
542 556 681 619 universo
704 556 734 617 id
756 555 837 634 quod
851 558 957 617 malins
973 558 1072 634 potius
1095 563 1141 617 est
1163 574 1208 633 eo,
1232 556 1312 635 quod
1335 565 1381 620 est
1403 574 1440 617 ex
1454 574 1562 619 mess·

202 650 301 709 ritate.
345 644 421 707 llam
444 643 514 724 quid
537 646 564 706 si
585 646 629 705 sio
652 653 852 705 consectemur
874 645 1165 717 verisimilitudinem,
1189 662 1225 705 er
1248 647 1286 703 iis
1308 646 1460 720 nlrnimm,
1482 662 1561 723 quas

203 736 261 813 ipsi
280 732 440 793 uterum?
470 732 580 793 Dicunt
602 742 701 793 autent
723 740 822 809 partes
843 732 970 792 aetheris
991 731 1161 809 splendidas
1185 731 1303 809 quidem
1326 742 1355 791 et
1376 734 1503 793 subtiles
1523 734 1563 793 ob

202 824 352 883 raritatem
374 819 501 891 melum,
524 818 719 879 condensatas
743 835 813 879 vero
835 828 865 879 et
886 828 1005 879 coactas
1028 822 1056 877 in
1079 828 1237 895 angustum
1259 827 1338 878 astra
1358 820 1454 879 iactas
1475 834 1560 893 esaar

204 926 240 969 ex
263 908 344 966 hisee
366 923 436 967 vero
461 906 678 965 imbecillimum
701 907 885 981 maximeque
908 907 1106 966 turbulentum
1130 924 1194 966 esse
1219 906 1341 967 Lunam.
1387 908 1479 983 Atqui
1501 924 1561 967 non

203 1004 302 1055 nmen
324 994 391 1055 ideo
414 1002 597 1071 segregatam
620 994 658 1053 ab
681 994 799 1055 aethora
821 992 922 1055 ridere
951 993 1020 1055 lieet
1042 993 1172 1068 Lunam,
1203 993 1256 1053 esd
1278 993 1376 1053 adltue
1397 994 1491 1054 multo
1515 996 1563 1053 in·

203 1084 339 1143 toriorem
367 1080 448 1141 illam
471 1083 622 1141 circumire
643 1079 875 1157 profundamque
903 1090 933 1141 et
954 1084 1115 1157 spatiosam
1142 1081 1198 1140 sub
1221 1080 1384 1141 rehabere
1406 1090 1562 1141 ventorum

203 1171 382 1245 (regionem,
404 1177 493 1245 atqua
515 1168 544 1225 in
568 1167 619 1226 illa
641 1184 707 1227 oum
730 1166 887 1227 universali
905 1167 979 1229 coeli
1001 1169 1158 1245 vertigine)
1181 1170 1309 1244 torqueri
1333 1170 1422 1227 ctiam
1445 1176 1564 1229 comata

205 1255 312 1317 sidera.
358 1253 441 1315 Adeo
464 1272 522 1313 non
545 1264 649 1315 eoueta
671 1264 700 1314 et
723 1256 809 1330 qussi
832 1254 984 1315 obvallata
1005 1264 1074 1314 sunt
1094 1258 1248 1316 momentis
1270 1257 1424 1331 grauitatis
1440 1262 1471 1315 et
1484 1254 1563 1315 leri·

203 1344 275 1405 tatis
298 1359 421 1420 corpora
442 1341 568 1419 singula,
591 1339 644 1401 sed
665 1343 779 1402 ratione
801 1340 888 1418 longe
910 1342 1026 1402 diversa
1048 1351 1118 1402 sunt
1139 1347 1324 1404 concinnata.

306 1427 365 1489 liis
387 1429 489 1507 dictis,
515 1446 581 1489 curn
604 1446 659 1505 ego
685 1428 800 1489 Lucio
829 1429 943 1489 dicendi
966 1438 1064 1506 partes
1086 1429 1201 1503 darem,
1231 1431 1336 1506 utqui
1365 1426 1405 1488 ad
1433 1427 1558 1489 dernen-

204 1518 361 1579 rtratlones
382 1518 544 1578 sententiae
572 1516 746 1593 pergebam,
776 1516 1014 1577 Aristoteles
1047 1517 1217 1591 subridens,
1251 1533 1307 1593 ergo
1335 1534 1421 1591 vero,
1454 1518 1560 1594 lnquit,

204 1613 367 1683 protestor,
391 1602 471 1681 quod
493 1606 588 1663 omnis
609 1602 802 1664 contradictio
825 1610 877 1663 tun
899 1602 965 1663 illos
987 1612 1083 1680 petat,
1115 1607 1165 1680 qnl
1189 1604 1303 1664 Lunam
1326 1604 1445 1679 quidem
1467 1607 1562 1681 ipsam

204 1694 386 1769 semissneatu
407 1700 585 1769 supponunt,
610 1689 813 1751 universaliter
834 1701 932 1750 tamen
954 1708 1106 1767 corporum
1121 1692 1181 1752 alia
1194 1709 1319 1764 sursum,
1342 1690 1403 1750 alia
1426 1690 1562 1751 deorsum

205 1778 325 1841 nndsrs
347 1796 385 1841 ex
405 1796 439 1839 se
461 1780 534 1856 ipsis
555 1778 709 1837 affirmant.
756 1777 802 1837 An
826 1794 896 1839 uero
918 1780 1027 1837 eristst
1049 1778 1171 1854 aliquis,
1199 1781 1250 1854 qui
1272 1788 1301 1837 et
1323 1777 1457 1838 circulari
1478 1788 1563 1839 moto

206 1868 320 1927 moveri
341 1874 421 1927 esua
442 1864 622 1937 naturaiiter,
645 1876 674 1923 et
696 1874 819 1924 naturae
840 1876 1002 1941 aquatuor
1016 1865 1167 1925 elementis
1182 1866 1351 1943 longissime
1367 1864 1485 1925 diversa
1508 1864 1562 1927 illa

205 1970 271 2015 ease
293 1951 412 2027 dixerit,
443 1952 472 2013 id
494 1970 532 2011 ne
554 1952 673 2012 fortuito
700 1951 818 2028 quidem
847 1954 933 2011 nobis
961 1952 1072 2013 incidit.
1117 1952 1163 2011 lta
1185 1969 1280 2029 neque
1308 1954 1466 2029 quicquam
1489 1954 1562 2013 mibi

204 2042 381 2103 lsosrstvisti
402 2042 513 2117 negotii
535 2050 567 2101 et
587 2036 693 2121 (opera
706 2038 924 2101 demonstrandi
938 2039 1048 2099 Lucius
1071 2039 1212 2099 liberatus
1235 2038 1300 2117 esti
1329 2040 1405 2099 'lum
1421 2038 1562 2101 Lucios

203 2144 264 2189 noa
285 2128 388 2205 plane,
413 2144 430 2187 o
454 2129 539 2199 bone,
563 2127 616 2187 aed
639 2128 725 2185 nobis
747 2125 881 2203 quidem,
911 2129 961 2203 qni
984 2136 1014 2187 et
1036 2126 1150 2202 reliqua
1172 2126 1268 2187 nidera
1292 2128 1365 2186 eitra
1388 2127 1509 2187 dubium
1533 2138 1564 2190 et

205 2224 301 2277 totum
323 2214 399 2275 sdan
421 2214 536 2275 coelum
560 2216 589 2273 in
611 2232 714 2291 puram
729 2223 758 2273 et
774 2216 918 2274 sinceram
934 2222 963 2273 et
978 2216 1057 2274 omni
1079 2214 1212 2290 passibili
1236 2214 1411 2275 alteratione
1435 2232 1561 2275 asenam

203 2312 340 2363 naturam
363 2301 543 2363 collocamus
567 2304 654 2377 inque
678 2301 786 2360 circulo
809 2300 929 2361 diuinae
951 2310 1041 2378 atque
1065 2302 1257 2361 indesinentis
1280 2302 1479 2361 conversionis
1503 2304 1564 2363 elr-

205 2389 420 2464 oumdncimua,
452 2389 530 2448 haud
561 2389 647 2449 iacile
677 2406 749 2449 sane
771 2392 928 2465 quisquam
952 2390 981 2445 in
1005 2406 1144 2466 praesens
1171 2389 1393 2459 contradixerit,
1423 2392 1562 2464 quamvis

204 2476 432 2537 innumerabiles
446 2478 574 2537 existant
589 2475 776 2535 difficultates
789 2470 840 2555 ¹⁸).
872 2478 912 2536 At
934 2478 959 2534 si
975 2475 1026 2535 Sol
1039 2477 1102 2551 jam
1125 2475 1283 2537 descendat
1299 2475 1472 2551 Lunamque
1488 2494 1562 2535 con·

204 2572 326 2637 treetet,
345 2565 410 2641 jam
433 2581 492 2623 non
514 2564 640 2640 amplius
664 2564 873 2639 impassibilem
897 2580 963 2623 earn
986 2572 1015 2623 et
1038 2566 1232 2639 incorruptam
1255 2563 1399 2633 servabit,
1422 2578 1478 2622 neo
1500 2564 1563 2621 ilii-

206 2652 310 2712 batum
332 2652 407 2711 oinct
430 2653 560 2727 corporis
582 2652 647 2726 ejus
669 2650 778 2721 ssorem,
801 2655 871 2727 quin
893 2653 1005 2726 potius,
1031 2660 1063 2710 ut
1085 2660 1196 2711 ceteras
1219 2651 1445 2725 inaequalitates
1469 2660 1498 2709 et
1515 2649 1562 2708 dl·

207 2741 362 2799 usrritater
383 2748 611 2815 praetereamus,
634 2738 710 2797 lianc
733 2739 826 2813 ipsam
848 2739 954 2797 iaciem
976 2738 1040 2813 ejus
1062 2738 1256 2814 pellueentem
1272 2738 1423 2797 immeabit
1444 2745 1475 2795 et
1488 2754 1563 2797 con·

206 2826 362 2887 minabit
390 2826 492 2901 aliqua
519 2826 701 2885 substantiae
728 2825 792 2899 ejus
821 2826 991 2897 allectione,
1021 2828 1086 2885 sira
1115 2826 1259 2885 inlusione
1289 2834 1319 2883 et
1341 2824 1560 2899 quodammodo

207 2916 415 2974 commixtione
440 2912 594 2973 diversae:
622 2914 732 2988 patitur
755 2912 831 2971 enim
854 2912 966 2989 aliquid
990 2914 1078 2972 etiam
1102 2912 1147 2983 id,
1171 2912 1250 2988 quod
1273 2914 1414 2971 mixtione
1436 2912 1563 2971 coniun-

207 3000 286 3059 ditur
308 3016 374 3061 eum
397 3000 472 3071 alio,
502 3000 597 3076 perdit
620 3001 697 3059 enim
719 3002 926 3071 sinceritatem,
950 2998 1093 3060 violentia
1115 3000 1266 3059 deterioris
1288 2998 1439 3074 repletum.
1486 2998 1563 3059 Tum

206 3096 306 3149 autern
328 3089 483 3165 segnitiem
506 3088 570 3163 ejus
593 3088 777 3163 impetusque
799 3090 976 3147 retusionom
1000 3096 1029 3146 ot
1044 3085 1150 3146 caloris
1174 3086 1403 3147 imbecillitatem
1426 3086 1562 3145 obscuri·

207 3182 371 3251 talemque,
402 3176 452 3251 qui
475 3174 635 3235 secundum
657 3172 759 3233 Ionem
785 3208 823 3219 -
850 3208 888 3219 -
911 3194 976 3235 non
1009 3176 1056 3235 uel
1087 3178 1260 3249 uiprantem
1288 3192 1383 3233 unum
1411 3178 1560 3249 rreoqsnt

206 3260 278 3339 quid
301 3278 367 3323 esse
388 3260 535 3336 dieamus,
567 3260 637 3337 quid
668 3262 724 3319 nisi
753 3261 948 3321 infirmitatem
977 3262 1041 3337 ejus
1068 3270 1097 3321 et
1124 3262 1276 3331 allectum,
1306 3264 1332 3319 si
1355 3262 1562 3321 allectionibus

204 3348 289 3409 loeus
309 3358 355 3409 est
376 3351 406 3408 iu
434 3365 554 3425 corpore
582 3351 701 3425 perenni
724 3358 753 3408 et
776 3348 920 3409 coelestii
952 3346 1079 3407 Onnrino
1101 3350 1192 3418 enim,
1223 3366 1242 3406 o
1265 3348 1353 3408 citare
1376 3348 1560 3421 urinantes,

204 3434 351 3513 siquidem
380 3454 447 3497 eam
469 3446 501 3495 ut
523 3446 629 3497 terram
659 3436 789 3511 aliquam
813 3440 973 3500 intuemur.
1003 3435 1197 3510 pulebarrirna
1225 3436 1311 3493 uobis
1337 3452 1384 3495 res
1407 3445 1437 3496 et
1459 3436 1560 3495 lautae

205 3524 317 3585 formae
340 3522 441 3585 rideri.
457 3532 553 3599 potest
576 3532 607 3583 et
634 3526 752 3583 omuino
779 3524 912 3589 excultar
939 3525 1016 3581 atsi
1040 3534 1071 3581 ut
1093 3523 1175 3581 aldus
1197 3532 1248 3581 aut
1271 3535 1304 3581 ut
1332 3522 1428 3583 lumen
1452 3533 1504 3581 aut
1527 3532 1560 3581 ut

206 3626 313 3687 oorpus
340 3610 471 3669 divinum
499 3619 529 3669 et
555 3610 700 3682 eoeleste,
732 3628 834 3669 uereor
856 3620 889 3669 ut
918 3608 1055 3669 deformia
1084 3610 1227 3670 habeatur
1255 3622 1285 3669 et
1315 3611 1407 3686 turpis
1436 3619 1561 3685 aspectu

206 3714 342 3775 quaeque
364 3699 474 3758 nomini
496 3708 557 3757 tum
577 3696 700 3774 pulelrro
723 3696 864 3773 pudorem
886 3698 1004 3769 aderam
1033 3698 1143 3773 quippe
1165 3714 1231 3755 cunr
1254 3714 1300 3767 ea,
1324 3712 1401 3772 quse
1424 3700 1453 3755 in
1476 3696 1561 3755 coelo

209 3794 288 3859 sunt,
310 3795 393 3845 tauto
416 3786 475 3844 rint
496 3801 631 3855 numero,
659 3784 725 3843 sola
745 3784 819 3844 baec
841 3802 877 3843 ex
901 3784 1036 3843 omnibus
1058 3795 1205 3859 snprerest,
1229 3801 1305 3860 quae
1328 3784 1425 3843 alieno
1449 3782 1561 3857 indiget

205 3872 315 3934 lumine
337 3888 473 3949 quaeque
494 3871 655 3933 secundum
679 3870 880 3930 l'amrenidem
901 3888 1018 3945 semper
1039 3874 1201 3945 oprientnr
1223 3872 1347 3931 violenti
1368 3870 1411 3927 ml
1429 3871 1562 3947 sulpura

207 3960 295 4021 Sota.
325 3960 363 4019 Et
384 3962 483 4019 socius
506 3958 624 4035 quidem
646 3968 746 4018 noster
769 3960 798 4015 in
821 3956 1025 4019 dissertatione
1040 3976 1104 4029 sua,
1127 3958 1326 4019 demonstrato
1341 3957 1421 4033 quod
1440 3960 1562 4017 Artaxa-

204 4064 296 4125 porao
318 4046 437 4123 quidem
460 4056 519 4119 est,
550 4046 649 4107 Solem
673 4044 772 4106 indere
796 4046 897 4105 Lunae
919 4044 1118 4122 splendorem,
1140 4054 1257 4105 strenue
1279 4063 1339 4107 rem
1362 4048 1472 4117 peusit3
1504 4062 1562 4119 ego

207 4152 279 4197 roro
302 4136 338 4193 iis
360 4152 418 4195 non
441 4135 625 4205 immorabor,
648 4150 724 4209 qaue
739 4152 757 4191 a
774 4134 859 4192 vobis
874 4145 926 4194 ant
942 4134 1093 4191 vobiscum
1116 4132 1213 4203 didici,
1237 4132 1290 4193 sed
1312 4132 1418 4193 lubens
1442 4132 1562 4193 volens·

208 4240 267 4299 qua
288 4220 327 4283 ad
350 4240 485 4299 eaquae
508 4232 618 4283 restant
640 4220 779 4279 transibo.

311 4309 406 4385 lgltur
429 4310 541 4370 Lunam
571 4310 669 4369 lnman
696 4310 849 4383 concipere
878 4324 936 4364 non
968 4316 1000 4365 ut
1031 4310 1136 4367 vitrum
1165 4317 1218 4365 aut
1247 4306 1358 4379 glacies
1381 4308 1563 4379 ingressione

204 4394 325 4455 luminis
347 4410 378 4457 et
400 4398 591 4474 pellueentia,
621 4394 760 4455 credibile
785 4406 849 4465 cst,
879 4393 931 4453 sed
961 4412 1056 4471 neque
1084 4393 1260 4455 collucentia
1287 4404 1316 4453 et
1338 4392 1562 4467 eomediatione,

205 4486 286 4543 sicut
307 4484 432 4556 iarulse,
456 4492 603 4543 crescente
626 4482 743 4541 lumine.
774 4482 839 4541 ldoc
862 4484 937 4539 enim
960 4484 985 4539 si
1008 4492 1095 4547 esset.
1119 4482 1204 4542 Luna
1225 4497 1282 4539 non
1304 4483 1399 4539 minus
1422 4482 1451 4537 in
1475 4484 1564 4540 noui·

205 4569 288 4631 lunio
311 4588 400 4647 qnam
425 4572 453 4627 in
476 4572 598 4629 semisse
613 4571 722 4629 mensis
745 4586 796 4628 seu
820 4568 933 4627 decima
948 4572 1051 4643 quinta
1066 4569 1154 4645 pleno
1171 4568 1253 4627 vultu
1268 4568 1432 4643 apparebit,
1454 4570 1479 4627 si
1503 4585 1560 4627 non

205 4660 280 4735 tegit
302 4660 368 4737 lpsa
390 4673 486 4732 neque
508 4654 642 4716 obvallat
655 4656 766 4729 Solem,
789 4655 841 4717 scd
865 4660 1034 4716 transmittit
1056 4674 1123 4716 eum
1146 4658 1185 4715 ob
1207 4658 1355 4715 raritatem
1377 4666 1430 4715 aut
1444 4658 1469 4713 si
1485 4672 1561 4732 qua·

206 4744 275 4807 dnm
297 4744 469 4807 confusione
493 4742 611 4803 irradiat
634 4754 664 4803 et
687 4744 768 4805 relnt
789 4744 951 4805 exardescit
973 4748 1080 4803 circum
1105 4743 1185 4803 illam
1209 4742 1316 4803 lumen.
1347 4744 1398 4803 Sic
1412 4744 1489 4802 anim
1505 4760 1561 4803 ex·

208 4836 323 4897 enrmlo
345 4840 498 4905 comesta,
520 4848 598 4911 qaae
619 4832 651 4893 in
673 4830 885 4894 declinationes
906 4838 938 4895 at
959 4832 1129 4895 sremionss
1149 4828 1298 4893 radiorum
1313 4846 1434 4893 oausam
1450 4830 1561 4895 conlcrt
