3308 5534
538 416 812 491 salsamentum
828 414 922 475 nunu
940 415 1120 476 ainamma
1423 415 1511 488 1025

146 599 245 675 libus,
275 598 436 677 inquibus
464 601 612 660 examinat
641 599 741 659 varias
772 600 926 679 opiniones
955 598 991 661 de
1025 601 1143 680 „causis
1166 590 1382 658 allicientibus“
1415 602 1511 657 ortum

145 702 247 748 novae
269 687 389 763 stellas;
412 689 454 747 sic
476 687 550 761 Pici,
576 686 760 746 Mirandulae
784 690 910 763 comitis,
934 690 1111 747 sententiam
1134 685 1171 745 de
1194 684 1355 761 astrologia
1377 683 1528 764 pluribus

147 776 280 855 inquirit,
303 792 386 835 suam
410 774 529 852 quidem
553 774 589 834 de
613 776 643 833 vi
665 778 883 853 aspectuum'in
899 784 1035 835 naturam
1053 775 1241 835 sublunarem
1263 772 1383 832 firmiter
1398 781 1511 848 teneus,

145 864 181 922 iu
202 863 304 924 multis
327 880 397 924 vero
421 879 486 922 oum
508 862 581 922 Pico
605 865 801 922 consentiens.
846 862 951 941 Capite
968 870 1019 923 27.
1044 860 1288 941 deprehendimus
1312 867 1511 921 astronomum

149 949 352 1029 disputantem
379 949 435 1026 ,de
460 952 549 1008 casu“
582 956 611 1008 et
640 948 750 1009 dictum
779 949 853 1008 illud
876 950 913 1010 ds
936 953 1036 1010 uxoris
1066 951 1211 1022 acetaria,
1242 947 1321 1024 quod
1344 965 1413 1024 pag.
1438 954 1512 1009 938.

147 1041 368 1117 praemisimus.
398 1036 514 1097 ibidem
538 1038 663 1097 occurrit
684 1039 761 1096 iuter
782 1039 860 1098 seria
882 1037 977 1097 hilara
998 1041 1126 1119 narratio
1150 1038 1242 1111 lusus,
1266 1052 1325 1112 quo
1348 1037 1378 1093 in
1393 1035 1514 1096 adoles·

149 1128 250 1187 centia
273 1124 423 1202 quondam
439 1125 616 1184 delectatum
631 1140 745 1185 seesse
768 1123 856 1184 dicits
882 1125 1018 1206 „chartas
1040 1126 1167 1184 lusorias
1190 1125 1308 1199 aequali
1331 1140 1397 1183 cum
1419 1123 1513 1183 literis

155 1215 287 1275 nominis
318 1217 374 1272 mei
404 1228 525 1270 numero
555 1210 687 1287 singulas
716 1212 841 1288 singulis
868 1215 1003 1289 inscripsi
1034 1212 1142 1288 literis;
1175 1211 1243 1271 inde
1274 1214 1357 1287 coepi
1391 1213 1512 1272 miscere

150 1301 271 1361 abarim
304 1310 333 1360 et
355 1300 393 1358 ad
421 1302 527 1358 scriem
557 1316 657 1357 aarum
685 1298 845 1359 identidem
877 1303 1037 1377 respicere,
1068 1302 1093 1357 si
1124 1299 1241 1376 quando
1271 1316 1375 1358 seusus
1403 1299 1512 1376 aliquis

148 1386 292 1467 prodiret.
337 1387 388 1445 Dii
412 1388 553 1461 Deaeque
578 1386 740 1462 Epicureae
763 1402 865 1447 omnes
886 1386 1012 1463 perdant
1033 1387 1110 1445 hunc
1133 1403 1242 1459 casum,
1268 1389 1318 1460 qui
1341 1384 1413 1444 mihi
1435 1403 1513 1444 uun-

152 1485 245 1553 quam
267 1492 305 1533 ne
328 1476 442 1534 eminus
466 1472 584 1549 quidem
608 1472 761 1534 ostendere
783 1476 889 1549 potuit,
913 1474 993 1551 quod
1016 1475 1053 1533 ad
1078 1476 1254 1534 sententiam
1279 1471 1409 1548 aliquam
1432 1473 1512 1532 ollu-

152 1561 250 1637 deret,
275 1578 341 1622 cum
364 1562 521 1637 plurimum
544 1563 843 1637 temporis-eriperet.
874 1562 978 1638 ltaque
1000 1563 1117 1621 chartas
1140 1580 1220 1621 meas
1245 1561 1416 1621 Aetherioni
1435 1561 1509 1638 Epi-

153 1666 245 1711 eureo
268 1649 375 1709 tradidi
399 1652 427 1706 in
447 1650 569 1725 Apirum
586 1648 837 1724 transportandas,
861 1650 1015 1725 teruntque
1037 1650 1079 1708 ibi
1095 1648 1163 1709 illas
1177 1649 1274 1708 adhue
1297 1651 1372 1709 inter
1392 1658 1510 1709 atomos

150 1738 280 1798 volitare
303 1738 516 1807 confusissime,
539 1734 720 1794 nulliusdum
742 1752 846 1795 sensus
870 1733 997 1797 comesfl

263 1824 422 1900 SubJunxit
437 1823 582 1900 Keplerus
603 1824 679 1882 libro
696 1822 732 1883 de
748 1822 835 1883 stella
850 1839 930 1884 nora
944 1826 1164 1900 inquisitionem
1187 1822 1227 1883 de
1250 1840 1347 1883 anno
1364 1822 1510 1884 Christi

151 1911 289 1986 natali,
317 1930 406 1986 qnam
430 1911 489 1970 vol.
512 1910 565 1969 IV.
589 1929 617 1987 p.
645 1916 705 1970 lib
729 1927 768 1970 ss.
791 1913 1009 1987 praemisimus,
1038 1911 1207 1988 adjunctam
1232 1913 1336 1971 ceteris
1360 1911 1396 1970 de
1419 1910 1508 1971 chro-

150 1999 276 2074 nologia
305 2002 420 2075 scriptis
442 1997 571 2074 Kepleri
618 1996 651 2055 ln
674 1997 731 2055 hac
761 2014 879 2074 quoque
910 1998 1073 2058 studiorum
1104 2016 1224 2058 suorum
1255 2007 1337 2075 parte
1360 2006 1511 2058 strenuum

150 2104 187 2149 se
208 2087 331 2163 praebet
348 2085 528 2145 defensorem
552 2102 665 2156 eorum,
691 2101 768 2160 quae
789 2103 861 2145 vera
884 2103 950 2146 esse
973 2088 1127 2162 cognovit,
1154 2086 1363 2145 indefessum
1356 2103 1385 2143 ιιι
1409 2087 1510 2173 inqui-

149 2173 253 2237 reddis
277 2174 522 2249 chronologorum
546 2182 575 2231 et
597 2171 800 2231 historicorum
823 2170 919 2245 libris,
945 2176 1178 2234 versatissimum
1201 2176 1231 2232 in
1254 2174 1336 2233 libris
1366 2176 1458 2232 sacris
1481 2182 1512 2234 ct

149 2263 378 2339 grammaticum
400 2263 473 2320 satis
495 2258 650 2319 eruditum.
696 2260 742 2318 De
765 2262 950 2333 anctoritate,
975 2278 1035 2337 qua
1057 2278 1128 2321 usus
1151 2268 1204 2335 est,
1229 2278 1295 2320 oum
1319 2260 1388 2320 ab·
1381 2278 1511 2337 tmpera-

151 2358 220 2410 tore
242 2348 437 2408 Ratisbonam
461 2355 631 2421 vocaretur,
663 2355 696 2405 ut
715 2347 860 2422 judicium
889 2348 976 2408 lerret
999 2348 1034 2408 de
1058 2349 1247 2408 instituendis
1269 2349 1368 2407 Fastis
1394 2346 1511 2424 Grego-

149 2437 256 2509 rlanis,
280 2438 360 2512 prius
377 2436 514 2508 diximus,
539 2436 714 2493 auctoritate
732 2442 841 2505 autern,
865 2452 925 2512 qna
947 2439 1055 2495 nostris
1073 2453 1191 2512 quoque
1214 2435 1397 2512 temporibus
1420 2439 1513 2495 utitur

149 2514 184 2583 ln
208 2522 454 2599 chronologorum
476 2522 574 2595 libris,
601 2539 668 2582 vere
692 2538 758 2580 eum
783 2520 904 2599 dignum
928 2541 993 2583 esso
1015 2523 1143 2583 sulliciet
1164 2527 1190 2582 si
1213 2522 1363 2594 dicamus,
1386 2525 1512 2598 primum

149 2628 171 2671 a
194 2610 325 2685 Keplero
350 2610 579 2671 demonstratum
603 2609 714 2684 etjam
738 2616 771 2667 nt
794 2627 895 2670 verum
919 2619 1071 2687 acceptum
1094 2628 1175 2683 esse,
1200 2627 1298 2670 aeram
1314 2609 1513 2671 Christianam

149 2697 244 2759 hodie
267 2700 407 2758 usitatam
430 2714 582 2757 erroneam
606 2713 670 2756 osse
686 2695 893 2774 Christumque
915 2707 1017 2757 natura
1040 2699 1077 2758 ad
1100 2700 1251 2757 minimum
1275 2700 1406 2775 quinque
1428 2701 1514 2759 anuis

152 2792 368 2858 aute'annum,
392 2803 479 2861 quom
502 2784 626 2843 dicimus
649 2785 773 2859 primurn
796 2801 883 2845 aerae
906 2786 1099 2846 christianae.
1118 2819 1156 2829 —

261 2872 442 2932 Tabulae
466 2871 754 2947 Rudolphinae,
778 2889 853 2948 quas
876 2880 908 2931 ut
931 2874 1086 2933 conficeret
1105 2873 1252 2951 Keplerus
1275 2875 1313 2932 ab
1337 2875 1513 2950 imperatore

147 2959 317 3035 Budolpho
348 2963 423 3019 inter
446 2960 506 3018 alia
529 2958 669 3018 mandata
691 2968 859 3035 acceperat,
891 2960 1046 3020 absolutae
1076 2968 1145 3019 sunt
1173 2977 1250 3020 anno
1276 2960 1392 3019 demum
1418 2967 1512 3035 toas,

151 3049 298 3109 vicesimo
322 3050 424 3123 quinto
450 3064 486 3107 ox
509 3064 567 3122 quo
592 3047 815 3106 observationes
836 3047 987 3126 Tyohonis
1010 3048 1140 3124 Keplero
1163 3048 1288 3108 traditae
1311 3057 1388 3107 suut.
1434 3046 1518 3109 Usus

149 3143 200 3196 est
214 3134 253 3193 ad
268 3134 322 3193 has
346 3135 462 3193 tabulas
485 3136 535 3207 iis,
560 3152 635 3211 quac
652 3134 823 3193 intermedio
847 3144 977 3211 tempore
992 3152 1072 3195 nova
1094 3137 1123 3192 ia
1147 3138 1326 3194 astronomia
1350 3138 1513 3210 invenerat,

151 3239 253 3298 eaque
280 3231 314 3281 nt
346 3226 434 3281 etiam
462 3239 547 3280 usurn
579 3220 821 3296 logarithmornm
852 3223 881 3280 iu
911 3222 1032 3282 calculis
1062 3225 1266 3282 astronomicis
1295 3230 1324 3281 et
1354 3241 1390 3283 ex
1415 3223 1514 3303 „Hip-

149 3305 285 3388 parcho“
311 3326 366 3368 suo
389 3308 492 3369 Lunae
513 3308 659 3367 theoriam
689 3307 875 3368 emendatam
898 3312 928 3368 in
953 3308 1167 3387 „praeceptis“,
1191 3328 1268 3385 quae
1298 3318 1366 3369 sunt
1393 3328 1514 3371 numero

153 3403 222 3458 209
247 3399 419 3473 praemissa,
443 3396 581 3472 explicat.
612 3395 708 3455 Tanto
731 3395 867 3456 meliores
890 3404 921 3455 et
942 3400 1137 3457 accuratiores
1161 3406 1230 3456 sunt
1252 3397 1308 3458 hae
1332 3398 1453 3458 tabulae
1467 3401 1514 3472 ils,

153 3500 236 3562 quae
260 3492 349 3543 autea
370 3485 399 3540 in
423 3501 478 3542 usu
501 3484 629 3555 inerant,
660 3492 692 3541 ut
719 3485 819 3542 statim
847 3486 931 3544 initio
955 3486 993 3544 ab
1017 3486 1153 3544 omnibus
1182 3488 1358 3545 astronomis
1385 3488 1514 3546 marimo

153 3579 300 3648 aceeptae
331 3571 439 3630 luerint
466 3570 576 3646 gaudio
599 3579 628 3629 et
651 3572 779 3630 maxima
802 3572 831 3628 in
854 3579 1003 3632 auctorem
1033 3575 1137 3649 gratia.
1183 3571 1271 3631 Solae
1296 3575 1324 3629 in
1352 3589 1408 3632 usu
1431 3581 1514 3633 erant

150 3676 209 3739 per
231 3658 363 3718 seculum
388 3658 711 3732 decimumseptimum
735 3665 765 3717 et
788 3665 848 3717 tum
872 3658 989 3720 demum
1012 3660 1217 3732 exoleverunt,
1249 3676 1316 3718 com
1344 3662 1513 3734 astronomi,

151 3747 328 3807 melioribus
351 3763 440 3821 quam
463 3756 552 3805 antea
574 3745 716 3804 adhibitis
738 3747 937 3806 instrumentis
960 3756 990 3807 et
1005 3747 1118 3806 calculo
1143 3748 1338 3806 astronomica
1362 3749 1391 3806 in
1408 3747 1514 3807 melius

153 3850 255 3906 verso,
278 3833 508 3892 accuratioribus
532 3833 788 3891 observationibus
816 3836 861 3892 usi
890 3851 985 3894 novas
1008 3834 1166 3894 conderent
1194 3832 1312 3894 tabulas
1336 3833 1514 3911 easdemque

152 3923 275 3982 inuisas
296 3919 494 3980 fundamentis
517 3938 536 3980 a
556 3919 685 3996 Keplero
709 3922 823 3996 positis.

264 4006 361 4067 Verbo
392 4015 504 4067 tantum
535 4006 658 4067 dicimus
687 4007 808 4086 Kepleri
841 4007 1176 4088 „stereometriam
1207 4006 1444 4082 doliorum“,
1477 4027 1513 4069 ex

152 4095 340 4198 praelatione
360 4105 461 4155 nostra
483 4095 520 4154 ad
545 4097 622 4154 hunc
645 4094 750 4153 librum
773 4095 847 4154 haec
862 4104 1041 4171 repetentes:
1068 4098 1166 4175 „viam
1182 4098 1331 4172 ingressus
1347 4105 1391 4155 est
1407 4099 1511 4174 siugu-

150 4183 290 4255 larem,
282 4184 398 4242 rnnixus
421 4183 538 4258 quidem
563 4183 711 4242 veteribus
734 4182 957 4257 mathematicis,
981 4191 1014 4242 ut
1031 4183 1204 4243 Archimede
1220 4192 1250 4243 et
1267 4183 1436 4262 Apollouio,
1460 4183 1513 4245 sed

150 4272 284 4333 marimo
316 4288 352 4330 er
380 4279 462 4348 parte
492 4273 537 4328 sui
569 4271 679 4346 ingenii
709 4270 836 4329 confisus
867 4288 996 4348 ususque
1027 4271 1180 4345 subsidiis,
1211 4287 1366 4379 novasque
1395 4273 1459 4332 vias
1484 4279 1514 4332 et

151 4360 285 4421 rationes
308 4358 439 4436 pandens
461 4358 635 4433 aequalibus
658 4365 688 4416 ot
711 4354 932 4434 posteris-st

262 4445 368 4506 Omnia
392 4463 468 4522 quae
491 4445 587 4504 adhuc
610 4447 801 4503 tractavimus
824 4444 943 4522 Kepleri
969 4463 1058 4522 opera
1073 4444 1102 4503 id
1120 4446 1230 4505 hahent
1245 4462 1408 4518 commune,
1432 4444 1513 4521 quod

153 4548 259 4596 eoram
282 4542 382 4593 auctor
404 4542 603 4592 astronomum
627 4532 857 4591 doctissimum
849 4549 879 4591 ιιι
903 4535 994 4592 iisse
1017 4534 1144 4607 exhibet,
1169 4534 1218 4609 qni
1242 4550 1300 4593 nou
1316 4532 1404 4592 modo
1420 4542 1516 4591 astro·

153 4623 274 4682 nomiae
297 4621 446 4680 historiam
472 4638 631 4696 omnesque
654 4620 719 4695 ejus
743 4623 865 4680 virtutes
889 4629 919 4680 et
935 4623 1017 4694 vitia,
1041 4622 1253 4681 recentioribus
1276 4620 1516 4697 inquisitionibus

154 4708 348 4783 investigatu,
373 4709 592 4767 accuratissime
614 4709 738 4781 noverit,
763 4707 814 4768 sed
838 4710 929 4768 etiarn
952 4716 1047 4767 totum
1071 4709 1135 4786 ejus
1159 4725 1244 4768 usum
1260 4716 1350 4785 atque
1372 4709 1517 4766 rationem

154 4798 275 4878 penitus
298 4803 480 4872 perspectam
503 4794 629 4871 haheat,
662 4797 772 4874 quique
795 4796 839 4873 ln
847 4794 923 4857 libro
946 4795 982 4856 da
1005 4796 1110 4857 Martis
1140 4797 1269 4857 motibus
1297 4797 1464 4876 partimque
1485 4795 1516 4901 iu

209 4894 471 4951 mamona-vua
1273 4894 1308 4954 db
