3308 5534
225 364 405 427 amomum
421 366 558 427 Historiae
574 362 766 428 Astronomiae
783 368 876 429 seculo
894 370 966 429 XVI.
1218 368 1282 445 569

128 549 238 603 tnlrnm.
275 544 426 615 cipitata.
445 544 558 615 inquirit
570 546 747 615 copernicns,
766 552 879 603 seentns
890 546 1084 613 Ptolemaeum,
1103 546 1175 603 Solis
1188 560 1284 605 eccen-

128 631 247 703 renitqne
265 634 325 702 aas
342 634 476 689 rationem
494 634 529 689 ad
547 632 705 689 distantiam
717 652 736 691 a
747 632 833 690 Terra
848 641 880 690 ut
891 636 988 702 aaut
1005 635 1041 692 ad
1062 637 1090 705 l;
1109 635 1200 691 locam
1217 650 1282 706 apo·

147 722 179 775 6ο
196 721 296 787 40⁴5.
333 722 429 791 Capite
447 722 492 779 20.
513 722 641 791 legimns:
670 720 822 791 „Equidem
843 720 946 791 fateor,
971 722 1000 778 in
1022 722 1099 779 nulla
1122 728 1202 793 parte
1220 738 1283 779 esse

128 812 277 883 icnltatem,
296 828 377 881 quam
395 810 423 863 in
441 809 671 879 apprehendendo
691 810 762 865 Solis
779 826 917 881 apogaeo,
941 810 989 867 nbi
1006 826 1056 881 per
1073 812 1182 866 minima
1202 824 1285 880 quae·

128 899 346 969 ¹pprebensibilia
358 912 457 967 magna
474 896 675 965 ratiocinamur,
693 896 823 966 qnoniam
841 899 913 955 circa
924 900 1081 970 perigaeum
1094 904 1122 955 ct
1133 912 1285 969 apogaeum

142 986 197 1041 (luo
216 986 386 1042 solummodo
403 985 534 1055 scrupula
551 985 734 1054 permutatio
752 984 1001 1055 prostbapbaereai,
1020 986 1092 1041 cirea
1104 985 1208 1041 medias
1221 1000 1285 1039 uero

128 1089 181 1131 uno
199 1072 328 1143 scrupulo
346 1076 363 1131 5
383 1075 425 1129 vel
444 1075 461 1131 6
478 1073 579 1143 gradus
598 1078 787 1142 praetereunt,
810 1071 934 1143 adeoque
958 1073 1080 1129 modicus
1098 1088 1175 1128 error
1192 1078 1285 1143 potest

128 1176 211 1215 arsum
230 1170 409 1229 propagare.“
448 1161 534 1229 Quam
554 1160 589 1214 ob
607 1174 665 1213 rem
684 1159 851 1227 Copernicus
868 1160 936 1215 satis
948 1166 1074 1215 accurate
1091 1175 1147 1215 rom
1165 1158 1286 1229 inquirit,

142 1248 345 1313 „instrumentis
364 1248 539 1317 horoscopis“
561 1246 689 1315 conlisus,
708 1246 756 1302 scd
776 1246 848 1303 Solis
867 1248 947 1303 etiam
966 1254 994 1303 et
1005 1248 1102 1305 Lunae
1116 1246 1241 1302 delectas
1258 1246 1286 1301 in

128 1348 199 1389 cans
218 1342 246 1391 ct
265 1336 469 1391 observationes
488 1349 552 1389 suas
571 1350 632 1389 cnm
652 1334 857 1405 Hipparcbicis,
881 1335 1055 1392 Ptolemaicis
1079 1336 1194 1405 aliisque
1212 1350 1285 1389 com·

128 1420 291 1478 demonstret
310 1421 475 1487 „secundam
493 1429 522 1477 et
533 1420 669 1491 duplicem
683 1420 872 1490 differentiam,
892 1440 963 1492 quae
981 1424 1054 1479 circa
1065 1424 1155 1479 Solem
1173 1429 1288 1493 propter

128 1510 255 1567 tationem
280 1510 443 1579 contingit‘,
469 1509 566 1565 iterum
588 1510 659 1564 redit
683 1510 850 1579 Capernicus
872 1509 908 1564 ad
932 1508 1050 1565 circulos
1073 1509 1241 1565 eccentricos
1258 1514 1287 1563 et

128 1600 241 1655 >lenaei
279 1600 356 1655 Circa
374 1605 494 1654 centrum
515 1598 657 1654 eccentrici
676 1598 847 1654 describatur
865 1597 1008 1666 circellus,
1027 1597 1074 1668 qni
1091 1614 1147 1653 non
1165 1612 1286 1667 compre·

128 1704 156 1757 n;
176 1689 205 1742 in
222 1686 441 1743 circumferentia
459 1686 542 1755 hujus
561 1685 662 1742 circelli
680 1691 822 1741 moveatur
839 1692 961 1741 centrum
984 1684 1162 1739 revolutionis
1179 1699 1288 1739 annuae

128 1790 135 1829 r
153 1774 181 1829 in
199 1776 400 1845 praecedentia,
420 1777 544 1833 circellus
556 1777 655 1847 ipsein
667 1776 872 1844 consequentia,
890 1783 1035 1845 utrumqne
1052 1781 1128 1831 mota
1140 1773 1287 1830 admodum

128 1862 223 1919 unietur
240 1862 388 1931 aliquando
407 1864 495 1933 ipsum
514 1871 637 1919 centrum
655 1864 730 1919 orbis
749 1865 831 1919 annui
849 1865 877 1919 in
896 1865 1012 1918 maxima
1030 1862 1161 1919 distantia
1178 1878 1195 1917 a
1213 1860 1286 1931 Sole,

142 1950 262 2019 minima,
280 1958 307 2005 et
325 1951 382 2008 illic
400 1952 427 2007 in
446 1952 566 2007 tardiore
584 1956 668 2017 motu,
688 1952 732 2006 hic
750 1952 778 2006 in
797 1952 941 2019 velociore,
960 1968 992 2007 ac
1010 1952 1040 2005 in
1057 1950 1153 2005 mediis
1171 1949 1286 2005 orbiculi

131 2052 254 2095 crescere
272 2046 300 2095 et
318 2040 476 2095 decrescere
494 2040 559 2094 lacit
576 2039 650 2093 illam
670 2040 825 2095 distantiam
839 2045 993 2095 centrornm
1007 2054 1068 2095 cum
1080 2044 1203 2107 tempore
1215 2053 1286 2091 snm·

128 2124 193 2180 idem
215 2127 381 2195 praecedere
400 2144 433 2183 ac
451 2127 605 2183 alternatim
623 2128 701 2197 sequi
718 2142 778 2183 eam
797 2126 933 2198 apsidem,
952 2127 1010 2183 sive
1027 2141 1194 2196 apogaeum,
1213 2124 1287 2194 qnod

128 2212 294 2283 sapsidnm,

128 2298 293 2357 iamcontin·

128 2387 220 2457 picycli
238 2389 293 2459 epi·
831 2406 855 2455 p·

128 2475 295 2531 demonstrat

128 2562 220 2631 pagaei
236 2578 293 2617 mo·

787 2467 897 2553 μ

760 2288 810 2339 arg.
825 2287 845 2331 l.

144 2737 206 2805 AB,
232 2752 294 2793 cen·

128 2824 196 2880 lacto
221 2825 249 2881 in
268 2826 293 2880 A

128 2913 177 2969 :lns
196 2912 295 2969 descri-

128 3016 248 3057 trnrsus
266 3001 295 3056 in

128 3086 293 3158 ycliunrl'G,

128 3191 139 3231 a
161 3184 293 3245 versetur,

128 3278 167 3317 no
180 3263 292 3318 zodiaci.

128 3349 293 3406 rimimotus

128 3436 159 3491 ia
184 3453 217 3492 ac
244 3454 292 3493 an·

128 3525 241 3581 secundi
266 3526 291 3579 D

128 3628 185 3671 uus.
204 3612 292 3667 sedin

140 3700 293 3755 amborum·

128 3804 197 3843 ream
213 3803 293 3857 pares

128 3892 195 3933 tneo.
223 3877 292 3931 Rur-

136 3963 239 4019 Terrae
258 3980 291 4017 ex

128 4050 195 4107 antia
212 4050 295 4105 addat

128 4140 148 4193 ai
172 4140 206 4193 D.
249 4140 292 4193 Ex

128 4227 292 4296 rmestquod

128 4313 198 4369 uerit
215 4314 243 4369 in
260 4315 292 4384 F,

128 4404 204 4459 ficiet
221 4401 293 4458 Solis
317 4418 482 4474 apogaeum,
506 4405 532 4459 in
553 4404 575 4457 G
595 4405 748 4473 minimum,
773 4404 801 4458 in
826 4403 924 4457 mediis
950 4409 1041 4457 autem
1067 4400 1291 4457 circumferentiis

130 4490 184 4546 ciet
201 4490 291 4560 ipsam
310 4506 462 4561 apogaeum
480 4492 646 4562 praecedere
664 4492 706 4545 vel
726 4490 818 4561 sequi,
845 4498 956 4546 anctum
975 4490 1183 4557 diminutumva,
1202 4486 1291 4555 majus

128 4579 194 4635 laic
213 4586 315 4633 motum
334 4593 467 4647 apparere
486 4580 631 4638 diversam.
664 4579 794 4647 (sapietur
812 4586 904 4633 autom
923 4578 959 4630 Al
980 4576 1200 4631 circumferentia
1217 4582 1245 4628 et
1263 4573 1291 4626 in

128 4674 230 4722 rmatnr
247 4665 399 4736 epicyclus,
426 4673 454 4720 at
477 4682 602 4723 connexa
622 4668 654 4721 Cl
675 4667 840 4721 extendatur
863 4666 890 4719 in
909 4665 948 4733 K,
972 4665 1076 4731 eritque
1095 4661 1290 4725 Klb=ac1,

128 4754 257 4809 intionum
275 4754 431 4825 paritatem.
469 4756 556 4824 Igitur
569 4757 593 4809 Ι)
614 4754 749 4811 describet
767 4758 922 4807 eccrntrnm
941 4752 1117 4806 homocentro
1130 4750 1176 4805 AB
1189 4764 1289 4818 aequa·

128 4850 192 4913 rtro,
210 4858 243 4897 ac
260 4841 393 4899 distantia
412 4844 465 4913 Cb,
484 4858 554 4912 qliae
573 4842 627 4913 ipsi
644 4842 682 4897 Ill
702 4842 782 4898 suerit
794 4839 926 4909 aaqrralls,
945 4840 1092 4909 Fquoque
1103 4853 1182 4893 suum
1194 4852 1290 4895 eccen-

973 2904 1021 2962 'x

842 4271 860 4318 Β
