3308 5534
159 382 224 455 688
674 381 739 439 Vita
757 380 874 441 loannis
890 381 1011 456 liepleri.

159 558 209 616 der
227 555 540 703 cffmdfnbeeffifim
557 557 593 617 20
610 558 721 616 Golden
738 558 868 630 errolgeu
884 558 986 627 lassen,
1005 535 1042 615 da
1058 573 1122 615 man
1140 559 1260 628 gelerter
1270 560 1364 618 bentii
1378 560 1429 634 bey
1443 562 1502 618 diser

158 648 249 703 Scbue
288 664 330 703 rro
466 691 472 704 .

266 737 354 803 lust.
377 738 538 800 Resolutio
562 743 632 801 anni
633 784 744 803 .....
789 740 850 801 iter
871 744 1066 818 septimestro.
1103 739 1264 816 Negotium
1287 758 1357 801 cnm
1372 742 1500 824 ‘itenere

156 828 277 903 borgico
300 825 434 891 dilatum.
471 828 639 888 Publicatlo
663 831 777 890 iuveutl
799 833 979 903 (Prodromi).
1023 827 1134 889 Hostes
1156 832 1368 904 potentissimi.
1405 829 1500 891 iiilstis

157 915 288 992 conjugii
311 923 374 975 toto
398 932 486 976 anuo.

260 1015 317 1071 iter
328 1015 356 1070 in
368 1016 628 1084 Witrttembergism
647 1016 788 1085 ingressus
805 1030 867 1072 esse
879 1015 987 1072 ridetur
999 1014 1136 1087 Keplems
1154 1017 1234 1071 initio
1254 1018 1359 1073 mensu
1370 1016 1499 1073 scmus

157 1100 209 1158 Die
221 1101 265 1159 27.
279 1103 421 1158 Februarii
435 1102 612 1170 Stnttgurtiac
624 1102 692 1158 adiit
703 1103 800 1158 ducem
812 1102 988 1171 Fridericum‚
1004 1103 1122 1173 supplex
1136 1102 1257 1158 offerens
1270 1104 1406 1173 picturam
1416 1104 1497 1159 isacii

156 1204 209 1245 aas
226 1190 426 1245 astronomicae
439 1191 494 1258 (cir.
508 1192 559 1247 vol.
573 1194 594 1244 l.
613 1208 640 1258 p.
654 1197 691 1244 74
703 1193 761 1260 aa),
782 1207 864 1261 quant
882 1198 913 1246 ut
931 1191 1059 1259 princeps
1077 1197 1191 1258 argento
1209 1189 1408 1246 conficiendam
1420 1190 1497 1259 jnbrst

160 1284 189 1332 ct
206 1287 314 1333 sumtus
331 1277 503 1332 necessarios
521 1278 550 1332 in
568 1293 598 1333 se
616 1278 731 1348 recipiat
748 1278 825 1348 petit.
856 1277 941 1333 Simul
961 1294 1022 1332 cum
1041 1278 1118 1332 ducis
1136 1277 1299 1333 consiliariis
1319 1276 1496 1347 egitderedita

156 1365 187 1420 iu
204 1365 337 1434 patriam:
360 1365 515 1433 „negotium
534 1365 588 1420 boc
606 1366 720 1422 dilatum
739 1370 808 1420 estt.
844 1364 1007 1420 Maestlinus
1026 1363 1168 1432 Tubingss
1192 1365 1386 1419 consentiente
1401 1362 1496 1433 sepho

154 1459 252 1523 typum
269 1453 411 1508 Prodromi
435 1454 540 1508 curarit
558 1461 586 1510 et
603 1454 667 1509 durs
685 1454 755 1508 liber
772 1452 897 1522 proelum
915 1454 998 1508 subiit
1024 1468 1085 1508 cum
1103 1451 1223 1522 Keplero
1242 1452 1423 1522 Stuttgartise
1442 1466 1494 1506 cea

156 1548 280 1596 morante
299 1540 443 1610 (usquein
462 1541 544 1596 finem
563 1543 663 1597 mensis
682 1543 763 1611 blaji)
782 1542 816 1598 de
835 1543 868 1597 iis
887 1557 958 1613 quse
985 1539 1146 1609 corrigenda
1164 1548 1258 1597 esseut
1276 1556 1329 1611 pcr
1345 1540 1434 1596 litem
1448 1540 1493 1608 etl

155 1628 192 1696 (l.
211 1628 244 1683 st
258 1630 318 1697 ss).
355 1630 518 1684 Absolutum
537 1645 607 1698 opus
633 1630 707 1684 misit
731 1630 775 1684 die
793 1632 838 1687 25.
855 1630 1017 1687 Novembris
1037 1629 1169 1684 Gratiam.
1206 1627 1364 1699 Epistulam
1382 1627 1491 1683 dedimtr-

158 1714 226 1770 dam
244 1714 290 1782 (sd
307 1713 424 1770 Ordines
443 1714 590 1786 Styriscosl
615 1717 725 1786 scripsit
743 1717 881 1787 Keplcrus
900 1716 1087 1784 stuttgardise
1114 1716 1226 1781 ,idibus
1243 1717 1355 1785 Msjistt,
1377 1716 1418 1770 bis
1432 1716 1489 1771 du

155 1801 272 1857 faciens:
291 1800 425 1876 Accipite
441 1799 497 1860 boc
512 1802 587 1878 grati
603 1803 692 1860 animi
707 1800 876 1878 symbolum
891 1818 996 1876 meque
1019 1799 1159 1859 humilem
1182 1800 1322 1858 clientem
1343 1800 1374 1856 in
1389 1808 1488 1858 rausa

159 1889 285 1963 gratiam
308 1888 458 1964 suscipite,
483 1897 512 1948 et
535 1887 663 1965 denique
685 1891 847 1948 assuescite
871 1891 945 1948 inter
960 1888 1113 1959 Caesares,
1138 1886 1322 1963 Alphonsos,
1344 1884 1487 1962 Rndoipia

157 1981 329 2052 ceterosque
352 1978 550 2036 astronomiae
580 1984 763 2052 promotores
785 1977 944 2036 accenseri.
989 1978 1032 2033 Ad
1051 1974 1485 2033 haccscrbssnuotatiaeditisrt

157 2064 294 2121 secunda:
321 2063 434 2122 Locum
456 2065 571 2123 invenit
593 2063 761 2124 adirortstio
784 2080 851 2124 mea
874 2062 1029 2123 commodo
1053 2080 1118 2121 meo
1142 2078 1201 2119 non
1226 2064 1345 2137 exiguo.
1390 2058 1484 2118 linui

155 2148 195 2208 Ι).
219 2149 400 2227 Capitoneus
423 2151 459 2211 de
482 2155 600 2228 proprio
623 2155 734 2225 statim,
759 2153 856 2224 ceteri,
880 2161 914 2210 ut
936 2159 1019 2211 erant
1041 2149 1107 2209 loco
1130 2151 1262 2225 eorporis
1277 2146 1481 2207 provinciatim

156 2247 328 2314 exspectato
352 2255 453 2299 eorum
476 2249 633 2314 conventu,
656 2257 736 2300 arrno
762 2245 845 2299 1600
869 2239 944 2298 mibi
963 2236 1151 2314 magnificam
1174 2238 1431 2296 remuneratione·
1447 2235 1480 2289 'n-

154 2334 313 2402 patrarunt.

262 2425 393 2480 Senatum
411 2425 613 2495 Tnbiugeusem
632 2425 768 2496 chlerus
787 2425 841 2481 hoc
860 2424 929 2481 adiit
947 2423 1042 2480 libello
1066 2423 1197 2494 supplici.
1225 2423 1333 2479 ιιιιίιιιι
1354 2426 1476 2494 peierati

154 2512 208 2569 sibi
224 2513 314 2576 liceat,
332 2513 474 2584 Tubiugse
494 2513 704 2578 „Prodromuml
724 2512 796 2584 typis
816 2513 965 2570 excudere:

260 2603 420 2680 Magnifice
451 2606 489 2665 D.
512 2604 637 2680 Rectus,
671 2605 856 2682 Spectabiics
887 2607 954 2667 DD.
981 2603 1350 2682 secans-Praeceptum
1370 2608 1474 2681 perpet!

153 2691 362 2752 oolenrlissimi.

262 2779 335 2839 Cum
358 2782 502 2857 superiori
524 2780 624 2855 Julio,
655 2781 767 2840 Divina
789 2782 937 2857 aspirante
960 2782 1064 2857 gratia,
1090 2778 1331 2838 astronomicum
1351 2780 1411 2838 sire
1429 2772 1476 2834 te

155 2869 378 2944 mugrapiricum
402 2868 551 2945 quoddam
575 2865 685 2945 ζητημα
702 2870 891 2941 invenissem,
915 2867 995 2944 quod
1017 2884 1076 2926 non
1092 2876 1206 2925 tanturn
1230 2865 1268 2926 ad
1284 2866 1342 2925 Dei
1357 2884 1390 2924 cr
1403 2874 1476 2923 nanu

154 2957 353 3032 coguitionem
375 2957 533 3032 plurimum
558 2957 642 3034 lacit,
671 2956 835 3017 sedetiam
859 2957 1070 3032 professionem
1093 2972 1188 3013 uicum
1219 2963 1320 3013 ornat:
1347 2950 1476 3031 sempsr'!

154 3045 327 3103 occasiones
351 3046 415 3120 ejus
438 3043 608 3120 publicandi
632 3047 760 3103 intentus
784 3045 835 3116 lui,
860 3054 889 3101 ct
912 3062 963 3120 pcr
986 3045 1173 3103 occasionem
1197 3040 1310 3100 reditus
1333 3044 1388 3100 mei
1408 3043 1476 3115 inpr

153 3132 239 3189 triam
266 3142 356 3208 atque
384 3149 485 3191 morae
516 3149 582 3191 cunr
607 3130 856 3208 Gruppeubacbio
880 3130 916 3189 de
939 3133 1097 3189 excusioue
1127 3131 1191 3205 egi,
1224 3131 1276 3204 qui
1304 3136 1476 3205 promtuntt

151 3218 259 3277 obtulit
281 3220 318 3278 ad
334 3237 430 3280 meam
444 3222 623 3296 petitionem,
649 3218 807 3278 dummodo
823 3217 1062 3294 Magnificentiae
1078 3225 1107 3276 et
1122 3215 1381 3294 Spectabiiitatunt
1395 3222 1477 3274 rmus

151 3320 216 3364 rum
239 3310 369 3382 cognitio
393 3315 422 3366 et
445 3306 627 3381 indulgentia
651 3309 836 3366 interveniat.
1419 3370 1431 3385 ,

257 3393 343 3469 Quod
367 3412 433 3453 cum
456 3394 649 3469 intelligerem
673 3413 707 3452 ex
732 3397 813 3471 ipso,
837 3393 1035 3452 necessarlum
1059 3391 1227 3452 existimavi
1243 3388 1346 3466 blsgn.
1367 3386 1478 3467 etSpct

153 3486 265 3539 senuas
288 3499 340 3558 per
362 3481 475 3555 literas,
509 3486 579 3557 quia
610 3500 706 3541 coram
730 3482 786 3540 hoc
810 3491 940 3557 tempore
963 3498 1020 3538 uon
1051 3496 1187 3556 grossum,
1221 3477 1323 3536 debita
1349 3495 1411 3538 curu
1430 3474 1479 3533 sti·

150 3567 281 3643 jectioue
305 3587 406 3628 orare:
436 3573 461 3628 si
485 3569 557 3628 nibil
581 3571 651 3628 lusit
674 3573 702 3626 in
726 3587 792 3628 mco
824 3572 974 3645 proposito
1006 3567 1180 3627 durunosum
1205 3564 1291 3641 Rcip.
1315 3564 1480 3624 scsdemirstr

150 3656 175 3711 si
190 3659 330 3733 scriptum
346 3660 451 3733 ipsum,
475 3657 555 3733 quod
571 3658 774 3733 praesentibus
791 3656 891 3731 liugn.
908 3664 937 3714 et
952 3655 1048 3731 Spcot.
1067 3664 1228 3713 vestrorum
1243 3670 1385 3713 censurae
1409 3652 1479 3709 bori-
1521 3704 1530 3729 ‚

151 3740 220 3800 liter
242 3745 378 3820 subjicio,
402 3743 498 3804 luceru
521 3745 651 3821 aliquam
675 3745 761 3804 bonis
785 3747 897 3803 artibus
920 3743 1022 3801 afl'erre
1045 3744 1147 3818 possit,
1172 3751 1205 3798 nt
1227 3741 1295 3815 ejus
1311 3740 1478 3816 culgsunu
1518 3754 1530 3799 ,t

151 3839 250 3889 restro
275 3832 389 3892 calculo
409 3833 522 3907 juretis
545 3841 635 3907 atque
659 3834 687 3890 iu
710 3832 767 3892 boc
789 3831 875 3890 iidem
892 3847 986 3888 meam
1001 3847 1092 3906 porros
1107 3828 1175 3887 bt).
1193 3827 1368 3887 Ordiunrios
1381 3826 1479 3905 sune.

150 3924 184 3975 ut
207 3919 319 3993 quibus
341 3927 411 3980 aute
434 3920 548 3996 aliquot
576 3936 693 3980 menses
722 3919 866 3996 ejusmodi
896 3935 977 3994 spem
1004 3919 1076 3990 leci,
1106 3916 1231 3975 liberare
1255 3915 1378 3992 juretis.
1419 3902 1480 3987 Qui

149 4005 180 4062 si
198 4006 405 4083 impetravero,
429 4009 458 4064 iu
482 4007 615 4067 beneficii
638 4024 696 4065 non
720 4008 819 4083 exigui
843 4017 926 4083 parte
946 4006 1089 4076 censebo,
1112 4001 1199 4062 simul
1224 4011 1254 4062 ct
1278 4018 1395 4080 operatu
1414 3998 1478 4065 &lb

148 4100 182 4149 ut
203 4110 239 4151 ca
262 4092 328 4166 dds,
353 4111 412 4171 qua
435 4097 509 4154 ciris
532 4112 588 4171 ego
612 4094 679 4153 buic
702 4095 859 4153 obstrietus
881 4110 946 4151 sum
969 4091 1150 4162 academiae,
1173 4099 1293 4166 gratum
1315 4106 1362 4149 rso
1383 4086 1478 4149 deu·

149 4186 249 4242 strunt.
296 4179 413 4255 Volcis,
437 4183 502 4241 Deo
525 4181 732 4243 commendati.
781 4189 807 4241 1.
833 4180 907 4256 bluji
931 4179 986 4238 Αο.
1013 4185 1064 4239 sti.
1088 4178 1254 4254 Tubingse.

477 4268 518 4328 lt.
543 4276 573 4330 et
594 4269 646 4330 SS.
670 4268 737 4328 VV.
761 4269 996 4347 subjectissimus
1019 4265 1182 4342 discipulus

1090 4352 1132 4413 Μ.
1156 4352 1210 4413 Jo.
1234 4350 1359 4429 Kepler,

951 4440 1113 4500 illustrium
1136 4438 1256 4518 Styrise
1279 4432 1473 4499 Pssumi-

1113 4527 1352 4589 Mathematicus.

1516 4238 1530 4317 't

1519 4320 1530 4363 ,l

1516 4368 1530 4415 s

217 4656 364 4721 inscriptio:
380 4648 548 4735 Magnifica,
567 4649 781 4759 spectabilibus,
800 4645 966 4734 Reuerendis
986 4656 1014 4703 et
1033 4644 1196 4701 Clarissimis
1215 4644 1294 4727 risis,
1316 4643 1374 4699 uit.
1389 4627 1469 4697 ile&
1526 4664 1530 4693 ·.

148 4729 177 4778 et
194 4733 311 4791 quatuor
329 4725 446 4777 llecaurs
470 4724 557 4777 almae
575 4722 767 4778 Lnrrersrtstrs
785 4721 977 4789 Tubrugcusrs,
1000 4719 1058 4773 DD.
1078 4716 1308 4785 Praeceptorrbua
1329 4724 1356 4771 et
1374 4710 1467 4767 Pam*
1527 4750 1530 4765 .

146 4793 205 4849 suls
223 4799 356 4865 perpetua
372 4793 539 4862 gratitudine
557 4792 765 4863 prosequendis.

169 4928 173 4935 ¹
217 4855 1281 4935 commacconnusunou.tuecsnis,uoostou221siiss
1513 4776 1530 5125 j
