3308 5534
569 394 612 453 De
628 362 724 454 amicis
740 401 769 453 et
787 393 940 453 fautoribus
959 394 1080 469 Repler‘a
1443 392 1508 465 979

150 573 279 651 putabat
300 574 397 635 solam
420 591 485 635 esse
509 592 617 648 veram,
641 570 781 637 revocare
802 577 1019 637 studiosissime
1042 578 1171 637 intentas
1194 584 1270 650 erat,
1295 581 1324 636 11
1346 592 1413 636 cum
1434 572 1509 635 nihil

149 660 320 739 proficeret,
350 661 512 723 exclusioni
539 663 661 740 Keplari
683 682 702 723 a
725 665 756 723 S.
781 664 882 725 Coena
910 667 1069 725 consensit.
1093 668 1327 738 1111111111.)
1373 663 1508 723 Ceterum

150 755 216 807 tum
239 766 357 827 quoque
376 750 498 828 chleri
521 768 553 811 se
576 753 725 827 ingenium
749 760 779 811 et
800 755 921 812 inventa
944 754 1140 811 astronomica
1162 753 1261 827 magui
1284 751 1380 810 lacere
1403 750 1512 810 fatetur

149 842 182 895 et
195 836 311 911 suadet,
335 845 368 896 ut
383 837 530 915 quondam
547 838 709 898 catholicus
724 839 878 913 Pistoriae,
894 846 927 898 ut
941 839 1087 917 chlerus
1103 838 1270 915 theologica
1284 840 1375 897 missa
1390 839 1509 898 laceret.

256 924 300 983 Ex
323 927 471 1003 prioribus
493 928 577 984 annis
601 925 674 985 haec
696 926 805 986 addere
827 926 934 1005 placet.

257 1010 403 1089 Keplerus
431 1030 495 1072 cum
523 1015 643 1073 ineunte
671 1030 748 1073 auno
774 1019 868 1075 1601.
898 1011 1081 1073 conditiones
1114 1030 1184 1072 suas
1214 1012 1378 1088 Pragenses
1406 1030 1510 1091 parum

149 1104 233 1158 tutes
263 1116 328 1159 asse
358 1099 482 1160 vidisset
511 1108 541 1160 et
562 1101 664 1159 amicis
687 1099 927 1177 Tubingeusibus
956 1101 1015 1159 illic
1038 1118 1070 1159 se
1101 1101 1229 1158 osticium
1253 1108 1391 1179 appetere
1417 1102 1511 1179 scrip-

149 1188 255 1258 sisset,
284 1186 501 1247 Halcuretlerus
533 1187 696 1264 respondit:
730 1188 816 1269 „l'ua
843 1205 957 1247 mecum
988 1187 1093 1246 dormit
1125 1206 1297 1263 mecumque
1327 1188 1432 1264 vigilat
1464 1190 1511 1245 iu·

151 1273 312 1333 columitas
334 1286 364 1334 et
386 1276 477 1333 salus.
509 1276 597 1333 111111
612 1275 703 1348 Deus,
727 1285 760 1334 ut
783 1292 819 1335 eo
841 1275 960 1335 tandem
982 1274 1049 1333 loco
1073 1278 1273 1350 conquiescas,
1297 1292 1356 1351 que
1379 1292 1512 1335 commo·

151 1358 275 1419 dissime
299 1366 431 1437 exoptari
456 1365 582 1437 patest.“
630 1361 689 1422 Sed
712 1362 789 1422 idem
813 1362 937 1434 dubitat,
962 1365 1032 1437 quin
1056 1365 1169 1420 amicus
1192 1365 1220 1418 in
1236 1362 1388 1422 academia
1404 1379 1511 1421 uranus

150 1446 277 1525 adipisci
298 1453 402 1524 possit.
432 1449 672 1509 hlathematicam
696 1452 772 1508 enirn
796 1450 901 1510 docere
922 1448 1073 1508 Maestlini
1097 1466 1161 1508 esse
1186 1458 1214 1507 et
1237 1450 1273 1507 de
1296 1449 1361 1509 loco
1385 1451 1413 1507 in
1437 1467 1511 1525 pac-

151 1532 283 1611 1131311
308 1547 431 1595 vacante
454 1546 497 1595 tot
521 1555 585 1596 esse
608 1540 823 1613 competitores,
848 1543 881 1595 ut
903 1536 1021 1611 Kepleri
1044 1554 1112 1611 apres
1134 1539 1173 1594 sit
1195 1539 1326 1597 minima.
1371 1536 1512 1614 Tycbone

149 1632 252 1681 autem
274 1621 434 1683 Novembri
456 1627 525 1682 anni
550 1631 643 1684 thot.
669 1624 822 1695 defuncto,
854 1623 1070 1685 Hafenreffetus
1094 1624 1349 1682 vehementissime
1379 1634 1408 1682 et
1431 1625 1513 1701 capit

151 1718 184 1769 11
202 1717 313 1787 eperat,
335 1728 382 1769 res
404 1710 598 1787 chleriauas
622 1711 736 1787 Ptagac
758 1712 819 1771 fieri
843 1711 986 1770 meliores.
1013 1712 1115 1787 ,Deus
1138 1712 1227 1783 faxit,
1259 1718 1291 1768 ut
1314 1728 1382 1787 spes
1411 1719 1512 1770 nostru

150 1794 350 1857 felicitatum
374 1806 491 1871 cecutu,
515 1799 681 1873 adimpletis
705 1801 833 1858 omnium
857 1806 986 1857 nostrum
1010 1800 1096 1869 votis,
1120 1798 1242 1857 feliciter
1264 1798 1498 1875 comprobetur“.

259 1884 305 1943 De
337 1884 457 1961 Opticcs
487 1887 621 1961 cxernplo
650 1888 709 1961 ipsi
740 1888 778 1946 ab
806 1889 902 1945 amico
933 1888 1023 1943 misso
1052 1885 1269 1944 Halanretlerus
1299 1886 1380 1945 hisee
1411 1885 1511 1944 verbis

150 1971 298 2029 maximas
317 1977 379 2047 agit
402 1975 525 2047 gratius:
553 1973 644 2048 ¹,lude
668 1990 725 2029 raon
749 1980 863 2033 tontum
878 1982 1060 2032 constantem
1076 1990 1146 2045 erga
1160 1991 1207 2031 me
1230 1974 1360 2031 levorem
1377 1974 1513 2031 1111111-

150 2054 316 2125 volentiam
340 2068 419 2118 tuam
444 2062 597 2118 nuutit'cste
620 2060 807 2137 deprehendi,
830 2060 881 2119 scd
905 2060 984 2135 quod
1008 2069 1037 2118 ct
1059 2062 1123 2136 ipse
1146 2059 1182 2118 de
1205 2077 1280 2131 trien,
1303 2070 1337 2118 ιι1
1358 2062 1399 2117 111
1417 2061 1512 2131 amici,

151 2162 224 2221 arga
246 2153 275 2205 te
307 2146 404 2205 studio
428 2155 457 2206 et
480 2164 656 2223 utracunque
684 2149 715 2204 in
743 2165 774 2207 re
804 2149 854 2224 pia
886 2157 915 2205 et
942 2146 1068 2206 honesta
1095 2147 1273 2205 inserviendi
1303 2146 1513 2223 promtitudiuc

150 2231 226 2289 nibil
250 2233 401 2293 dubitares
403 2276 537 2296 ......
583 2235 705 2310 Semper
727 2243 756 2293 et
779 2234 846 2294 Tibi
870 2243 900 2293 ct
923 2237 1035 2310 patrias
1059 2241 1087 2292 11
1110 2235 1197 2292 rebus
1220 2234 1453 2307 mathematicis,
1484 2243 1514 2292 et

152 2318 236 2396 quod
259 2320 334 2379 tales
357 2330 457 2380 nostro
481 2321 582 2382 seculo
606 2323 734 2382 cultores
757 2324 910 2395 invenerit,
934 2330 996 2380 tum
1012 2321 1083 2378 mihi
1099 2338 1225 2396 quoque,
1250 2321 1329 2397 quod
1353 2324 1382 2378 in
1406 2338 1515 2380 eorun-

151 2404 222 2465 dem
245 2410 437 2469 contuberuio
466 2417 495 2468 et
523 2411 682 2468 amicorum
716 2410 852 2485 catalogo
883 2426 947 2468 esse
977 2408 1078 2481 liccat,
1109 2411 1304 2468 sincerissime
1332 2409 1513 2485 gratulabor.

150 2492 275 2555 Interim
298 2503 331 2554 11
354 2500 454 2569 vivas,
487 2496 587 2556 valcas
616 2506 705 2572 atque
727 2497 838 2557 honore
861 2498 1046 2571 nominisque
1076 2495 1164 2553 laude
1193 2496 1358 2555 cuumlatus
1388 2494 1514 2554 subinde

150 2582 241 2641 uobis
264 2583 436 2642 utilissimos
460 2583 606 2659 ejusmodi
629 2584 747 2644 labores
771 2586 912 2660 prolatas,
936 2585 1032 2643 Deum
1050 2582 1142 2645 (111.
1166 2590 1228 2642 toto
1253 2582 1339 2643 corde
1361 2582 1513 2658 precabor,
1617 2592 1621 2599 '

151 2666 213 2729 boc
240 2662 342 2728 addito
371 2680 456 2741 roto,
489 2680 522 2729 ut
552 2672 599 2731 rel
627 2670 745 2731 tandem
774 2675 906 2731 sincerae
934 2681 1053 2729 nostrae
1085 2670 1237 2747 religionis
1268 2670 1375 2730 liberes
1404 2671 1514 2730 habere

150 2758 252 2833 possis
275 2760 528 2817 exercitationes.“

260 2842 342 2904 ldem
366 2863 432 2904 curu
454 2844 583 2921 chlero
613 2862 666 2921 per
688 2845 855 2904 Samuelem
886 2844 978 2903 filium
1009 2843 1165 2903 nonnullas
1196 2847 1344 2904 orationes
1372 2860 1514 2903 1111111

150 2946 185 2991 sc
210 2930 327 2991 habitas
350 2936 478 2992 misisset
500 2930 609 3012 (16111)
632 2933 731 2992 ethic
755 2933 825 2991 doni
847 2935 958 3007 gratias
979 2934 1097 3007 egisset,
1121 2932 1271 3007 respondit
1293 2932 1380 2991 lance:
1406 2929 1513 3005 ,Quod

151 3034 209 3097 pro
231 3017 347 3078 duabus
370 3021 442 3078 solis
466 3021 658 3078 oratiunculis
682 3026 740 3078 tam
763 3019 876 3095 prolirc
900 3018 971 3077 mibi
986 3020 1097 3093 gratias
1113 3022 1187 3095 agis,
1211 3037 1306 3078 meam
1322 3037 1375 3095 pro
1390 3020 1514 3094 majori-

151 3106 213 3165 bus
236 3104 320 3165 dorsis
344 3108 421 3167 haud
446 3108 568 3166 obscure
592 3107 716 3181 flagitas.
763 3107 835 3164 liam
858 3108 935 3165 scius
958 3105 1047 3164 colim
1069 3109 1168 3164 auimo
1192 3124 1258 3165 meo
1286 3123 1436 3182 nunquam
1460 3105 1515 3165 dc·

151 3192 260 3265 luisse,
291 3194 360 3253 licet
383 3194 525 3271 epistolae
548 3212 631 3253 meaa
655 3196 777 3252 rariores
800 3210 859 3251 non
890 3202 1005 3262 tantas,
1038 3202 1166 3269 quantos
1196 3194 1376 3253 immortales
1399 3208 1514 3253 mecum

156 3279 340 3354 circumfero,
363 3282 600 3359 explicuisserrt.“
625 3314 667 3325 -

263 3368 309 3427 Ab
332 3372 523 3429 1111111186.
548 3386 640 3443 usque
664 3368 701 3427 ad
724 3371 905 3429 1111111191.
930 3368 1040 3427 exitum
1064 3367 1085 3427 J
1095 3386 1237 3429 oannes
1260 3368 1403 3445 Papius
1425 3386 1514 3445 gym-

150 3455 231 3515 nasit
256 3454 420 3515 Gratiensis
447 3465 541 3516 111111
570 3465 648 3529 1111;
679 3473 737 3532 qua
767 3473 833 3515 cum
861 3455 1007 3530 Keplcrus
1033 3457 1125 3531 Aprili
1154 3458 1223 3515 artui
1250 3463 1342 3517 tuat.
1375 3459 1514 3528 venisset,

150 3542 214 3621 ipsi
237 3559 355 3620 quoque
378 3544 478 3603 datum
502 3551 555 3615 est,
579 3543 666 3618 lutjus
682 3545 761 3603 docti
776 3551 806 3604 et
821 3544 927 3603 cruditi
944 3542 1070 3602 hominis
1087 3545 1309 3602 conversatione
1324 3553 1382 3602 1111
1397 3559 1514 3603 meuses

149 3628 223 3689 11111.
260 3635 412 3701 (Hanschio
440 3642 551 3689 arrctorc
570 3636 672 3703 Papius
697 3650 769 3689 anno
793 3635 870 3691 1518.
896 3634 924 3688 in
942 3634 1074 3689 Francius
1097 3636 1236 3703 provincia
1259 3642 1353 3703 natus,
1378 3634 1514 3691 Schaeln·

149 3718 232 3777 tanti
249 3728 279 3775 et
296 3721 391 3775 Ulmae
408 3721 480 3776 ludis
498 3721 614 3790 publicis
632 3721 827 3789 frequentatis,
847 3722 1020 3789 Argentorati
1039 3726 1155 3790 primum
1173 3723 1200 3775 in
1219 3723 1397 3789 theologiam,
1416 3720 1515 3776 deiude

148 3806 180 3863 111
199 3806 353 3861 medicinae
366 3808 487 3862 studium
500 3808 630 3872 incubuit.
646 3808 772 3862 Basileus
784 3807 980 3877 amplissimum
999 3809 1118 3863 doctoris
1137 3810 1251 3876 pradum
1264 3808 1388 3877 adeptus,
1406 3807 1515 3863 lleidel-

147 3894 257 3963 borgae
281 3896 310 3950 in
335 3896 497 3965 professoris
521 3897 625 3964 (tarpaei
648 3895 820 3963 Aristotelis)
846 3912 944 3949 munus
970 3904 1125 3965 promotus.
1155 3896 1228 3951 unde
1254 3896 1375 3949 Gratium
1402 3902 1515 3949 vocatus

148 3988 213 4049 ut,
233 3980 281 4035 ubi
300 3984 340 4047 (cx
360 3984 484 4033 Peiulichi
503 3988 607 4033 rectoris
625 3986 785 4049 auctoritate)
812 3982 981 4037 dialecticum
1000 3984 1101 4039 docuit.
1139 3984 1233 4037 Grulio
1252 3983 1350 4039 deinde
1371 3999 1515 4053 ,persecu-

147 4067 227 4125 honi
242 4066 358 4122 cedens*
380 4068 531 4137 Tuhiugam
558 4072 645 4138 venit,
669 4086 725 4138 qua
747 4070 776 4123 in
800 4069 868 4124 urba
890 4078 947 4125 tres
973 4086 1060 4124 annos
1084 4070 1136 4123 arti
1154 4070 1275 4125 medicae
1294 4086 1404 4139 operam
1424 4072 1516 4138 dabat,

147 4154 282 4223 'rubinas
307 4154 451 4210 Onoldiam
478 4161 604 4223 vocatus,
631 4164 662 4211 ut
685 4157 772 4225 ipsius
796 4156 1077 4223 Braudenburgicusis
1100 4156 1265 4209 hlarchionis
1289 4156 1410 4210 medicus
1434 4162 1515 4224 esset,

146 4241 220 4299 inde
238 4248 379 4311 postremo
398 4244 607 4311 Regiomontum
626 4244 742 4312 transiit,
761 4252 789 4298 et
807 4251 838 4297 ut
857 4243 1004 4297 Bortrssiac
1022 4245 1153 4312 principis
1172 4244 1254 4298 saluti
1272 4243 1426 4298 consuleret
1443 4250 1472 4298 et
1488 4242 1517 4297 iu

145 4328 230 4389 iibere
246 4328 321 4383 urbis
341 4329 480 4383 academia
496 4331 655 4386 medicinam
674 4331 792 4387 doceret.
830 4330 934 4385 Eadem
952 4332 980 4384 in
997 4331 1065 4385 urbc
1083 4340 1205 4385 mortuus
1225 4331 1290 4399 111.)

262 4421 371 4481 Variae
394 4423 547 4498 epistolae,
571 4426 609 4483 ab
632 4442 710 4483 anno
736 4430 943 4498 1119611111
967 4423 1004 4482 ad
1028 4442 1053 4482 ιι.
1074 4430 1166 4483 1616.
1190 4422 1292 4495 datae,
1318 4438 1392 4499 quas
1416 4437 1516 4480 omncs

149 4510 269 4589 eaptus
283 4508 412 4587 Keplero
435 4512 551 4587 scripsit
566 4511 774 4590 (liepleriauaa
797 4509 913 4583 desunt)
935 4510 1129 4586 pulcherrimo
1144 4512 1310 4569 testimonio
1326 4518 1403 4580 sunt,
1427 4524 1516 4585 quam

149 4597 785 4657 1111111111111111111111111111111
810 4616 843 4657 se
873 4598 1031 4673 conjuncti.
1077 4598 1188 4674 Papius
1219 4600 1297 4656 enim
1325 4598 1463 4657 continuo
1485 4592 1515 4653 id

149 4686 235 4763 agit,
258 4693 292 4743 ut
313 4684 431 4760 liepleri
455 4702 500 4745 res
524 4683 657 4744 redderet
678 4686 823 4759 meliores,
845 4686 914 4761 quin
938 4687 1026 4744 etiam
1049 4688 1159 4761 nuptiis
1182 4685 1309 4763 consulit
1331 4694 1390 4744 tarn
1414 4682 1464 4743 diu
1485 4684 1516 4740 in

149 4788 301 4849 suspenso
330 4771 447 4831 relictis.
493 4770 574 4831 Idem
606 4776 833 4846 „suavissimum
862 4773 1007 4832 amicum“
1037 4772 1075 4831 ad
1105 4772 1314 4849 praestandam
1349 4771 1518 4832 cohortatur

150 4862 185 4921 ln
211 4860 304 4921 rebus
324 4860 459 4921 adversis
481 4860 677 4923 constantiam
698 4869 729 4923 11
749 4860 790 4923 ad
811 4861 969 4921 maximam
995 4859 1167 4936 diligentiae
1194 4859 1400 4923 assiduitatem
1428 4859 1517 4917 iniis

1252 4958 1309 5017 631
