3308 5534
155 402 222 478 app
669 401 1007 500 sternutationes.

153 593 235 648 turae
258 585 445 663 loquiturque
461 602 529 647 cum
547 583 618 659 illie,
641 587 692 662 qui
713 591 816 646 ιιιιιιι
829 585 1004 662 scripturam
1026 591 1095 645 suut
1109 585 1302 660 interpretati
1310 582 1354 668 θ),
1443 590 1514 647 nd·

156 677 208 751 qui
230 677 290 734 sint
311 691 364 734 seu
387 677 500 749 nuperi,
524 681 556 733 ut
579 673 619 737 iti.
635 675 781 733 Antoniae
796 672 842 733 De
857 672 1003 746 Dominis,
1028 675 1080 750 qui
1101 674 1145 734 sic
1166 673 1295 733 scribit:
1322 672 1422 744 „iden
1435 673 1515 735 ctis

154 770 227 835 etue,
252 764 339 821 virus
361 760 459 821 adbuc
481 770 512 821 et
533 777 654 838 corpore
678 760 822 821 duntaxat
844 777 903 820 nou
925 763 1031 837 spiritu
1052 761 1171 835 absens,
1195 777 1250 837 per
1272 763 1429 823 minim
1448 766 1516 839 rogia

154 848 324 921 ecclesiam,
354 865 449 924 neque
472 850 715 925 gubernationem
738 849 833 913 variat
855 855 907 907 aut
930 856 1025 908 mutat
1047 848 1212 926 corporalis
1234 848 1337 925 ipsias
1359 854 1516 927 praetatis

156 935 204 996 rel
236 937 384 1008 absentie,
415 937 484 995 item
512 936 577 996 eolo
605 953 743 1012 corpore,
779 946 839 995 nun
867 937 938 995 item
969 938 1082 1009 animo,
1117 952 1215 1014 neque
1244 939 1376 997 interula
1407 940 1515 999 uuiti

153 1033 184 1086 ct
206 1024 337 1083 consiliis
358 1023 482 1097 absens,
509 1023 562 1083 sed
591 1026 696 1100 spiritu
724 1039 780 1083 suo
809 1031 952 1100 perpetuo
980 1025 1150 1100 praeseus“.
1196 1022 1268 1084 Hae
1297 1032 1330 1084 et
1353 1024 1513 1102 huju-sd

153 1118 267 1188 patrum
291 1111 455 1170 locutiones
479 1119 508 1170 et
530 1110 675 1172 dictorum
696 1112 1134 1187 scripturaeinterpretatioucs
1148 1113 1174 1171 ei
1199 1111 1248 1171 sci
1271 1113 1408 1174 incense
1427 1124 1514 1174 ω

152 1199 308 1258 Formulae
332 1197 515 1258 Concordiae
538 1206 570 1257 ιιι
592 1197 789 1270 authenticae,
813 1196 862 1257 vel
884 1199 910 1256 si
933 1197 1034 1258 liceret
1061 1197 1128 1259 illae
1150 1200 1293 1275 excipere
1316 1201 1513 1271 abretuna

155 1303 214 1345 uon
237 1303 387 1345 renuerem
411 1294 442 1344 et
464 1302 520 1361 ego
543 1286 743 1358 subscribere,
776 1293 918 1360 quantum
948 1303 1022 1362 opus
1045 1295 1092 1345 est
1113 1287 1307 1348 subscribere
1330 1287 1428 1348 laico:
1454 1306 1513 1349 ιι

152 1373 356 1433 damnationes
380 1371 549 1433 doctoribus
572 1373 775 1448 relinquerem,
799 1381 831 1432 ut
853 1372 971 1432 similis.
1005 1374 1045 1431 Ar
1066 1373 1287 1434 subscribeudo
1311 1376 1387 1435 mihi
1408 1379 1511 1453 μίιιιι

155 1459 260 1538 religio
282 1469 327 1519 eet
349 1460 470 1535 rejicere
493 1459 615 1535 phrases
639 1469 771 1536 petrum,
801 1462 946 1536 imputare
972 1458 1031 1520 illis
1046 1459 1218 1538 ¹phrasibus
1241 1461 1509 1529 Nestorium

153 1548 233 1625 quod
260 1554 298 1608 ib
321 1548 428 1607 seculis
452 1547 524 1605 nulli
548 1547 662 1606 illarum
685 1547 740 1606 luit
763 1549 952 1624 imputatum,
976 1547 1106 1609 diuidere
1129 1548 1292 1609 ecclesiam
1316 1550 1446 1623 christi,
1463 1554 1509 1610 sh-

152 1634 280 1695 elicuere
303 1635 370 1693 illos
394 1633 561 1694 damnando
584 1642 702 1711 propter
725 1643 867 1711 usurpata
882 1634 957 1695 haec
972 1634 1051 1695 dicta
1066 1642 1194 1713 patrum,
1218 1653 1300 1713 quos
1316 1653 1375 1715 ego
1389 1640 1508 1716 μήνὴ

152 1721 295 1782 charitate
317 1722 473 1798 complecti
495 1720 589 1783 debeo
612 1725 702 1782 etiam
724 1730 865 1783 ementes.

258 1808 292 1867 ln
314 1808 441 1886 pagellis
464 1811 538 1869 meis
560 1808 597 1870 de
612 1809 714 1870 Coeus
730 1809 850 1868 Domini
872 1825 1018 1885 cognosce
1033 1825 1145 1884 quaeso
1168 1810 1378 1888 iutegritatem
1399 1820 1432 1872 et
1448 1811 1506 1873 flet

153 1903 185 1957 et
206 1913 311 1956 seusus
336 1899 403 1956 mei
448 1895 614 1972 impressae
635 1906 705 1956 eunt
726 1896 842 1973 Pragee
864 1905 933 1956 suto
955 1895 1030 1956 duos
1051 1914 1164 1970 anuos,
1187 1898 1314 1974 quando
1337 1915 1443 1959 omues
1460 1902 1505 1959 ι’·

151 1985 237 2044 sistri
262 1984 366 2057 Verbi,
397 1986 447 2059 qui
470 1992 540 2043 sunt
563 1984 673 2056 bincii,
704 1984 822 2061 publice
845 1985 1076 2060 pronunciarent
1097 1991 1128 2044 ct
1149 1982 1334 2045 addiderunt
1355 1989 1447 2047 etia·
1466 1986 1504 2047 tir

157 2072 247 2131 rerba
272 2070 353 2152 „und
376 2071 476 2131 diesen
500 2071 629 2145 Zaichen
654 2071 701 2131 die
723 2088 754 2130 er
776 2071 824 2131 hie
848 2087 906 2130 von
929 2070 1046 2131 Christo
1069 2071 1251 2148 emplahet‘,
1285 2072 1379 2151 idque
1401 2092 1438 2135 ex
1456 2074 1503 2135 ln·

151 2157 234 2218 mulo
257 2157 400 2235 Agendae
424 2157 608 2218 Austrisoae.
655 2158 714 2219 Cur
737 2176 806 2235 ergo
830 2174 885 2234 ego
908 2157 960 2217 illo
984 2166 1114 2235 ternpore
1142 2157 1195 2217 ille
1226 2161 1324 2221 verbs
1344 2163 1502 2225 murm

152 2248 237 2323 quasi
260 2255 441 2306 correcturus
464 2246 609 2323 agendam
625 2245 787 2324 publicum,
809 2262 876 2305 cum
899 2244 1066 2306 domesticis
1082 2249 1156 2307 meis
1171 2245 1202 2304 id
1217 2246 1417 2323 monimen,
1438 2246 1502 2327 qued

151 2334 311 2395 audiebant
334 2335 363 2392 in
386 2333 519 2410 templo?
558 2333 595 2392 Et
609 2351 661 2393 our
682 2335 880 2410 suspicionem
902 2350 1051 2393 moverem
1065 2335 1233 2410 pessimam,
1259 2335 1361 2412 qualis
1376 2336 1415 2395 ii.
1430 2336 1501 2413 bip

151 2420 235 2481 'l'uae
258 2422 397 2497 obrepsit,
422 2423 507 2497 quasi
529 2423 628 2498 posita
650 2422 710 2480 sint
732 2424 762 2480 in
784 2423 930 2481 contrario
952 2438 1041 2481 seusu
1065 2423 1163 2482 verbis
1187 2424 1339 2497 prioribus
1363 2422 1500 2484 etctrtt

152 2510 255 2584 ipsine,
280 2526 346 2569 cum
369 2511 484 2585 possint
506 2508 615 2568 hahere
637 2524 756 2568 sensum
779 2509 931 2584 optimum,
955 2508 1015 2568 luto
1037 2525 1095 2568 nou
1118 2510 1236 2584 possint
1258 2509 1373 2571 habere
1395 2512 1498 2571 main

150 2595 281 2655 Primum
303 2598 381 2656 enirn
403 2598 428 2654 si
453 2598 578 2655 maxime
595 2597 680 2672 panis
702 2595 751 2655 hio
773 2598 890 2673 signum
906 2595 1050 2656 diceretur
1072 2597 1221 2673 corporis,
1249 2614 1320 2657 cum
1343 2601 1375 2657 iu
1397 2608 1500 2659 um

154 2681 292 2744 dentibus
315 2685 354 2743 eit
378 2685 466 2743 etiam
490 2685 657 2752 communio
680 2682 768 2742 realis
791 2685 935 2759 corporis,
964 2685 1030 2759 quie
1053 2683 1139 2743 aliter
1167 2682 1335 2762 intelliget,
1367 2684 1499 2763 qun&

154 2772 246 2848 siguis
270 2769 498 2831 exhibentibus?
527 2788 615 2846 quam
638 2787 694 2847 ego
717 2769 879 2830 doctrinam
902 2787 960 2828 uon
983 2770 1067 2830 hausi
1090 2772 1140 2848 (ue
1163 2787 1280 2848 quaeso
1311 2789 1361 2833 me
1383 2773 1432 2833 hic
1449 2788 1499 2835 tu·

152 2877 228 2936 puae
253 2876 318 2919 cum
342 2876 408 2918 mea
430 2857 595 2935 theologia)
617 2859 674 2917 sub
696 2857 822 2934 sphscre
844 2857 967 2916 fixarum
997 2856 1096 2931 ullibi,
1127 2867 1339 2935 praeterqua-
1362 2859 1499 2936 ussup·

152 2950 182 3005 iu
206 2946 381 3006 lectionibus
405 2945 590 3022 theologicis.
636 2943 750 3021 Corpus
773 2962 803 3008 n.
828 2945 1015 3005 invisibiliter
1037 2962 1176 3021 praeseus
1198 2948 1289 3023 signo
1312 2945 1499 3025 indigereti-

152 3033 215 3107 bili,
247 3051 305 3109 quo
329 3032 477 3093 mediante
500 3034 596 3109 possit
617 3034 754 3092 sensibus
781 3031 854 3093 fides
877 3031 939 3092 heri
962 3032 998 3091 de
1022 3034 1213 3093 exhibitione.
1262 3034 1382 3095 Deinde
1401 3035 1499 3112 jon

153 3122 205 3180 illo
228 3119 294 3180 loco
318 3138 412 3180 sermo
437 3128 483 3180 eet
507 3120 542 3179 dc
565 3119 791 3180 manducatione
813 3119 960 3196 spirituali
983 3119 1060 3192 lidei,
1083 3137 1143 3197 qua
1165 3121 1208 3194 lit,
1230 3131 1266 3181 ut
1291 3124 1499 3183 manee-nh

154 3207 271 3268 Christo
295 3216 324 3267 et
348 3207 481 3267 Christus
505 3209 534 3265 in
558 3209 658 3265 nobis:
683 3207 755 3266 fides
779 3224 848 3266 rero
872 3206 962 3266 hahet
984 3208 1131 3282 objectum
1155 3208 1247 3268 verba
1264 3209 1388 3282 Christi,
1409 3226 1498 3271 sctu-

24 3362 28 3369 ,
154 3295 223 3355 dum
246 3295 407 3354 Lutherum
430 3297 631 3371 promittentia
652 3295 739 3355 nobie
760 3295 964 3355 remissionem
987 3303 1189 3371 peccatomm,
1219 3299 1270 3355 cul
1299 3300 1436 3359 concioni
1454 3314 1498 3375 ιγ

153 3400 277 3460 pensum
301 3391 346 3441 est
370 3391 463 3441 totum
486 3390 710 3454 sacramentum,
733 3391 870 3442 constans
885 3399 962 3458 pene
984 3390 1014 3442 ct
1037 3400 1157 3459 corpore
1173 3400 1227 3460 pru
1248 3387 1341 3460 sigito
1355 3394 1388 3446 et
1398 3384 1497 3463 sigillat

153 3470 225 3530 dicit
248 3471 336 3546 igitur
365 3471 519 3545 responsio
548 3469 615 3543 illa,
645 3469 724 3545 quod
747 3471 797 3544 qul
827 3477 858 3529 ct
889 3470 986 3529 verbis
1009 3469 1115 3529 Christi
1145 3482 1177 3531 et
1205 3476 1388 3534 sacramenti
1415 3472 1497 3550 affl

151 3574 172 3617 a
194 3556 309 3617 Christo
340 3566 462 3633 eccepto
493 3557 558 3633 (cur
580 3575 598 3616 a
622 3557 751 3628 Christo,
782 3559 839 3617 nisi
866 3559 937 3633 quis
960 3556 1092 3617 Christus
1121 3565 1181 3632 eet,
1211 3561 1265 3634 qui
1297 3576 1406 3637 corpus
1430 3558 1497 3619 adl!

153 3644 258 3721 panii)
282 3644 382 3717 credit,
407 3647 432 3703 ie
455 3647 484 3703 in
509 3644 626 3704 Christo
649 3652 775 3703 moueat.
815 3644 878 3720 ligo
902 3653 979 3704 certe
1001 3662 1059 3703 uon
1082 3654 1164 3722 puto,
1189 3646 1272 3720 quod
1290 3650 1350 3708 ista
1364 3651 1424 3707 sint
1438 3662 1496 3706 ιιι

152 3733 241 3790 traria
263 3732 479 3807 susperioribus
502 3740 532 3792 et
555 3733 652 3791 verbis
675 3731 792 3792 Christi.
829 3731 889 3792 Sed
911 3749 997 3807 spero
1021 3741 1048 3791 te
1072 3735 1127 3791 lete
1141 3735 1368 3808 recognitumm
1389 3737 1495 3795 neth·

149 3819 350 3895 probaturum.
403 3818 489 3879 Certe
519 3821 543 3877 si
568 3827 627 3878 ism
658 3820 761 3878 attenti
790 3818 912 3879 iulsscnt
939 3818 1088 3879 auditores
1114 3822 1204 3880 ceteri
1235 3819 1494 3899 Lincemesfllh

151 3908 339 3966 omissionem
363 3905 466 3965 horum
491 3907 646 3966 verborum
671 3907 778 3965 ueteris
803 3905 953 3983 Agendae,
977 3923 1054 3981 quac
1069 3917 1194 3983 apparet
1210 3908 1241 3966 iu
1258 3925 1377 3985 supera
1392 3903 1495 3984 lig-ir

151 4009 260 4052 excusa
284 3993 439 4067 Tubingae
462 4011 514 4069 pro
538 3997 646 4053 nostris
668 3993 812 4066 ecclesiis,
835 4010 911 4069 quse
935 4010 1011 4053 nunc
1034 4012 1069 4054 ee
1092 4002 1226 4065 utuntur,
1249 4011 1311 4072 ego
1334 3998 1493 4058 metuisset
1542 4064 1544 4071 ,

149 4095 186 4138 ue
210 4082 331 4139 orniesio
355 4082 395 4140 rei
418 4083 559 4156 usitatae,
593 4081 678 4157 cujus
701 4081 756 4140 luit
778 4097 883 4141 seusus
905 4082 1047 4157 optimus,
1079 4081 1256 4141 scandalum
1278 4084 1362 4161 apud
1384 4082 1493 4144 lah!
1542 4080 1544 4087 '

147 4175 315 4312 wereged
337 4254 445 4314 sulhcit
467 4254 504 4316 de
527 4255 598 4330 lroo,
629 4259 742 4317 utinam
764 4258 795 4316 iu
817 4255 962 4332 prioribus
985 4253 1021 4314 de
1043 4253 1175 4330 generali
1201 4259 1377 4332 praesciis
1398 4264 1491 4317 test·
1541 4226 1544 4247 ¹

148 4338 203 4399 abe
226 4337 262 4399 it.
288 4342 375 4416 Dign.
400 4341 465 4400 Tua
489 4342 659 4402 facilitatem
682 4362 801 4420 sperare
823 4358 956 4419 possem,
981 4351 1121 4417 quantem
1139 4340 1196 4402 hic.
1228 4343 1293 4404 Seu
1314 4347 1390 4406 iuria
1409 4345 1492 4405 bt!

148 4424 247 4485 adbuc
269 4431 398 4503 suspicio
421 4430 523 4504 alique
546 4433 651 4489 erroris
674 4435 752 4490 circa
773 4445 898 4490 coenum
921 4428 1030 4488 domini
1053 4447 1088 4488 ex
1112 4428 1225 4490 scheda
1248 4432 1303 4491 illa
1325 4450 1401 4505 nea,
1419 4444 1490 4508 q-

149 4529 185 4572 ex
208 4512 332 4573 sedibus
355 4513 505 4576 Moestlini
530 4526 597 4578 ante
620 4535 730 4578 sunum
753 4517 792 4578 ed
814 4517 849 4579 it
872 4516 962 4593 Dign.
978 4516 1073 4577 Tuam
1095 4518 1173 4591 miei,
1196 4535 1290 4596 super
1311 4537 1372 4597 qus
1391 4516 1488 4579 nnh'

252 4734 364 4804 *efflat
352 4742 485 4790 corchorus
508 4743 535 4790 iu
560 4743 685 4804 margine:
713 4742 838 4808 Quisquis
856 4743 979 4810 Kspplerl
1004 4740 1149 4847 ιοιιιιιιίιὸ
1134 4763 1216 4806 opera
1236 4748 1324 4808 iaia,
1348 4754 1385 4797 stt
1403 4748 1484 4793 uari!

147 4804 291 4872 Scripturas
278 4812 405 4873 interp
406 4824 441 4861 es

250 4876 289 4946 ⁸)
306 4879 506 4932 wamherus.
522 4878 599 4935 Solus
616 4881 742 4951 [spissus
759 4888 880 4942 ιιιιιιιιιι.
