3308 5534
587 440 590 445 ·
656 482 659 487 ,
722 422 802 483 asse
1370 416 1437 490 tit

73 591 218 651 lurenime
237 610 275 662 ae,
293 570 377 665 addit,
397 596 471 667 apud
487 595 666 668 bibliopolam
683 600 738 654 tris
756 596 923 669 exemplaris
935 603 1068 653 uectatus
1080 596 1220 668 dometici,
1239 596 1285 668 qui
1299 596 1334 653 t8
1351 596 1438 653 cruri·

74 682 150 750 geris
174 682 314 739 vendatur.
352 685 419 740 Inde
438 684 624 752 Gringalletus
645 702 696 754 per
716 686 839 755 Ulmum,
865 686 912 740 ubi
935 686 1167 741 ilabeustreitium
1193 686 1301 740 nomine
1325 685 1438 756 lleplsri

74 762 220 832 salutarit,
239 772 391 838 Tubingam
409 772 549 841 profectus
570 779 626 841 est;
653 774 706 830 iter
724 773 854 829 describit
877 773 904 827 iu
923 773 1009 828 literis
1028 772 1054 829 d.
1074 773 1242 841 argentinae
1261 773 1286 829 d.
1306 774 1349 831 lt.
1368 774 1437 842 Oct,

73 856 210 926 equibus
234 858 303 914 haeo
325 859 518 914 desumsimus:
544 861 612 926 ,Vix
636 876 706 930 opus
730 875 792 916 esse
816 868 896 930 puto,
921 867 951 915 ut
972 860 1067 915 miultis
1091 868 1120 916 te
1144 860 1271 931 alloquar
1289 862 1322 917 dc
1341 862 1438 916 itinere

74 959 147 1015 meo,
166 960 228 1000 cum
246 952 278 1001 tu
295 947 361 1000 mihi
380 963 488 1017 semper
507 964 637 1017 praesens
654 947 828 1018 fusmacum
846 953 875 1002 te
891 946 1014 1002 humeris
1032 948 1091 1018 ipse
1104 949 1265 1016 gestaverim
1279 947 1354 1015 (dicit
1368 949 1439 1013 „ico-

73 1037 156 1088 sio-⁸
176 1033 307 1103 Kepleril.
343 1035 564 1091 Hebenstreitius
582 1037 743 1091 monstrarit
754 1035 821 1089 mihi
839 1035 932 1089 literas
946 1052 962 1088 a
975 1042 1013 1101 te,
1031 1036 1060 1089 ni
1077 1034 1166 1104 fallor,
1186 1035 1315 1104 lisslinga
1331 1037 1438 1105 missas,

73 1119 176 1190 quibus
195 1129 222 1175 et
240 1121 341 1176 differri
360 1123 564 1191 impressionem
584 1123 774 1192 Ephemeridis
792 1122 962 1192 ingolstadii,
981 1129 1010 1177 et
1027 1123 1217 1179 maturandum
1235 1122 1284 1177 tibi
1304 1123 1439 1191 stuttgar-

74 1206 144 1262 tiam
161 1208 264 1277 ajebas.
300 1210 441 1278 Tubingae
459 1212 575 1279 primum
593 1211 769 1266 llaeetlinum
788 1211 964 1264 salutandum
984 1210 1146 1265 existimavi.
1183 1211 1237 1266 Sed
1256 1211 1322 1280 quid
1336 1211 1438 1266 evenit!

74 1296 145 1350 Cum
164 1296 198 1350 ad
216 1295 289 1351 fores
307 1296 414 1351 aedium
432 1297 492 1365 ejus
509 1296 662 1366 pulsarem,
687 1298 790 1352 exserit
806 1297 867 1367 ipse
884 1305 966 1367 caput
986 1314 1001 1353 e
1025 1299 1146 1354 fenestra
1168 1299 1317 1368 vidensque
1342 1298 1439 1353 adesse

74 1382 197 1452 aliquem
216 1384 326 1439 militari
351 1384 475 1439 indutum
502 1391 591 1451 veste,
614 1384 695 1452 jubet
713 1400 827 1439 atrorem
849 1386 916 1440 mihi
940 1385 1050 1439 obolum
1069 1386 1104 1440 de
1126 1385 1248 1441 fenestra
1267 1387 1379 1452 offerre;
1404 1387 1440 1442 ad

75 1484 160 1538 quam
178 1485 245 1539 ego:
264 1471 404 1527 mendicus
423 1488 476 1525 non
495 1487 565 1538 sum,
583 1472 632 1527 sed
651 1472 802 1538 studiosus,
822 1474 945 1541 quicum
965 1473 998 1528 ll.
1012 1473 1145 1541 Magistro
1164 1472 1239 1541 loqui
1256 1480 1329 1542 opto.
1355 1472 1441 1542 Urget

71 1556 133 1628 illa,
153 1574 216 1612 eum
235 1559 306 1613 donni
325 1577 379 1614 non
397 1574 466 1621 esse,
484 1559 550 1613 mihi
563 1575 617 1613 non
629 1574 691 1614 esse
703 1560 805 1615 diutius
823 1560 1048 1629 exspectandum.
1074 1561 1214 1630 Exspecto
1227 1567 1317 1615 tamen
1330 1560 1441 1614 iterum·

73 1660 133 1714 que
156 1646 253 1714 pulso:
282 1646 329 1700 illa
351 1647 428 1702 relut
450 1650 520 1702 irata
544 1663 640 1702 rursus
662 1654 745 1716 negat
767 1647 857 1702 mariti
880 1647 1077 1716 praesentiam,
1103 1647 1196 1716 fugam
1223 1647 1289 1701 ntihi
1312 1647 1439 1702 suadens.

72 1732 186 1801 Agnou
206 1734 297 1790 statim
321 1734 368 1788 ubi
391 1730 518 1789 haereret
540 1733 642 1802 nndns3
668 1736 760 1802 ltaque
783 1735 809 1787 in
835 1733 982 1803 hospitium
1010 1736 1137 1789 resersus
1165 1734 1336 1789 chartaceum
1362 1733 1441 1788 mitto

71 1818 223 1890 famulum,
242 1821 288 1890 qui
307 1827 335 1875 et
352 1829 484 1891 exceptus
504 1830 532 1876 et
549 1822 638 1876 lectus
656 1822 803 1876 maximum
821 1821 967 1877 Maestlino
985 1821 1100 1876 incussit
1117 1821 1257 1890 pudorem.
1291 1820 1379 1891 Igitur
1397 1836 1441 1876 ac·

73 1922 193 1963 cuneus
212 1909 246 1962 sd
265 1909 413 1979 hospitium
427 1926 524 1978 meum,
543 1909 597 1969 diei
615 1924 669 1964 non
682 1916 775 1979 potest
791 1908 899 1977 quentis
917 1909 1028 1977 quantis
1047 1908 1093 1963 ille
1110 1923 1139 1962 se
1152 1908 1242 1964 rerhis
1261 1909 1441 1980 excusaverit,

76 1994 189 2049 reniam
206 1996 272 2051 facti
292 1998 451 2066 deprecans.
480 1998 578 2051 Potum
597 1997 671 2052 illico
691 1996 792 2051 adferri
808 1996 900 2064 jubeo,
920 1997 963 2050 eui
982 1996 1046 2051 dum
1066 1995 1207 2052 studemus
1225 1997 1299 2050 varia
1317 1995 1353 2050 de
1369 2010 1442 2051 eom·

73 2081 206 2137 munibus
219 2083 320 2137 nostris
333 2084 430 2139 studiis
443 2085 506 2139 hine
518 2086 581 2139 inde
591 2085 790 2140 disseruimus.“
811 2083 916 2138 Deinde
925 2083 1009 2138 refert
1021 2083 1215 2152 (iringalletua,
1225 2082 1403 2138 blaestlinum
1413 2088 1443 2138 et

75 2167 150 2223 alios
169 2171 302 2237 quosdam
320 2171 488 2239 professores
508 2174 595 2242 ipsum
614 2171 822 2241 philosophicae
844 2171 982 2226 facultatis
1007 2171 1116 2224 nomine
1135 2170 1169 2225 ad
1188 2169 1361 2240 splendidum
1379 2186 1443 2226 con·

74 2255 181 2311 virium
198 2256 329 2312 invitasse
348 2266 375 2314 et
395 2274 474 2326 quam
498 2260 544 2315 diu
562 2260 705 2329 Tuhingae
722 2260 852 2314 manserit
872 2257 1073 2328 „asymbolum‘
1093 2257 1216 2313 habitum
1234 2274 1304 2314 esse.
1341 2263 1444 2325 argen-

73 2343 163 2399 torati
185 2342 327 2400 advenisse
352 2361 381 2400 se
404 2347 430 2400 d.
454 2347 480 2402 8.
499 2346 558 2400 Oct.
587 2353 615 2401 et
637 2346 755 2417 effigiem
779 2346 890 2415 llepleri
912 2345 1058 2400 tradidisse
1081 2346 1266 2416 Bernepgero,
1291 2345 1339 2414 qni
1360 2346 1442 2401 latam

76 2429 217 2499 sculptori
233 2432 407 2486 commiserit.
427 2463 460 2473 -
479 2433 626 2501 Imaginem
645 2442 729 2502 tunm,
748 2434 857 2502 scripsit
875 2433 1064 2501 Bernepgerus
1082 2448 1153 2488 auno
1174 2434 1252 2498 teti,
1272 2433 1443 2500 quondama

77 2516 251 2585 Gringalleto
276 2528 369 2573 nostro
393 2520 458 2574 mihi
477 2520 617 2591 donatam,
641 2521 669 2575 in
689 2521 801 2592 publica
818 2520 974 2574 academiae
992 2526 1103 2575 nostrae
1125 2519 1291 2574 bibliotheca
1309 2519 1442 2577 dedicati.

76 2603 184 2660 Vident
200 2602 275 2657 illam
294 2607 424 2674 quotidie,
444 2608 490 2676 qui
508 2608 597 2663 istam.
623 2609 703 2664 Vitas
721 2608 893 2676 curriculum,
912 2614 945 2662 ut
963 2606 1037 2660 oram
1055 2605 1174 2675 saepius,
1194 2608 1292 2665 iterum
1309 2621 1358 2660 oro
1372 2622 1443 2662 com-

76 2690 214 2747 munices.
252 2693 276 2745 li
296 2693 404 2762 scriptis
427 2695 482 2749 tuis
500 2695 528 2749 id
547 2696 656 2765 quidem
674 2696 847 2764 aliquatenus
867 2702 910 2749 est
927 2693 1070 2763 colligere,
1093 2709 1187 2747 rernm
1209 2693 1245 2746 da
1262 2693 1315 2748 hoc
1338 2706 1442 2763 quaese

77 2776 238 2833 curiositati
255 2793 341 2844 meae,
361 2781 415 2834 imo
434 2781 469 2834 de
487 2782 650 2852 posteritati¹
669 2793 700 2838 ut
718 2784 768 2837 ahs
785 2790 814 2837 te
832 2782 866 2835 de
885 2788 913 2835 te
932 2780 1041 2850 plenius
1059 2778 1161 2848 aliquid
1179 2780 1338 2835 habeamus.

183 2864 340 2935 Ellepleri
357 2869 537 2935 responsione
563 2870 605 2937 (d.
624 2870 722 2925 Ulmae
746 2871 771 2924 6.
791 2871 858 2939 Apr.
880 2868 969 2935 1627.)
995 2874 1121 2936 apparet,
1146 2867 1198 2936 ipsi
1223 2884 1279 2922 non
1304 2868 1442 2938 placuisse

76 2951 242 3021 imaginem,
269 2969 329 3008 cum
354 2954 471 3009 scribat:
501 2952 587 3027 Quod
612 2956 695 3029 tetigt
718 2976 772 3013 rev
791 2957 907 3027 μιλιιος
928 2946 1018 3030 dytis,
1049 2952 1078 3010 id
1101 2955 1181 3011 sitae
1204 2970 1288 3014 meae
1310 2953 1442 3030 descrip-

79 3038 196 3097 tionem
220 3040 334 3096 attinet.
372 3037 545 3098 Ludibrium
568 3058 665 3100 meum
688 3059 706 3099 a
728 3056 777 3099 me
800 3056 836 3098 ne
857 3043 985 3117 pelleris.
1027 3037 1127 3113 Quid?
1150 3049 1181 3098 tu
1204 3057 1306 3100 omues
1328 3058 1366 3100 ex
1388 3050 1441 3100 tuo

77 3124 255 3185 aestimabis
286 3127 404 3200 ingenio
435 3138 545 3204 turaque
573 3131 602 3185 in
632 3146 679 3187 me
717 3127 926 3187 benevolentia
957 3138 986 3186 et
1015 3144 1124 3186 amoro.
1175 3128 1273 3187 Velim
1304 3126 1440 3203 equidem

78 3214 245 3288 imaginem
268 3231 363 3272 meam
387 3216 425 3272 ab
450 3215 500 3273 illo
523 3215 590 3274 loco
612 3215 733 3291 publico
756 3215 871 3288 abesse,
894 3217 1065 3292 praesertim
1090 3232 1156 3273 cum
1179 3233 1282 3291 parum
1306 3219 1363 3276 mei
1387 3215 1443 3274 ha·

78 3300 163 3361 beat.
209 3298 339 3360 Obsecro
364 3300 436 3360 illud
459 3303 588 3378 plegium
613 3302 720 3362 adme
743 3306 884 3363 remittas.
922 3309 1018 3364 lltrum
1045 3309 1098 3364 hoc
1126 3309 1257 3375 judicium
1284 3324 1376 3363 verum
1405 3308 1441 3363 sit

76 3406 178 3454 necne,
197 3391 340 3448 nescimus.
366 3393 450 3448 Forte
469 3393 588 3463 Keplero
607 3400 671 3462 post
689 3395 805 3448 iannos
818 3410 863 3448 res
881 3393 942 3463 ipsa
955 3409 970 3448 e
982 3396 1113 3450 memorie
1125 3395 1235 3465 excidit,
1255 3403 1283 3449 et
1303 3396 1440 3462 ,iconem⁸

79 3495 165 3550 quam
176 3478 349 3548 Berneggero
363 3480 434 3534 dono
448 3482 567 3548 dederat,
587 3480 711 3535 confudit
729 3497 789 3535 cum
803 3481 890 3549 figura
903 3498 1000 3547 aenea,
1021 3483 1054 3539 de
1073 3499 1126 3550 qua
1146 3484 1229 3552 paulo
1247 3489 1310 3551 post
1322 3498 1441 3554 agemus.

79 3566 175 3635 Certe,
193 3572 225 3620 ut
243 3574 301 3619 erat
319 3566 359 3619 vir
377 3584 462 3621 sanae
481 3569 584 3634 gloriae
596 3568 705 3623 minime
722 3569 847 3637 cupidus,
867 3570 989 3623 minuere
1002 3571 1087 3624 voluit
1100 3572 1337 3639 exaggerationem
1350 3570 1439 3640 amici,
1477 3572 1481 3577 '

77 3654 228 3723 imaginem
252 3653 340 3721 ipsam
366 3655 506 3723 abjiciens.
541 3655 729 3725 Berneggerus
756 3674 810 3712 non
834 3656 982 3711 obsecutus
1008 3656 1121 3727 Kepleri
1142 3659 1282 3729 petitioni,
1306 3658 1367 3713 loco
1392 3674 1441 3714 suo

77 3741 195 3810 reliquit
216 3741 360 3811 imaginem
385 3744 544 3813 (pigmentis
570 3744 666 3800 olentis
690 3744 805 3814 pictam)
829 3760 915 3814 eaque
939 3761 1026 3813 usque
1052 3746 1079 3801 in
1107 3762 1207 3800 anuum
1235 3749 1311 3803 1870.
1335 3764 1443 3803 eonsen-

78 3837 145 3887 rata
163 3836 208 3883 cst
223 3829 388 3898 Argentinae
414 3831 441 3884 in
469 3831 533 3886 aula
558 3831 726 3900 academiae,
752 3833 794 3886 bis
821 3847 886 3886 auro
915 3832 995 3901 pictis
1022 3834 1126 3888 serbis:
1160 3834 1283 3890 tonante
1308 3836 1444 3906 chpleti

78 3918 175 3975 nott.
194 3917 323 3973 &neerei
349 3919 420 3974 hanc
441 3921 589 3990 imapinrm
607 3921 836 3991 Argentoratenei
853 3920 1043 3976 Bibliothecae
1068 3936 1188 3977 consecr.
1212 3922 1352 3978 Matthiae
1373 3923 1443 3977 Bon

75 4021 209 4061 meras
238 4005 304 4061 Kal.
332 4007 402 4062 Iun.
429 4025 504 4062 uano
533 4008 596 4065 Otr.
624 4009 850 4064 MDOXXVII.
886 4010 943 4063 Nos
962 4008 1033 4062 hane
1057 4009 1213 4077 imaginem,
1239 4009 1443 4063 accuratissime
1514 4078 1518 4084 .

77 4091 262 4161 descriptam,
293 4092 357 4150 huic
376 4095 505 4149 volermini
527 4097 723 4165 praemisimus.
759 4097 902 4167 Βιιῑοιιιι,
922 4098 1021 4167 quihus
1039 4099 1106 4152 moti
1127 4099 1330 4168 Berneggerum
1354 4112 1443 4166 neqne

76 4196 147 4237 reru
166 4179 315 4249 Keplerum
340 4184 427 4236 sectati
445 4183 588 4251 fixerimus,
615 4185 668 4239 hae
686 4192 759 4240 sunt.
798 4186 888 4255 Supra
910 4186 1043 4255 diximus,
1070 4186 1219 4255 Keplemrm
1239 4186 1310 4241 forte
1328 4185 1443 4242 oblitum

76 4283 144 4326 use
163 4269 282 4337 speciem
300 4268 372 4324 illius
390 4270 528 4341 imaginis,
547 4288 626 4341 quam
645 4273 818 4343 Berneggero
837 4273 962 4342 miserat3
982 4283 1055 4329 certe
1081 4275 1103 4329 si
1124 4290 1236 4343 „parram
1256 4275 1315 4329 sui¹⁴
1334 4273 1443 4327 habuis·

78 4364 133 4428 sat,
151 4357 226 4412 illurn
238 4356 408 4425 Gringalleto
427 4373 481 4412 nou
495 4361 705 4430 Argentoratum
719 4360 857 4415 ferendam
876 4362 1066 4417 commisisset.
1080 4358 1196 4418 'Deinde
1209 4363 1313 4417 nullum
1333 4361 1443 4417 dubium

78 4451 133 4512 eat,
154 4445 222 4513 quin
240 4444 427 4514 Beraeggerns
446 4447 590 4514 imaginem
610 4447 693 4518 illam,
714 4450 738 4504 ei
758 4448 840 4519 plene
862 4450 1051 4507 abhorruisset
1070 4451 1232 4520 sumitate,
1251 4448 1361 4520 publico
1382 4448 1442 4502 leuc

76 4540 109 4591 et
125 4547 178 4588 suo
196 4533 352 4601 insignitam
370 4536 478 4589 nomine
496 4535 681 4590 collocaturus
697 4535 789 4592 fuerit.
822 4537 914 4592 Tertio
928 4537 1092 4592 describitur
1114 4552 1214 4607 corpus
1232 4535 1344 4606 llepleri
1362 4533 1443 4589 molle

78 4630 110 4678 at
120 4637 247 4692 parrum,
265 4628 355 4685 tenue,
369 4623 470 4689 gracile
483 4624 518 4690 (v.
532 4625 576 4690 εις
595 4624 731 4679 Martinus
745 4626 857 4680 Crusius
876 4627 1030 4680 annotatio
1046 4626 1187 4683 „ltiario“:
1207 4625 1285 4681 1⁵96.
1305 4626 1386 4680 Mart.
1402 4624 1442 4679 12.

79 4722 187 4775 ,auem
205 4707 357 4776 excipimus
376 4710 403 4763 in
423 4711 502 4764 domo
521 4710 661 4766 fscrrltatia
680 4719 792 4768 nostrae
810 4714 849 4767 M.
868 4714 893 4766 J.
908 4714 1065 4783 lleplerum,
1086 4713 1193 4768 (innecii
1212 4710 1443 4778 mathematicum,

77 4797 128 4867 qni
146 4810 221 4850 nora
238 4796 372 4863 quaedam
390 4796 417 4851 in
437 4798 626 4852 astronomicis
644 4798 793 4867 invenerat,
813 4799 857 4853 hic
871 4799 1032 4854 excudenda
1050 4801 1183 4867 (Pulcher
1189 4800 1338 4868 juvenal).
1363 4798 1441 4854 llaec

76 4881 174 4939 amnia
183 4897 247 4937 cnm
259 4882 377 4954 imagine
385 4885 611 4954 argentoratensi
619 4890 782 4954 eeugmunt
800 4886 903 4942 Contra
915 4901 1009 4945 omnes
1019 4887 1048 4947 in
1057 4900 1093 4942 eo
1103 4885 1443 4956 consentiuntimaginem
