3308 5534
608 362 647 427 11.
662 364 803 427 marica
818 370 848 423 cl
864 364 1041 439 Philolopiea.
1438 368 1504 441 205

251 544 446 625 sigehardus.
497 544 574 608 asoa
602 562 693 624 quma
719 544 861 624 tlllueide,
891 546 981 610 hotlie
1009 548 1175 626 corruptius
1202 544 1348 625 sigberti,
1381 547 1504 611 duratas

145 635 300 697 victoriae.

253 719 415 795 Amoltlus,
437 719 527 783 hodia
548 719 728 793 Ehrenholm
751 722 912 784 lenonum
934 722 1049 785 lavans.

254 808 424 871 sunderolt.
468 808 535 868 Non
557 807 751 882 Siiuderlroltl,
775 812 825 886 qni
848 810 929 871 lavet
951 810 1164 889 peccatoribus.
1203 808 1328 884 Sllnder,
1351 810 1431 888 quod
1453 829 1505 875 se·

143 903 318 975 pararentur
339 930 382 941 —
404 897 527 957 Eremia.
550 930 594 941 -
616 895 697 959 Olim
725 897 800 959 torte
822 897 937 961 sinder
960 899 989 958 id
1013 906 1092 975 erat,
1123 896 1204 978 qued
1231 896 1332 961 latinis
1355 902 1503 978 egregius.

146 984 182 1049 Ut
202 984 297 1045 hodie
318 983 423 1045 Nlclrts
444 982 577 1045 suadeas.

251 1072 345 1149 Hatt,
374 1070 470 1149 Hess,
500 1071 614 1133 (lattns.
658 1070 734 1147 Bru,
765 1071 874 1149 honos,
903 1071 992 1135 hodie
1015 1091 1156 1156 eramen,
1185 1090 1238 1135 am
1258 1106 1305 1121 -
1324 1074 1399 1138 torte
1420 1074 1505 1137 labor

144 1160 297 1221 lanatus.

254 1245 413 1307 Harderat.
458 1243 551 1307 Gallis
572 1242 659 1305 hardi
681 1253 727 1305 est
747 1244 907 1309 confidens.

252 1333 393 1393 Diethart
413 1331 517 1396 eodem
538 1332 606 1392 loeo
628 1333 680 1393 nbi
702 1333 807 1409 Thiae,
831 1352 902 1412 ergo
924 1332 1000 1396 lorte
1023 1335 1121 1398 divisa
1143 1343 1213 1397 sunt
1234 1336 1304 1397 ista.

251 1420 406 1483 Luitbold.
429 1422 478 1481 Aa
501 1417 577 1479 Bold
601 1452 643 1465 -
666 1419 758 1493 walt,
780 1439 831 1482 rex
854 1422 1027 1483 hominum?

255 1508 407 1569 Giselbert
426 1542 472 1553 -
495 1506 607 1576 Gisela,
629 1506 718 1568 hodie
742 1506 905 1571 Gisbcrtua.
944 1510 992 1569 An
1015 1512 1086 1587 quia
1107 1510 1184 1588 gisel
1206 1512 1293 1573 obses
1316 1517 1370 1587 est,
1392 1510 1460 1574 ideo
1475 1519 1506 1575 et

148 1598 308 1676 ingemere
331 1599 438 1673 pignus
461 1603 515 1657 eat
560 1594 686 1671 Pignore
710 1595 758 1655 vel
780 1600 874 1673 pretio
898 1596 1014 1675 (lignus.

232 1684 345 1757 Etheit,
368 1682 517 1746 Adclheit.
558 1680 632 1743 Heit
653 1685 820 1744 terminatio
844 1686 953 1745 usitata
973 1688 1006 1745 in
1029 1686 1194 1759 abstractis,
1216 1684 1270 1746 aed
1291 1685 1331 1745 Et
1352 1689 1506 1764 antiquum

150 1790 276 1849 nomen,
295 1770 375 1831 unde
397 1769 570 1831 Etlmundus
591 1777 622 1829 et
643 1770 762 1833 similia.
805 1771 984 1834 Crediderim
1005 1773 1094 1834 litlem
1116 1772 1298 1850 significasse
1320 1785 1373 1836 aut
1396 1778 1507 1837 verita-

150 1869 213 1937 tem,
239 1860 328 1937 quasi
350 1857 420 1919 lade
442 1861 484 1919 sit
505 1857 676 1917 hodiemnm
698 1858 775 1935 Eyd.

255 1945 409 2007 Willtelm.
438 1944 544 2005 .Helm
567 1976 607 1989 -
631 1944 755 2006 Galeam
778 1978 821 1991 -
844 1946 922 2007 clare
944 1947 1099 2023 significat,
1121 1945 1175 2009 aad
1197 1946 1269 2025 quid
1283 1947 1368 2009 wit?
1401 1948 1506 2012 Credi·

148 2034 242 2097 mam
267 2032 361 2105 wilti,
384 2032 437 2094 aeti
459 2032 533 2093 alibi
555 2034 643 2093 ctiam
665 2034 830 2109 invenltnr3
853 2037 926 2096 lorte
948 2034 1051 2097 Weill
1073 2038 1290 2112 procrastinans
1312 2035 1409 2111 galea.

255 2120 419 2183 Hedemar.
440 2154 485 2167 -
506 2119 573 2180 liar
594 2123 744 2195 usitatum,
767 2120 819 2181 sed
841 2120 927 2183 Helle
950 2122 1046 2199 qnid?
1083 2123 1130 2182 Aa
1149 2122 1223 2183 Hatt
1244 2123 1293 2185 rel
1316 2122 1398 2184 Haut
1412 2142 1431 2185 a
1444 2123 1507 2185 Ba·

151 2213 246 2273 rerico
271 2208 392 2287 Hayan,
414 2226 454 2269 an
477 2216 524 2269 est
545 2208 619 2269 hacc
640 2212 817 2283 terminatio,
840 2218 871 2269 et
892 2209 933 2268 nil
956 2209 1037 2270 aliud
1061 2228 1151 2287 qnam
1173 2210 1271 2287 Haag,
1294 2218 1404 2275 taurus.

250 2295 381 2374 Egilolff,
418 2294 496 2372 sall,
520 2295 594 2373 egel,
617 2313 656 2356 an
671 2304 803 2357 nostrum
817 2296 890 2375 lgal,
913 2305 966 2359 aut
987 2315 1128 2359 nauscam
1145 2306 1292 2375 avertens,
1315 2306 1367 2361 aut
1381 2300 1507 2362 erinacel

151 2388 175 2445 m
195 2402 310 2446 morem
334 2382 464 2459 adjutas.

252 2472 439 2547 Babanberg.
484 2466 562 2545 Quid
590 2476 637 2531 eat
657 2468 787 2534 Babenl
822 2471 861 2532 Et
883 2478 965 2549 nota,
995 2490 1070 2534 uxor
1099 2475 1177 2551 regis
1199 2470 1274 2537 Will
1296 2472 1415 2551 dicitm,
1437 2472 1506 2537 ltine

153 2559 225 2623 dlsce
248 2560 323 2636 quid
346 2560 386 2619 sit
408 2555 559 2620 wilhelm.

252 2646 427 2719 Folckmar,
458 2644 651 2720 Volclrlrmar,
681 2650 761 2706 tutor
782 2645 898 2723 populi,
929 2646 979 2707 vel
1008 2647 1148 2709 collector
1169 2647 1292 2728 populi,
1321 2648 1371 2709 val
1394 2656 1506 2717 auctor.

98 2748 100 2757 ·
156 2734 245 2797 Hodie
270 2734 359 2806 Maia,
382 2733 508 2806 villicus,
531 2734 583 2810 qui
604 2748 716 2793 messes
738 2733 852 2811 colligit
873 2734 1002 2811 colitque
1024 2752 1122 2813 agros.
1167 2735 1283 2795 Malunt
1304 2734 1357 2797 alii
1378 2735 1474 2797 Maur.

253 2821 419 2897 Wemltcr3
449 2820 816 2896 manifestationum,
846 2821 926 2881 disce
955 2825 1043 2899 igitur
1072 2832 1103 2883 et
1125 2822 1175 2883 illa
1197 2821 1327 2898 solvere,
1356 2824 1506 2899 guel-lter,

155 2908 309 2975 walt-lter.
354 2907 468 2987 sylvae
496 2906 641 2969 (laminas.
686 2906 746 2969 Sed
769 2907 832 2969 Her
862 2909 978 2970 vitletnr
1007 2927 1109 2971 reeens
1139 2912 1177 2971 ab
1199 2909 1308 2974 Herus.
1353 2910 1445 2971 Wem
1467 2929 1505 2973 an

156 2998 292 3059 noaino?
328 2996 454 3057 Werner
469 3027 510 3039 -
526 2998 653 3057 monitor
674 2994 724 3057 vel
740 2998 849 3057 minax.
878 2995 978 3059 Hodie
993 2997 1093 3058 fistula
1114 2997 1274 3076 palpebras
1297 2997 1403 3059 dicitnr
1417 2998 1506 3061 War-

158 3102 206 3161 acr,
228 3089 301 3162 onia
324 3083 398 3145 lorte
421 3086 566 3145 minacem
589 3084 678 3144 elllcit
701 3083 828 3145 oculum.

250 3171 392 3233 Hunlrid.
437 3171 508 3232 Hnn
531 3189 569 3231 an
590 3170 697 3248 Haeo,
722 3170 828 3246 Hand,
852 3189 890 3233 en
913 3170 1040 3233 Hunni?
1072 3170 1230 3250 Hungaril
1258 3170 1356 3234 Hodie
1385 3170 1506 3250 quidam

158 3258 291 3337 Homine,
315 3261 392 3321 forte
415 3260 456 3321 ob
477 3259 665 3337 euphoniam.

172 3578 404 3653 Fragmentum
424 3578 601 3637 versionis
621 3577 705 3635 libri
725 3578 828 3649 primi
849 3577 885 3636 0.
907 3576 937 3634 J.
960 3576 1114 3635 caesaris
1137 3574 1180 3634 de
1201 3575 1301 3634 Bello
1324 3575 1467 3633 Gallice.

254 3709 283 3764 l.
308 3699 411 3761 Gallia
433 3699 487 3760 het
507 3698 733 3759 summarischer
747 3696 808 3757 daei
824 3694 920 3756 Thail.
951 3695 987 3755 ln
1010 3695 1076 3756 dem
1098 3700 1183 3757 elaten
1199 3713 1303 3757 nonen
1319 3695 1367 3755 die
1382 3694 1505 3769 Belgeu,

157 3790 266 3852 ladem
297 3788 411 3849 andern
441 3787 489 3847 tlie
510 3785 677 3862 Haydancn
699 3788 857 3857 (Aquitani),
886 3786 915 3841 in
948 3783 1013 3843 dem
1041 3784 1145 3845 dritten
1175 3784 1222 3844 dle
1250 3786 1281 3843 ln
1309 3783 1370 3842 lrcr
1392 3782 1505 3858 Spraeh

156 3875 258 3954 Kalten,
283 3895 345 3937 ron
369 3894 426 3935 vus
448 3875 520 3935 aber
542 3872 647 3933 Gallen
672 3880 817 3947 genennae
840 3870 965 3931 werden.

250 3968 334 4025 Auos
365 3963 460 4023 denen
492 3961 638 4021 Vlilclrern
667 3960 720 4019 hat
740 3959 826 4035 jedes
855 3962 937 4019 seina
965 3958 1126 4019 besondere
1149 3957 1277 4035 spreuit,
1307 3954 1504 4030 Gewonheitt,

152 4051 233 4115 aaut
256 4052 318 4113 rntl
336 4048 503 4111 Gebriiuch.
541 4049 599 4109 Die
622 4046 728 4107 Gallen
752 4054 890 4123 grentaen
913 4047 977 4106 anll
996 4049 1076 4106 einer
1091 4049 1161 4105 seltl
1183 4048 1237 4102 mit
1258 4044 1313 4103 den
1337 4043 1505 4119 Haydaneu

149 4158 179 4201 ta
199 4144 267 4203 dem
291 4140 383 4201 Fluss
404 4138 499 4197 Krnm
520 4134 694 4216 (Garumna,
718 4132 885 4213 Garunna),
917 4135 981 4193 null
1007 4134 1058 4192 ‹ler
1087 4133 1197 4192 andern
1226 4134 1280 4190 mit
1302 4130 1358 4190 tlen
1382 4131 1505 4206 Belgcm

149 4228 187 4289 lai
214 4229 273 4290 den
304 4244 371 4287 awo
403 4226 529 4285 l'llissen
558 4224 676 4283 Metron
700 4222 815 4298 (Maru)
846 4220 904 4281 und
934 4221 1060 4280 Sclrwan
1091 4220 1259 4297 (Sequana,
1288 4212 1401 4299 Scine).
1447 4218 1505 4278 Die

148 4319 328 4377 streitberste
350 4332 423 4374 ause
445 4311 524 4372 allen
546 4310 631 4373 seind
655 4309 701 4370 (lie
724 4310 847 4385 Belgae,
871 4308 986 4368 diewell
1009 4310 1053 4367 sie
1076 4325 1134 4366 von
1158 4324 1275 4365 onserm
1297 4304 1384 4363 Thcil
1407 4302 1507 4363 Galli-

146 4406 228 4467 men
244 4402 359 4476 Lauda,
385 4400 528 4461 darinnen
550 4409 641 4459 etwas
657 4396 826 4457 sierllchere
849 4396 908 4454 vnd
925 4397 1040 4455 bessere
1055 4394 1159 4464 Sinon,
1183 4391 1259 4453 anch
1280 4390 1506 4451 ircundtlieltere

146 4491 230 4554 laeutt
253 4508 338 4570 sepa,
363 4506 412 4549 am
428 4489 591 4547 ueittesten
607 4485 747 4562 gelegen3
771 4483 885 4544 dieneil
901 4484 978 4543 euch
995 4483 1080 4542 kalne
1096 4481 1262 4540 lieulllentt
1277 4477 1365 4537 dahin
1384 4479 1506 4550 reissan,

146 4580 188 4641 die
218 4582 279 4658 bey
312 4578 402 4638 ilrnen
434 4574 582 4648 frembde,
613 4572 855 4634 sclrleelrerlrellte
878 4571 938 4629 vnd
961 4571 1114 4645 noffanlge
1137 4567 1283 4638 Wahren,
1313 4563 1366 4623 das
1388 4564 1505 4637 gemein

145 4666 259 4729 Voleklr
288 4668 350 4743 feig
373 4662 436 4723 and
458 4669 523 4722 sart
544 4679 581 4720 atr
609 4659 749 4732 macheu,
780 4657 1008 4733 rerhaudelten3
1039 4655 1099 4716 and
1122 4654 1216 4725 daun,
1249 4650 1363 4711 dieweil
1385 4652 1428 4706 sie
1452 4650 1507 4706 mit

147 4754 198 4816 len
221 4754 432 4823 Geermanen,
462 4766 496 4809 so
517 4749 627 4825 janseit
648 4748 701 4810 des
723 4746 834 4807 Rheins
856 4746 996 4821 wohnen,
1018 4750 1157 4821 grentzen
1180 4739 1239 4803 end
1262 4738 1351 4797 wider
1373 4734 1506 4795 dieselbe

145 4841 377 4907 muneranda
399 4838 497 4916 Krleg
517 4836 631 4897 tannen.
