3308 5534
801 380 881 440 ress.
1281 464 1285 477 .
1446 380 1512 455 353

148 556 401 628 Progymntsmatis
411 555 549 626 Tychouis
567 569 622 613 non
634 560 754 618 ιιιιιιιι.
782 555 880 616 ιιιιιιι
891 555 1042 630 Keplerum
1059 563 1091 612 ut
1100 557 1243 630 promissis
1260 562 1330 616 stet:
1349 557 1409 627 ,his
1423 557 1512 615 calcar

149 644 277 715 ιιιιιιιιι,
303 651 335 702 ιι
358 644 482 714 singulos
507 643 665 701 asterismos
690 644 868 715 delinearem,
893 645 1048 701 deluentes
1070 643 1121 700 tibi
1138 645 1174 700 ad
1192 643 1358 701 censendum
1375 643 1512 715 offerrem,

149 732 356 813 censitos-sero
374 732 431 788 aeri
448 732 595 789 inciderem
613 738 642 787 et
659 731 709 788 sub
729 733 859 803 auspiciis
877 733 933 789 tuis
951 731 1148 803 publicarent
1183 732 1290 788 Deinde
1307 732 1399 799 refert,
1417 748 1448 789 se
1466 748 1512 791 ec·

147 818 262 876 mione
279 818 354 876 illius
373 821 589 877 conversationis
608 820 646 876 de
659 836 730 877 noro
742 820 778 875 ad
790 821 926 878 mathesin
939 821 1058 877 animum
1071 820 1225 892 applicasse
1238 827 1266 875 et
1277 820 1410 878 haetenus
1427 822 1512 893 tripo-

147 908 286 963 nometria
302 908 450 979 praecipue
468 915 632 978 occupatum
652 906 747 963 inisse.
783 909 853 964 Hine
876 916 964 964 ortam
991 907 1042 963 sibi
1060 923 1122 965 esse
1146 907 1315 979 opinionem,
1339 924 1431 965 annon
1453 909 1513 965 sine

147 1009 256 1053 anone
274 995 381 1053 smmum
400 996 539 1066 triangula
557 995 626 1052 solvi
643 994 768 1066 possint?
805 995 937 1061 ,Videtur
954 996 1026 1053 en'im
1048 996 1149 1052 misera
1171 1011 1215 1051 ars
1241 1011 1315 1066 esse,
1342 1011 1413 1065 quae
1436 995 1513 1053 hisce

146 1081 253 1141 tabulis
271 1099 380 1156 semper
402 1084 508 1156 indiget
532 1095 616 1154 atque
638 1081 735 1138 infelix
753 1090 941 1154 computator,
967 1084 1014 1154 qui
1031 1099 1087 1139 non
1112 1082 1213 1152 ubique
1236 1081 1272 1137 ad
1296 1097 1393 1138 manus
1410 1081 1513 1138 habere

146 1170 341 1242 potentinum
358 1187 503 1241 canonem,
531 1179 558 1228 et
576 1169 657 1241 vulgo
674 1171 795 1228 ridemus
811 1171 889 1241 illos,
916 1172 963 1241 qui
981 1178 1066 1230 ιιιιιιι
1084 1171 1205 1241 aliquam
1224 1171 1347 1241 jactant,
1371 1169 1421 1228 aad
1436 1169 1513 1227 illam

147 1258 261 1315 nonnisi
279 1273 295 1314 e
312 1258 383 1314 libro
400 1259 499 1329 sciunt,
518 1259 588 1316 libro
607 1267 699 1315 autem
718 1276 769 1317 sue
788 1260 913 1316 destituti
930 1260 1150 1316 obmutescunt.“
1362 1260 1366 1267 '

256 1347 406 1417 Accepisse
424 1362 467 1416 ιι,
492 1348 635 1418 respondit
652 1348 791 1419 Keplerus
814 1346 840 1404 d.
863 1348 904 1404 11.
921 1347 1030 1414 Mutii,
1056 1344 1219 1403 Schiclrardi
1241 1346 1337 1403 literas
1355 1362 1372 1401 a
1388 1345 1513 1415 erogem

145 1430 245 1491 Idibus
261 1431 365 1490 Martii
409 1430 506 1491 Video
528 1447 576 1490 me
600 1430 676 1489 bono
699 1433 787 1507 genio
812 1431 841 1488 in
865 1438 893 1491 te
916 1429 1070 1501 incidisse,
1103 1433 1153 1506 qni
1177 1447 1253 1504 non,
1278 1436 1311 1489 ιιι
1339 1447 1395 1506 ego
1418 1430 1512 1504 soleo,

147 1519 181 1579 in
202 1520 334 1596 negotiis
356 1520 502 1595 susceptis
524 1525 557 1576 ut
579 1535 644 1576 mus
669 1520 699 1575 in
720 1520 786 1594 pice
809 1517 1015 1579 adhaerescas.
1059 1517 1142 1577 Bene
1165 1520 1256 1578 etiam
1278 1517 1406 1592 iactum,
1430 1516 1513 1595 qued

148 1624 168 1667 a
189 1623 282 1665 manu
304 1613 357 1665 tua
379 1605 532 1681 ingeniosa
548 1603 762 1666 delineationss
776 1614 855 1679 sunt,
878 1605 1030 1682 sculptura
1049 1605 1088 1665 ab
1103 1605 1163 1665 alio
1178 1606 1322 1680 banauso,
1346 1621 1384 1667 ne
1401 1604 1513 1667 Caesar

148 1692 189 1753 ad
211 1694 283 1771 oqui
304 1693 447 1769 pontificii
470 1710 568 1752 curam
592 1691 762 1755 descendat.
807 1691 901 1753 Crede
923 1692 1009 1765 mihi,
1041 1709 1087 1752 me
1109 1709 1169 1752 non
1192 1694 1256 1755 sine
1279 1691 1381 1754 dolore
1404 1692 1459 1753 abs
1482 1699 1512 1755 ts

147 1786 252 1859 petere
273 1782 407 1857 potuisse
428 1779 624 1857 sculpturam,
656 1797 723 1840 cum
752 1778 850 1840 adhuc
873 1779 909 1840 de
933 1779 1086 1839 voluntate
1109 1779 1231 1856 Crdgeri
1258 1779 1331 1839 mihi
1354 1796 1413 1839 non
1437 1796 1512 1840 cen·

147 1875 246 1931 staret
267 1885 383 1945 egoque
406 1867 610 1944 Tuhingensia
631 1868 734 1944 praela
756 1873 808 1927 aut
830 1866 998 1927 binciensis
1022 1866 1154 1943 quidem,
1186 1866 1239 1927 sed
1264 1884 1330 1927 curn
1352 1869 1511 1928 renuncia·

148 1956 234 2017 tiene
256 1955 395 2033 erugari,
426 1964 637 2032 exspectarem.
682 1955 768 2015 Nunc
796 1954 919 2032 ,quando
949 1953 1098 2016 mordicus
1125 1953 1175 2017 ille
1198 1963 1279 2015 tenet
1298 1956 1456 2032 jussuum
1480 1957 1512 2014 in

147 2041 283 2105 curando
307 2059 413 2120 opere,
436 2042 593 2120 provideat
614 2043 703 2102 etiam
727 2041 763 2104 de
786 2044 884 2119 operis
885 2084 996 2104 .....
1044 2042 1089 2103 De
1113 2040 1319 2104 emendatione
1341 2041 1425 2117 globi
1446 2060 1512 2103 me·

147 2133 274 2207 merium
297 2147 457 2205 reuocans,
490 2147 599 2205 magna
620 2147 667 2190 me
694 2129 848 2207 voluptate
878 2129 1044 2207 perfudisti.
1090 2129 1188 2189 Velim
1218 2137 1247 2192 ιι
1269 2127 1432 2204 recordari,
1463 2147 1511 2193 ms

147 2216 239 2279 fldem
270 2216 450 2280 haeredibus
476 2217 640 2277 Braheanis
678 2217 870 2279 obstrinxisse
899 2216 935 2277 de
967 2233 1026 2276 non
1060 2216 1219 2294 vulgandis
1252 2218 1512 2279 observationibus

147 2322 250 2382 neque
279 2304 390 2366 tabulis
420 2302 615 2380 excudendis,
647 2306 720 2381 ipsis
750 2321 809 2364 non
840 2304 993 2367 consultis.
1039 2302 1196 2382 Oporteret
1222 2307 1311 2382 igitur
1334 2311 1363 2365 et
1385 2313 1414 2365 ιι
1437 2305 1511 2366 mlhl

147 2408 216 2455 esse
240 2391 404 2469 obligatum
434 2391 473 2452 ed
504 2392 626 2467 eodem,
656 2394 699 2453 sic
722 2399 836 2468 ιιιιιιιι,
868 2400 901 2452 ut
931 2408 1038 2453 nomen
1070 2402 1153 2451 tuum
1174 2395 1204 2452 in
1227 2392 1284 2453 hac
1307 2395 1404 2469 operis
1427 2400 1511 2472 parte

146 2486 329 2559 apponatur.
374 2478 491 2541 Deinde
520 2480 610 2540 velim
633 2489 662 2540 te
684 2479 742 2540 hoc
763 2481 854 2554 sciro,
876 2496 936 2541 nun
960 2497 1025 2541 esse
1047 2482 1165 2540 omnino
1189 2487 1284 2540 tutum
1312 2480 1401 2541 fidere
1425 2488 1510 2543 cata·

145 2567 218 2647 lego
242 2566 365 2628 lixarum
388 2566 560 2646 Tychenico
561 2609 717 2630 .......
761 2566 824 2627 Nos
845 2567 977 2628 lucorum
1007 2566 1164 2627 intervalla
1187 2567 1338 2644 dividunt,
1367 2567 1438 2628 mihl
1460 2575 1510 2628 te·

145 2672 214 2717 mne
238 2655 478 2716 observationum
511 2657 622 2716 itineris
651 2652 789 2732 periculis
817 2671 961 2731 exponere
990 2672 1050 2715 non
1083 2663 1128 2716 ιιι
1150 2657 1310 2732 integrum,
1342 2662 1376 2715 nt
1398 2656 1510 2717 exscri-

147 2744 220 2805 bam
244 2751 328 2803 vetor
352 2742 534 2820 obligatione
556 2761 635 2817 mea,
666 2744 723 2801 nisi
746 2743 926 2802 certlssimus
949 2744 1004 2802 sim
1028 2742 1064 2804 de
1086 2745 1271 2804 restitutione
1300 2741 1426 2821 exempli
1450 2758 1510 2803 noa

147 2830 228 2893 alias
251 2829 436 2891 describendi
438 2874 545 2893 .....
591 2829 617 2889 0
640 2832 777 2890 miseram
801 2847 922 2891 uxorem
944 2838 1040 2904 tuam,
1070 2847 1087 2891 ο
1111 2831 1304 2892 execrabilem
1327 2829 1371 2890 illi
1393 2828 1510 2891 adven·

148 2925 215 2980 turn
238 2935 350 2991 meum,
382 2920 434 2995 qui
457 2921 592 2977 moritum
616 2920 672 2995 ipsi
695 2935 781 2977 suum
805 2920 913 2995 eripuit
935 2920 1023 2994 inque
1046 2916 1213 2978 matheseos
1237 2917 1353 2979 deserta
1375 2924 1406 2978 et
1427 2919 1510 2978 lnris

146 3006 219 3069 loos
241 3003 380 3065 abduxitl
410 3005 469 3066 Sed
491 3007 584 3066 serio:
608 3007 652 3064 tui
674 3023 721 3064 me
743 3007 870 3077 miseret,
893 3007 945 3083 qui
968 3014 1083 3082 tempus
1105 3003 1510 3077 acalendisdauuarilhuc

148 3110 247 3171 usque
269 3093 373 3170 procul
397 3092 487 3153 dubio
511 3092 674 3170 perdidisti.
712 3092 836 3153 Invenio
860 3095 935 3153 inter
957 3110 1023 3152 mea
1039 3092 1249 3170 epichiremate
1271 3095 1329 3152 tuis
1353 3093 1511 3155 conatibus

126 3178 269 3254 'similitu
293 3180 443 3241 frustanea
466 3189 495 3241 ιι
518 3180 734 3240 inconsiderata
756 3181 865 3242 omnia.
909 3178 985 3240 Nam
1009 3182 1033 3239 si
1057 3189 1168 3240 certum
1191 3187 1251 3256 est,
1281 3188 1314 3240 ιιι
1336 3186 1382 3241 ιιι
1403 3182 1508 3242 certis·

147 3270 270 3344 ιιιιιιιιιι,
293 3270 336 3329 ιιι
358 3286 424 3329 ιιιι
448 3270 522 3328 ιιιιιι
545 3286 577 3328 ιι
600 3268 695 3328 ιιιιιι
717 3265 942 3344 triangulorum,
966 3270 1043 3327 sicut
1064 3276 1133 3328 sunt
1155 3270 1230 3328 inter
1251 3285 1283 3329 ιι
1306 3270 1389 3329 sinus
1411 3284 1508 3346 angu-

145 3356 244 3419 lorum
269 3357 481 3433 oppositorum,
504 3357 612 3415 frustra
635 3357 723 3431 igitur
744 3356 962 3433 proportionem
979 3355 1153 3432 angulorum
1176 3358 1305 3433 ipsorum
1329 3358 1507 3433 quaerimus,

145 3462 227 3523 qnae
250 3446 371 3505 omnino
395 3442 491 3503 differt
512 3461 531 3502 a
553 3432 670 3502 sinuum
692 3445 900 3521 proportione;
922 3446 994 3505 recti
1018 3445 1095 3504 enim
1117 3451 1147 3504 et
1169 3447 1251 3505 curvi
1273 3443 1356 3503 nulla
1377 3451 1422 3504 est
1435 3461 1508 3521 pro·

144 3533 247 3612 portio
277 3530 402 3591 effabilis
426 3539 479 3591 etc.
532 3530 683 3590 Imitemur
713 3531 802 3607 igitur
825 3530 935 3605 Deum,
966 3532 1017 3608 qui
1046 3548 1111 3591 cum
1140 3539 1170 3591 et
1192 3531 1365 3591 infinitatem
1395 3533 1425 3588 in
1449 3532 1506 3589 im·

145 3636 254 3681 mensa
275 3618 328 3678 illa
350 3619 472 3679 lixarum
496 3616 621 3694 sphaera
645 3615 736 3679 vellet
758 3634 940 3694 expressam,
963 3618 1126 3680 finitionem
1149 3636 1220 3679 reru
1243 3621 1272 3676 in
1296 3620 1507 3695 augustissima

144 3710 271 3785 ugione
294 3705 457 3780 mobilium,
482 3705 533 3764 illa
556 3708 619 3765 sine
644 3722 722 3779 cura,
745 3706 808 3766 sine
832 3705 933 3766 urdine
948 3706 1077 3781 reliquit,
1101 3708 1158 3765 ista
1174 3707 1412 3783 proportionibus
1435 3705 1506 3767 har·

144 3795 273 3855 manicis
303 3796 439 3853 instruxit
470 3794 695 3868 sapientissime.
741 3792 778 3851 Et
800 3809 855 3852 nos
878 3795 966 3869 igitur
993 3792 1155 3853 doctrinam
1185 3793 1414 3870 triangulorum,
1446 3810 1507 3869 qua

145 3900 224 3962 epus
247 3881 391 3942 habemus
415 3881 453 3940 ed
476 3880 649 3940 infinitatem
680 3883 793 3939 numeri
822 3886 852 3940 et
874 3879 1076 3958 dispositionis
1103 3880 1228 3940 fixarum
1251 3881 1506 3957 separationisqus

139 3967 337 4037 ‚omnimodae
360 3968 544 4046 planetarum
567 3987 585 4027 a
607 3966 701 4027 stellis
724 3985 775 4043 per
797 3975 908 4028 metum
933 3970 999 4044 (qui
1023 3976 1056 4028 ut
1078 3968 1208 4028 informis
1231 3966 1333 4045 aliqua
1356 3970 1507 4044 quantitas

143 4056 302 4119 infinitatis
317 4063 362 4117 est
375 4058 545 4133 particeps),
569 4063 726 4115 tractemus
741 4072 792 4132 per
808 4071 949 4116 ιιιιοιιιιιι
963 4058 1091 4128 sinuum,
1114 4058 1165 4132 qui
1188 4055 1361 4115 infinitatem
1384 4056 1506 4131 quanti·
1612 4100 1617 4107 .

145 4146 275 4207 tatinum
297 4152 506 4220 repraesentat.
552 4142 592 4202 Αι
614 4143 723 4219 figuras
746 4141 989 4204 demonstrabiles
1012 4142 1139 4220 indeque
1161 4142 1374 4221 dependentem
1397 4141 1507 4203 doctri-

143 4250 217 4295 naru
239 4230 441 4291 harmonicam
466 4240 496 4292 et
517 4230 626 4290 similia
649 4229 770 4290 definita
791 4238 821 4291 ιι
843 4237 922 4290 ιιιιι
945 4248 1116 4291 revocemus
1140 4230 1178 4291 sd
1207 4230 1325 4307 regulas
1347 4231 1507 4291 memoriae
1616 4260 1621 4271 ·

144 4317 351 4392 mandabiles,
384 4320 489 4395 cuique
519 4336 605 4377 suum
634 4318 805 4378 tribuentes.
851 4317 898 4378 Its
928 4317 978 4377 fiet
1010 4328 1042 4377 ut
1071 4327 1100 4379 et
1124 4317 1163 4378 ad
1192 4319 1324 4379 laborem
1354 4315 1507 4380 doctrinae

145 4405 380 4484 triangulorum,
412 4415 554 4482 quantum
577 4422 698 4466 necesse
721 4413 779 4479 est,
810 4405 1004 4478 sufficiamus,
1034 4415 1063 4466 et
1086 4403 1240 4485 voluptate
1264 4405 1448 4466 divinissima
1470 4422 1507 4466 ex

146 4492 402 4571 contemplatione
424 4493 582 4553 formarum
606 4501 636 4553 ιι
657 4491 882 4572 archetyporum
905 4510 965 4553 non
989 4491 1202 4553 defraudemur.
1247 4493 1335 4554 Vale.

254 4593 328 4650 Num
342 4593 526 4649 Schicksrdns
544 4593 594 4648 hus
607 4593 718 4661 Kepleri
736 4592 830 4649 literas
848 4593 985 4664 acceperit
1003 4609 1097 4665 necne,
1115 4608 1170 4648 non
1188 4599 1262 4649 certo
1281 4593 1418 4648 aitirmsre
1435 4590 1508 4662 licet,

146 4698 213 4743 cnm
238 4681 380 4759 proximae
399 4681 560 4737 Schickardi
576 4680 672 4735 literae
690 4680 729 4745 (d.
748 4681 903 4754 Nurtiogae
926 4682 970 4738 die
994 4683 1133 4739 Passionis
1156 4680 1315 4737 Dominicae
1333 4679 1417 4748 1618)
1439 4677 1508 4734 nihil

146 4770 284 4833 habeam,
309 4769 384 4840 quod
408 4770 443 4825 ad
467 4769 618 4839 praemissu
642 4767 770 4836 pertinet.
806 4768 912 4840 Doluit,
936 4769 1032 4825 scribit
1055 4768 1135 4840 quasi
1157 4784 1212 4824 non
1234 4766 1308 4825 lecta
1324 4764 1437 4837 Kepleri
1460 4778 1507 4821 ex·

149 4856 309 4925 amatione,
326 4855 396 4913 illud
413 4856 552 4926 nonnihil,
571 4855 644 4926 quod
662 4855 805 4927 sculpendi
821 4857 901 4916 labor
918 4873 936 4912 a
952 4872 1011 4926 me,
1031 4858 1075 4915 oui
1092 4856 1212 4913 omnium
1228 4856 1317 4929 primo
1335 4852 1508 4913 concreditur

150 4951 218 5020 arat,
235 4946 266 5006 ιιι
283 4944 367 5007 alium
382 4944 535 5007 baualatus
553 4944 620 5019 iniq
645 4946 819 5023 suspicabar,
840 4953 870 5005 te
887 4945 980 5005 forsan
996 4946 1031 5005 de
1047 4960 1193 5023 operarum
1210 4960 1331 5007 ιιιιιιιιιιι
1347 4943 1403 5003 ιιι
1419 4949 1449 5009 ιι
1464 4943 1505 5006 iu·
