3308 5534
700 410 750 473 m
767 410 969 473 &bononica
1439 411 1505 489 247

143 602 192 658 eri
211 592 380 674 adscriptus
402 600 511 674 puncto
534 595 563 655 in
585 601 660 659 rota.
697 592 825 653 Tantum
841 591 914 653 illud
932 593 1062 669 apprime
1085 609 1168 665 cave,
1192 608 1228 651 na
1251 589 1354 668 regula
1377 610 1505 674 unquam

145 703 168 745 a
190 696 294 747 ceutm
316 684 432 747 rotulae
453 682 580 745 recedat.
625 684 661 743 Et
683 685 727 740 sie
748 682 877 760 perlecto
899 681 1056 757 sphaeram
1079 679 1198 740 Saturni
1221 679 1418 757 descripseris.
1547 678 1549 682 ’

571 857 762 916 Delineatio
785 858 951 928 sphaerae
973 857 1081 915 iovis.

250 960 287 1021 In
309 960 389 1020 linea
413 964 474 1020 100
497 961 623 1036 partium
646 976 711 1018 cum
735 960 843 1018 circino
866 957 1079 1034 comprehende
1102 965 1199 1034 partes
1216 954 1257 1040 lg-
1281 966 1310 1018 et
1332 960 1429 1035 posito
1444 977 1503 1020 uno

144 1047 226 1127 pede
248 1051 279 1107 in
302 1057 402 1108 centro
426 1046 598 1118 universali,
629 1063 695 1106 cum
719 1047 812 1105 altere
833 1048 863 1103 in
887 1061 976 1105 coeca
996 1045 1075 1104 linea
1097 1046 1127 1120 'li
1150 1045 1272 1121 designa
1295 1057 1435 1122 punctum
1459 1067 1507 1108 re·

145 1138 267 1197 metius„
298 1136 371 1194 Post
392 1135 450 1193 hoe
472 1136 599 1211 spatium
623 1133 750 1192 medium
774 1131 908 1191 dividens
923 1134 970 1191 iac
984 1142 1123 1207 punctum
1141 1134 1278 1209 propius.
1306 1132 1422 1193 Deinde
1439 1153 1505 1195 cum

147 1226 258 1284 circino
282 1223 496 1299 comprehende
519 1232 617 1297 partes
634 1221 695 1303 52}
720 1230 749 1280 et
771 1224 868 1296 posito
891 1237 949 1279 uno
972 1220 1048 1296 peda
1071 1224 1100 1278 iu
1123 1231 1262 1296 puuctum
1285 1223 1415 1297 propius,
1440 1240 1505 1282 cum

152 1312 247 1371 nitere
270 1310 329 1369 due
350 1310 457 1369 lineam
481 1309 650 1368 circularem
673 1311 794 1385 nigram,
819 1325 896 1384 quae
919 1314 963 1365 est
979 1309 1027 1365 ria
1042 1306 1083 1379 il.
1120 1308 1229 1366 Postea
1253 1317 1284 1365 ut
1306 1310 1335 1364 in
1350 1302 1373 1385 i)
1391 1311 1505 1370 rotulas

149 1408 283 1461 mahom
307 1398 425 1475 applica
446 1406 554 1475 puncto
577 1398 740 1468 tornodori,
764 1404 903 1471 punctum
927 1411 995 1453 scre
1020 1395 1268 1454 circumferentiae
1291 1406 1358 1470 post
1380 1414 1506 1473 sexage-

147 1503 200 1547 nas
223 1492 254 1547 3.
278 1482 361 1568 313⁰
387 1484 506 1562 applica
537 1499 643 1542 coccae
672 1483 769 1542 lineae
792 1481 822 1556 ii
845 1480 1013 1558 productae.
1061 1482 1098 1540 Et
1125 1499 1176 1558 per
1206 1480 1338 1556 regulam
1368 1492 1401 1542 ut
1429 1481 1506 1562 iub

152 1573 277 1634 trausier
301 1590 402 1633 omues
423 1570 532 1649 gradus
554 1570 667 1629 rotulae
691 1587 756 1629 eum
778 1570 839 1627 suis
863 1570 991 1628 numeris
1013 1575 1043 1628 et
1064 1569 1181 1629 lineolis
1205 1567 1243 1627 ad
1267 1571 1345 1629 viam
1368 1570 1408 1644 ii.

556 1746 727 1819 Sphaeme
747 1746 870 1804 Marde
891 1744 1088 1806 damano.

253 1847 322 1909 Hae
344 1847 422 1908 duae
444 1847 651 1924 praecedentes
674 1848 817 1924 sphaerae
845 1849 961 1906 luerunt
984 1855 1066 1906 extra
1088 1846 1231 1921 rotulam;
1260 1847 1390 1925 reliquae
1420 1855 1506 1908 eruut

149 1938 233 1997 intra.
269 1936 327 1995 Pro
343 1935 438 1995 Marte
455 1953 527 2011 cape
542 1939 648 1994 circino
664 1947 762 2011 partes
787 1942 804 1996 3
827 1936 856 1992 ln
879 1933 956 1994 linea
975 1940 1034 1994 100
1051 1937 1177 2010 partium
1200 1951 1309 2012 easque
1332 1936 1455 1997 transfer
1477 1939 1507 1993 in

149 2023 257 2084 lineam
273 2040 391 2083 coeeanr
407 2022 521 2095 Martia,
544 2025 700 2099 positoque
715 2026 773 2081 imo
788 2022 864 2099 pede
878 2024 907 2079 in
924 2021 1082 2081 universali
1106 2032 1221 2094 centro,
1245 2040 1311 2081 cum
1333 2024 1426 2083 altero
1451 2026 1507 2081 im-

148 2114 241 2189 prime
257 2120 397 2187 punctum
413 2112 566 2185 remotius,
589 2109 695 2169 deiude
715 2111 771 2169 hoc
787 2109 956 2185 spatiolum,
979 2110 1106 2185 propiori
1123 2117 1231 2185 puncto
1247 2113 1354 2187 posito,
1378 2109 1507 2169 medium

151 2198 267 2268 divide,
296 2196 348 2257 sed
371 2202 413 2257 ita
444 2207 476 2255 ut
498 2197 554 2256 hoc
576 2208 716 2272 punctum
746 2199 785 2255 sit
816 2196 905 2274 paule
932 2199 1051 2274 propius
1081 2207 1180 2255 centro
1209 2195 1385 2270 universali,
1418 2213 1507 2273 quam

150 2286 298 2345 remotiori
320 2295 443 2361 puncto.
482 2282 595 2343 Deinde
619 2286 726 2343 circino
750 2300 823 2362 cape
847 2292 944 2361 partes
962 2283 1024 2367 153¹,
1046 2293 1076 2342 et
1098 2283 1230 2343 describe
1254 2302 1288 2343 ex
1313 2295 1420 2360 puncto
1437 2302 1507 2362 pre·

152 2375 235 2451 piore
256 2372 369 2449 nigram
394 2374 472 2431 viam
495 2373 643 2442 martiam,
674 2387 763 2448 quam
792 2381 889 2448 potest
917 2371 979 2430 lieri
1008 2371 1239 2429 subtilissimam.
1285 2371 1413 2431 Rotulae
1437 2389 1507 2431 vero

152 2470 283 2541 aeduum
305 2460 422 2537 applica
444 2468 552 2537 puncto
575 2460 738 2530 remotiori,
769 2469 799 2517 et
821 2468 959 2535 puuctum
983 2459 1231 2517 circumissentioe
1254 2467 1322 2536 post
1349 2476 1449 2535 sesag.
1479 2467 1506 2519 i.

152 2566 192 2623 gr.
209 2550 261 2607 34.
286 2549 402 2624 applica
418 2562 523 2604 coccae
541 2545 634 2604 lineae
651 2545 754 2604 Martis
769 2554 797 2603 et
819 2546 945 2604 inscribe
961 2562 1026 2604 cum
1042 2546 1145 2619 regula
1167 2544 1275 2621 gradus
1298 2563 1334 2605 ex
1357 2545 1452 2604 rotula
1476 2548 1506 2604 in

152 2637 229 2693 riam
243 2633 357 2694 diarria.
402 2632 545 2693 Numeros
568 2649 683 2709 appone
697 2649 787 2709 quarn
802 2641 901 2710 potest
923 2631 984 2692 lieri
1008 2632 1164 2692 subtiliter.
1195 2631 1226 2692 Si
1250 2636 1336 2691 nimis
1363 2642 1506 2709 angustus

153 2731 195 2781 est
216 2722 365 2792 cireeiius,
397 2738 485 2798 quam
514 2729 545 2777 ut
568 2730 612 2779 tot
635 2730 743 2797 puncta
774 2722 887 2796 capiat,
918 2722 1003 2795 signa
1035 2721 1104 2778 bina
1132 2719 1237 2779 saltem
1268 2730 1320 2799 aut
1342 2712 1432 2796 quina
1453 2729 1507 2779 aut

155 2808 236 2869 dena
279 2808 424 2868 Numeros
441 2824 510 2868 vero
527 2824 602 2884 pone
625 2818 707 2867 extra
730 2807 828 2866 circuli
845 2800 1080 2888 ambitumffinon
1103 2808 1188 2880 intra,
1213 2809 1283 2883 quia
1305 2809 1382 2868 intra
1403 2824 1506 2886 parurn

154 2898 236 2974 spatii
258 2898 411 2974 supererit.

465 3071 636 3142 Sphaerus
659 3071 749 3129 solis
770 3072 827 3128 vel
848 3073 971 3128 werrae
993 3070 1189 3129 dehneatio.

252 3173 334 3250 Cape
364 3174 471 3232 circino
502 3183 598 3252 partes
629 3180 666 3233 10
690 3175 718 3230 in
750 3174 830 3234 linea
856 3176 1065 3252 leopardum
1096 3179 1125 3230 et
1155 3172 1256 3230 relicto
1287 3190 1345 3231 uno
1377 3174 1452 3252 pede
1475 3175 1505 3232 in

157 3272 248 3320 eeutre
279 3262 453 3334 universali,
484 3278 549 3319 eum
578 3261 670 3320 altero
699 3260 830 3320 describe
859 3262 966 3320 lineam
996 3262 1124 3335 nigram,
1156 3277 1231 3334 quae
1262 3264 1316 3318 erit
1339 3264 1388 3319 ria
1411 3264 1502 3321 centri

157 3346 265 3407 Terrae.
304 3348 413 3407 Postea
428 3348 522 3407 eidem
537 3359 634 3407 centro
659 3347 814 3406 universali
838 3347 955 3426 applica
977 3356 1105 3406 centrum
1129 3347 1250 3416 rotulae,
1275 3357 1414 3424 puuctum
1432 3365 1501 3407 vero

157 3437 396 3495 circumferentiae
419 3436 456 3494 ad
479 3453 577 3511 serug.
596 3442 622 3495 5.
640 3433 719 3515 49ξ0
741 3436 829 3512 paulo
853 3437 918 3513 plus
940 3435 1057 3512 applica
1080 3446 1187 3492 coecas·
1210 3434 1304 3494 lineae
1320 3434 1408 3507 Solis,
1434 3438 1505 3495 erit·

157 3540 207 3597 que
228 3541 288 3582 ser.
315 3529 344 3582 l.
369 3520 424 3581 10⁰
448 3527 477 3580 l‘
509 3526 535 3579 in
564 3526 706 3600 superiori
734 3533 815 3600 parte
838 3522 933 3581 lineae
963 3527 1062 3597 nigrae
1094 3524 1123 3578 in
1154 3520 1265 3581 tabula.
1312 3522 1347 3579 lit
1378 3525 1503 3581 inscribe

155 3609 254 3684 padus
277 3627 312 3668 cx
336 3610 432 3668 rotula
454 3618 486 3667 ut
509 3613 537 3667 in
560 3611 767 3687 superioribus.
805 3610 854 3668 Sic
878 3608 1054 3687 descripsisti
1078 3611 1157 3666 riam
1177 3608 1313 3666 Telluris.
1352 3607 1409 3668 Ubi
1435 3627 1505 3669 vero

156 3714 236 3756 coeca
258 3698 338 3756 linea
367 3699 492 3774 apogaei
519 3696 638 3755 Veneris
666 3706 748 3756 secat
777 3697 854 3755 hunc
876 3699 990 3766 orbem,
1020 3696 1127 3754 lincam
1156 3697 1194 3753 ab
1224 3696 1280 3753 boc
1303 3698 1372 3755 orbe
1405 3714 1506 3755 versus

156 3783 252 3843 Martis
275 3786 374 3843 orbern
390 3788 503 3860 nigram
517 3785 605 3842 lecito
621 3787 749 3860 itemque
773 3792 801 3842 et
825 3786 852 3840 in
877 3783 940 3859 ejus
966 3795 1002 3844 σο
1029 3791 1057 3841 et
1072 3783 1118 3855 [J.
1165 3781 1214 3841 Sic
1242 3784 1291 3841 ubi
1322 3799 1409 3842 coeca
1427 3780 1506 3844 linea

156 3872 328 3932 mercurialis
340 3874 465 3949 apogaei
477 3881 558 3930 secat
570 3871 646 3929 hune
656 3872 764 3942 orbem,
772 3871 877 3928 lincam
891 3887 991 3929 versus
1003 3871 1100 3929 orbern
1108 3870 1214 3929 'l'errae
1227 3872 1383 3929 introrsum
1395 3871 1502 3930 ducito.

624 4047 814 4105 Delineatio
837 4047 907 4103 loei
929 4047 1027 4107 solis.

251 4150 327 4211 Cum
351 4153 460 4210 circino
484 4166 556 4227 cape
579 4149 751 4226 particulam
776 4152 890 4208 tertiam
914 4149 949 4209 de
974 4158 1055 4226 purte
1072 4167 1130 4206 una
1147 4149 1174 4204 in
1191 4149 1270 4206 linea
1288 4154 1349 4206 100
1367 4152 1505 4226 partium,

155 4248 182 4299 ei
201 4238 304 4299 relicto
329 4256 387 4298 uuo
411 4236 484 4314 pede
509 4239 606 4295 circini
630 4241 660 4294 in
684 4247 782 4296 centro
806 4236 978 4308 universali,
1013 4254 1078 4297 eum
1107 4236 1198 4294 altero
1221 4239 1424 4295 tenuissimum
1448 4240 1505 4296 irn-

154 4328 240 4403 prime
262 4326 436 4403 punctulum
467 4330 495 4383 in
526 4324 603 4383 linea
627 4341 716 4383 coeca
746 4327 869 4402 apogaei
901 4323 1013 4384 solaris.
1061 4323 1127 4381 Hoc
1150 4323 1320 4400 punctulum
1350 4327 1403 4382 tibi
1427 4322 1505 4384 Solis

154 4430 254 4493 corpus
278 4415 509 4490 repraesentabit
531 4421 560 4470 et
582 4414 625 4470 sic
647 4414 735 4470 etiam
756 4421 886 4471 vocatur.
918 4411 975 4469 Sed
993 4414 1042 4469 vix
1065 4414 1172 4488 poteris
1196 4414 1237 4468 ita
1252 4413 1386 4472 minutior
1407 4428 1505 4472 secare

156 4504 325 4562 centesimas
349 4502 508 4580 particulas
532 4508 649 4576 propter
672 4501 791 4557 nimiam
814 4508 844 4558 et
865 4502 913 4557 ris
936 4499 1103 4557 sensibilem
1128 4497 1297 4560 exilitatem.

552 4676 744 4734 Delineatie
768 4675 931 4745 sphaerae
952 4675 1103 4732 Veneris.

253 4783 328 4843 Com
351 4783 459 4841 circino
484 4797 556 4857 cepe
579 4782 671 4856 primo
688 4788 784 4857 partes
802 4778 840 4861 ii
861 4780 910 4851 -Ι-,
934 4752 1039 4837 deinde
1056 4775 1095 4860 63
1114 4776 1165 4855 †,
1189 4783 1218 4836 et
1232 4775 1333 4836 relicto
1357 4790 1415 4832 uno
1431 4773 1505 4852 pede

157 4873 184 4929 ia
204 4881 302 4933 centro
326 4867 496 4944 universali,
520 4885 587 4928 cum
610 4868 701 4928 altero
724 4868 856 4927 describe
879 4865 1056 4941 ieircellos,
1079 4863 1260 4927 includentes
1283 4864 1418 4940 utrinque
1441 4878 1506 4923 om·
