3322 5534
144 403 212 478 ggg
656 391 994 464 vroroumrsuepros

147 576 253 639 amara
271 576 452 637 subdubitare
469 573 608 646 coepisse,
627 571 685 628 sire
703 568 778 642 quod
796 567 938 641 prototypi
956 565 1129 626 deformitate
1147 569 1258 627 interes
1275 570 1365 629 fueris
1384 570 1508 643 odansue

147 664 198 728 seir
216 665 291 739 qnod
309 683 325 722 a
343 667 469 737 Krugaro
487 665 568 720 aliter
585 677 735 734 portuosus
753 661 800 728 sis,
820 658 867 729 qui
885 672 921 714 ex
937 657 985 714 illo
1004 656 1066 712 rudi
1079 657 1230 728 specimine
1247 675 1293 716 me
1305 661 1427 718 nondum
1439 663 1509 733 peni·

147 758 203 813 dns
221 755 360 825 cognitum
378 767 563 824 praepropere
582 749 731 805 aesdmarit
749 752 778 803 et
795 745 830 801 de
842 760 894 813 me,
911 745 939 801 ln
957 746 1115 801 monasticia
1134 745 1252 818 cellulis,
1271 764 1329 804 non
1348 747 1511 820 sculptorum

148 841 265 900 officinis
284 841 415 908 educato,
440 839 529 895 minus
547 837 619 894 bene
638 835 774 892 ominatos
793 832 884 889 fuerit.
922 833 976 890 Sed
995 849 1052 889 rem
1070 834 1173 890 reotirm
1195 835 1384 905 perpendenti
1401 837 1512 892 ocannit

148 931 239 988 verior
257 928 393 1001 propositi
411 929 496 983 vestri
516 934 544 983 et
562 925 658 982 mutati
676 922 783 981 consilli
801 937 899 990 causa,
925 920 1031 977 scilicet
1048 921 1139 991 operis
1157 923 1318 993 maturatio,
1336 940 1420 993 qnam
1438 922 1513 980 aliet-

148 1020 238 1086 babas,
256 1021 405 1088 propterea
422 1014 521 1071 lubens
540 1013 657 1069 statiorm
674 1026 736 1067 mea
754 1009 833 1067 cessi.
864 1007 918 1065 Sed
933 1007 992 1077 iam
1009 1007 1149 1076 longiores
1167 1025 1260 1065 moras
1276 1009 1369 1066 uenit
1379 1010 1514 1081 Krdgerus

150 1121 234 1177 quam
252 1120 303 1174 ego
321 1102 475 1159 traxissent.
501 1101 587 1156 Doleo
605 1100 691 1154 ricem
709 1115 764 1155 non
783 1103 889 1152 tantum
906 1101 989 1164 tunna
1009 1096 1056 1165 qui
1067 1093 1236 1152 mechanicis
1248 1097 1406 1156 artificibus
1417 1098 1516 1155 idoneis

151 1190 318 1260 desdtueris,
337 1189 385 1247 sed
405 1190 487 1246 etiam
506 1187 591 1244 totins
609 1186 766 1241 matheseos
785 1192 814 1240 et
831 1188 874 1238 tot
891 1181 1121 1240 nobilissimarum
1142 1184 1226 1240 divim
1244 1186 1353 1257 ingenii
1370 1188 1413 1242 tui
1430 1189 1516 1245 iuren-

149 1279 256 1336 tionum
274 1286 376 1334 sortem
395 1279 517 1345 miseror,
537 1289 607 1344 quae
626 1272 703 1330 hisee
721 1279 910 1330 consutorum
927 1269 1221 1341 procrastinationibus
1240 1272 1268 1327 in
1288 1274 1423 1331 editionis
1441 1291 1517 1332 cuma

151 1365 333 1423 mantus.
371 1364 497 1420 Ceterum
521 1362 594 1431 quod
621 1361 689 1417 illud
714 1376 796 1432 aegre
820 1360 906 1430 feras,
931 1359 1004 1429 quod
1027 1374 1132 1429 paucos
1150 1359 1300 1416 admodum
1324 1360 1447 1423 lectores
1464 1364 1517 1422 iore

152 1453 259 1510 animus
277 1452 424 1522 praesagit
443 1451 498 1505 heu
518 1467 599 1519 quam
617 1466 714 1506 vereor
731 1457 760 1505 et
778 1449 847 1521 ipae,
866 1464 901 1505 ne
913 1463 977 1503 vere
995 1447 1113 1503 divinesl
1143 1448 1206 1504 Non
1218 1448 1328 1519 ignoro,
1348 1468 1433 1522 qnam
1445 1453 1518 1524 praei

153 1541 219 1610 alut,
237 1555 308 1611 qnos
326 1539 452 1595 coelestia
470 1538 539 1594 haec
557 1554 623 1594 cura
640 1544 748 1608 tangat,
766 1536 838 1594 inter
854 1535 929 1591 mille
945 1536 991 1590 vix
1009 1533 1137 1605 totidem,
1157 1541 1226 1605 quot
1244 1537 1319 1593 ostia
1338 1539 1442 1599 Rheni.
1469 1542 1517 1599 Sed

152 1632 218 1685 utut
235 1627 328 1698 exigui
346 1642 459 1682 numero
478 1627 547 1695 siut,
573 1635 638 1684 tunc
659 1634 808 1697 propterea
824 1624 960 1694 reliquos,
983 1638 1099 1692 qnorum
1120 1624 1202 1679 suam
1220 1626 1351 1682 nonnulli
1368 1637 1449 1696 sunt,
1471 1630 1518 1686 hoc

135 1714 228 1772 ‘bono
246 1711 444 1769 defraudabis?
473 1712 567 1783 Erras,
588 1714 611 1769 si
628 1721 657 1769 te
675 1716 723 1771 uni
741 1713 825 1769 aetati
844 1719 872 1768 et
889 1711 954 1767 huic
972 1709 1022 1767 soli
1035 1710 1128 1766 seculo
1144 1712 1264 1768 scribere
1277 1715 1382 1772 credis.
1406 1716 1518 1774 Posteri

153 1802 220 1861 tatis
238 1802 372 1857 rationem
390 1800 474 1866 habe,
499 1803 572 1857 inter
590 1818 672 1872 quam
694 1810 759 1875 post
781 1802 839 1859 fata
856 1799 964 1857 demum
982 1799 1079 1854 merite
1099 1798 1181 1858 laude
1202 1800 1403 1858 celebraberis.
1425 1837 1455 1848 -
1474 1806 1518 1862 liis

154 1891 199 1951 26.
217 1889 346 1946 Octobris
368 1888 453 1945 refert
476 1889 675 1961 Sohiolrardus,
703 1891 835 1957 „multost
860 1903 890 1944 se
915 1885 1068 1944 successive
1092 1886 1233 1958 accepisse
1251 1889 1391 1959 epistolas
1413 1909 1432 1948 a
1451 1892 1518 1964 Kap

153 1978 226 2048 lero,
245 1976 353 2033 mittere
376 1991 407 2032 ec
429 1976 529 2046 figuras
554 1978 670 2033 duorum
692 1978 813 2048 priorum
831 1975 961 2032 librorum
980 1976 1146 2031 Harmoniae
1163 1992 1219 2032 nou
1237 1976 1381 2048 sculptas,
1409 1979 1459 2036 sed
1481 1981 1518 2037 de

154 2065 281 2123 lineam.
318 2065 407 2135 Magis
430 2064 482 2120 sibl
505 2064 626 2121 arridere
651 2080 750 2121 aeneas
774 2063 890 2121 tabellas
908 2069 936 2118 et
954 2061 1036 2118 offert
1054 2078 1084 2117 se
1107 2062 1211 2133 figuras
1236 2063 1303 2118 illas
1330 2066 1391 2120 aeri
1409 2064 1519 2123 incidere

155 2153 223 2223 (tilae
242 2156 312 2219 dicit,
331 2171 397 2222 quaa
416 2154 467 2209 rol.
487 2157 518 2208 V.
537 2156 614 2222 adp.
635 2157 775 2207 rte-rao
793 2151 943 2222 pertinent),
970 2150 1027 2218 „sic
1045 2149 1116 2205 euim
1140 2149 1245 2207 laboris
1262 2151 1316 2208 fiet
1334 2153 1518 2224 compendia!

155 2248 184 2300 ct
201 2242 293 2299 omnia
310 2241 464 2311 elegantius
488 2238 663 2311 prodibunt⁴‘.
700 2241 767 2296 Cum
791 2239 855 2294 huic
878 2237 992 2294 consilio
1017 2238 1185 2293 consentiret
1208 2237 1352 2308 lieplerns
1377 2240 1421 2309 (in
1443 2237 1518 2296 brat

155 2326 227 2385 datis
245 2330 271 2384 6.
290 2328 371 2392 Deo..
399 2343 468 2397 quas
492 2327 633 2396 accepisse
659 2344 689 2383 se
708 2327 775 2382 dicit
792 2326 978 2383 Schielsardns
997 2324 1040 2380 die
1058 2326 1131 2394 26),
1151 2324 1343 2382 Schiolrardus
1362 2327 1410 2384 die
1427 2327 1470 2385 27.
1484 2343 1518 2383 ro

155 2414 281 2488 spondit,
308 2429 339 2472 se
361 2430 468 2470 omnem
488 2429 598 2483 operam
618 2416 806 2487 impensurum
825 2421 853 2471 et
872 2412 1029 2484 sculpendis
1053 2413 1148 2484 figuris
1166 2413 1341 2485 diligentium
1360 2431 1442 2472 suam
1458 2431 1518 2472 eon·

155 2502 334 2579 probaturum
352 2518 429 2574 esse;
456 2519 572 2573 cuprum
596 2503 674 2574 perri
692 2509 832 2569 constare,
858 2500 955 2557 libram
974 2501 1008 2557 21
1027 2502 1191 2570 crucigeros,
1210 2499 1366 2559 Beseldnm
1384 2502 1517 2574 'tubingae

156 2591 265 2663 reliqua
284 2599 441 2649 curaturum
461 2605 523 2646 esse
525 2629 615 2648 .....
651 2590 748 2646 Mirari
761 2606 799 2655 se,
817 2589 864 2658 ait,
884 2588 957 2659 quod
970 2589 1105 2658 Keplerus
1119 2586 1153 2642 de
1164 2586 1277 2643 dnobus
1290 2591 1410 2647 comeda
1421 2591 1518 2654 samba

157 2695 188 2740 se
205 2697 288 2739 unum
308 2686 336 2737 et
353 2678 470 2735 eundem
488 2678 622 2734 hacteuus
640 2687 763 2749 putasse.
800 2677 890 2748 illum,
909 2692 989 2747 quem
1008 2675 1144 2747 Keplerus
1168 2677 1222 2732 sub
1240 2676 1318 2733 Urso
1343 2679 1518 2751 conspexerit

156 2783 187 2827 ae
204 2784 345 2839 nunquam
363 2766 476 2831 vidisse,
504 2765 585 2833 ,licet
608 2765 682 2822 fama
707 2767 767 2836 ejus
791 2767 929 2822 excitatus
952 2764 1097 2835 aliquoties
1122 2770 1187 2820 ante
1210 2764 1285 2820 diem
1306 2764 1407 2824 sedulo
1425 2766 1518 2824 ooalu

156 2856 360 2928 contemplatus
380 2853 488 2910 fuerim.
525 2853 632 2909 Forsan
650 2853 789 2924 tuncjam
807 2857 969 2909 evanuerat:
987 2867 1054 2908 areo
1074 2852 1144 2907 scira
1162 2852 1346 2922 apparentiae
1365 2855 1455 2924 ejus¹.
1471 2884 1501 2896 -

261 2944 305 3001 De
326 2941 435 2999 Medico
461 2941 611 2997 Viennensi
633 2940 820 2998 Guilielmo
844 2940 1068 3011 liechperger
1089 2939 1193 2996 fiemus
1214 2940 1343 3011 Keplero
1368 2943 1439 3000 haee
1461 2959 1517 3000 aaa

156 3034 223 3094 ciat:
243 3030 369 3102 ,saepius
387 3029 433 3085 ille
451 3017 516 3085 mihi
535 3029 612 3098 dixit,
631 3030 654 3084 si
666 3029 803 3099 Keplerus
822 3044 927 3084 mecum
946 3028 1044 3083 bonam
1057 3027 1335 3096 correspondentiam
1346 3036 1462 3097 meret
1476 3046 1518 3100 ego

155 3122 210 3194 ipsi
227 3118 345 3176 faciliter
367 3132 444 3173 suam
463 3117 646 3186 provisionem
665 3117 785 3187 persolvi
811 3120 960 3173 curarem.“
1000 3115 1104 3170 Eadem
1129 3114 1190 3185 ipse
1207 3116 1428 3188 Reehpergerus
1451 3118 1518 3177 oderi

155 3208 290 3280 Keplcro,
310 3206 354 3262 die
372 3206 396 3261 6.
415 3206 482 3263 Dec.
504 3206 583 3261 1618.
603 3205 738 3260 scribens:
766 3204 890 3273 Alongo
909 3212 1033 3274 tempore
1056 3209 1083 3257 et
1101 3219 1200 3270 magno
1225 3219 1324 3261 amore
1342 3214 1412 3263 tuae
1430 3207 1517 3264 Eroti

153 3296 256 3359 lentiae
275 3302 303 3350 et
321 3293 457 3349 desiderio
474 3299 539 3349 tuae
557 3293 693 3349 amicitiae
711 3292 798 3362 flagro
800 3332 894 3350 .....
930 3291 998 3347 Peto
1017 3297 1049 3346 ut
1062 3298 1110 3346 tua
1122 3291 1304 3349 Excellentia
1318 3293 1518 3366 descriptione!

154 3399 233 3444 mam
252 3389 387 3450 cometae,
412 3396 485 3435 nnnc
508 3382 543 3436 ab
567 3379 673 3450 aliquot
695 3380 791 3437 diebus
809 3378 836 3435 in
855 3379 998 3435 horizonte
1020 3386 1113 3434 nostro
1130 3377 1278 3448 fulgentis,
1305 3382 1374 3437 mihi
1392 3381 1516 3439 mend·

154 3478 196 3528 tat
197 3511 290 3528 .....
328 3469 358 3525 Si
376 3468 441 3539 quid
460 3468 582 3523 Viennae
605 3483 656 3523 sua
675 3468 846 3524 Excellentia
869 3466 953 3522 habet
969 3466 1012 3524 vel
1035 3467 1063 3522 in
1082 3466 1145 3522 aula
1162 3464 1207 3520 vel
1231 3469 1311 3538 apud
1331 3486 1467 3526 canum
1481 3467 1516 3524 rel

153 3559 228 3632 alibi,
247 3558 320 3630 qnod
340 3557 468 3614 effectum
487 3558 562 3627 velit,
582 3557 700 3612 vicissim
719 3556 842 3620 obsecro,
861 3562 892 3611 ut
908 3555 973 3610 mihi
986 3555 1144 3609 committat.
1176 3552 1296 3610 Omnem
1316 3555 1392 3613 dabo
1412 3570 1517 3629 operata.

152 3653 185 3704 nt
202 3647 259 3703 voti
277 3661 390 3715 compos
408 3644 457 3699 flat
475 3651 528 3701 etc.
565 3645 637 3701 Num
655 3643 792 3712 Keplerus
816 3643 867 3698 siri
892 3643 975 3712 hujus
997 3642 1099 3698 auxilio
1123 3657 1191 3698 usus
1215 3642 1305 3700 fuerit
1323 3644 1369 3700 vel
1388 3643 1515 3717 liingonio

153 3730 206 3790 soll
223 3747 269 3788 res
287 3746 352 3788 suas
370 3730 493 3787 Viennae
509 3729 697 3801 procurandas
717 3730 894 3800 commiserit,
913 3731 1061 3800 nescimus;
1086 3731 1232 3800 responsio
1251 3740 1330 3789 certe
1349 3733 1463 3806 Kepleri
1477 3732 1514 3788 dc·

152 3819 299 3879 alderatur.
1469 3842 1475 3857 =

258 3909 329 3964 Dum
349 3907 486 3977 Keplerus
504 3907 648 3976 Tubingac
665 3907 827 3962 versabatur
844 3908 928 3976 (anno
949 3907 1038 3975 1617),
1063 3921 1125 3961 cum
1143 3905 1286 3975 theologis
1304 3906 1514 3979 Tubingcunbas

152 3997 243 4067 egisse
261 3996 371 4051 videtur
390 3996 423 4051 de
441 3994 490 4051 lita
508 4013 569 4052 cum
586 3995 698 4051 Hizlero
716 3998 749 4064 (v.
769 4011 791 4052 s.
810 4012 837 4066 p.
856 3995 928 4059 8071.
960 3995 992 4049 lu
1011 3993 1155 4050 tabellario
1168 3994 1347 4065 Tubingensi
1366 3998 1460 4068 piures
1475 4011 1513 4051 er·

152 4091 227 4141 stam
244 4085 378 4156 epistolae
397 4085 509 4156 Kepleri
527 4094 556 4140 et
572 4082 763 4153 Hafenreiieri,
783 4082 864 4139 datae
882 4083 961 4138 annis
980 4083 1050 4138 1616
1068 4090 1096 4137 et
1116 4083 1194 4147 1619,
1211 4083 1241 4138 in
1263 4084 1368 4154 quibus
1386 4084 1513 4156 disputari

152 4170 187 4229 de
203 4170 259 4229 dds
278 4172 402 4242 Kepleri3
427 4187 505 4242 quas,
523 4187 585 4227 cum
603 4172 675 4226 iuter
692 4187 722 4227 se
740 4171 918 4240 cohaereant,
942 4170 1036 4226 ordine
1058 4173 1188 4228 continuo
1211 4171 1261 4229 hic
1278 4173 1454 4230 insanimus

255 4258 377 4315 Primum
395 4258 463 4314 adiit
480 4259 616 4330 Keplerus
635 4258 863 4330 Hafenreiferum,
882 4259 1017 4315 scribens:

256 4453 438 4531 DIgnissime
469 4456 597 4516 Domine
627 4456 825 4533 Cancellarie,
861 4455 1037 4518 Reseranda
1069 4462 1099 4515 et
1127 4454 1306 4520 Clarissimo
1335 4460 1376 4522 D.
1400 4460 1509 4529 nouae

150 4540 330 4619 Praeceptor
353 4541 569 4605 colendissime.
608 4544 712 4606 Annus
727 4547 945 4622 circumagitur,
970 4562 1006 4605 ex
1029 4561 1088 4621 quo
1105 4542 1249 4622 Tubiuga
1273 4545 1510 4622 discedentispct

150 4635 196 4689 est
217 4629 297 4690 facta
318 4638 472 4706 secuturae
495 4626 664 4693 schedulae.
711 4631 795 4710 Quae
827 4632 908 4712 quod
937 4634 1160 4708 conmittitur,
1191 4632 1223 4693 id
1248 4633 1430 4697 humanitati
1450 4642 1509 4695 tuas

148 4715 256 4794 tribuo,
280 4719 332 4795 qui
354 4735 400 4778 me
424 4721 550 4779 amioum
572 4736 631 4778 nou
653 4724 781 4783 sustines
796 4719 954 4796 odeudere,
980 4728 1062 4781 ratus
1085 4719 1116 4780 id
1140 4720 1222 4799 quod
1246 4740 1297 4785 res
1319 4733 1382 4798 est,
1405 4739 1448 4783 ma
1468 4714 1509 4779 val

149 4818 186 4865 aa
207 4803 327 4869 asseutto
349 4804 386 4868 ds
410 4813 582 4887 argumento
605 4811 768 4888 promissae
790 4809 936 4889 epistolae
959 4806 1160 4886 conjecturam
1190 4809 1294 4876 facere
1314 4812 1402 4876 facile
1422 4822 1507 4890 poue
