3308 5534
694 386 698 395 ·
772 361 850 420 ¹⁶⁰⁰·
1417 361 1483 433 727

148 534 240 602 mere,
256 534 410 591 consultum
428 534 495 591 miid
512 534 597 592 uideri
615 540 646 591 ut
657 534 782 593 Danielis
793 534 937 593 domestici
955 536 1008 595 mei
1026 536 1143 595 reditum
1161 555 1195 595 ex
1214 538 1279 596 aula
1295 554 1346 611 per
1364 539 1484 597 triduum

148 622 184 679 rei
196 620 358 693 quatriduum
375 626 587 693 exspectaret*),
606 624 654 693 qni
671 623 694 678 si
713 628 777 679 ante
795 623 866 681 diem
878 623 961 681 lunae
973 624 1028 681 huc
1039 642 1094 681 non
1106 631 1297 698 reverteretur,
1315 642 1398 698 posse
1410 628 1484 699 Kep-

146 711 217 767 iersn
233 709 293 781 ipso
312 710 357 767 die
373 710 456 767 lunae
479 711 547 767 eatis
570 710 662 768 adhue
680 713 797 783 Pragam
814 713 906 769 uenire
931 719 1014 783 atque
1038 730 1089 769 sua
1109 713 1194 771 isthic
1216 715 1326 782 negotia
1345 715 1483 786 expedire,

147 797 185 855 ἐι
201 805 281 855 uuum
304 813 356 869 per
379 798 514 869 pauculos
536 800 605 856 istos
632 802 689 857 dies
716 807 877 871 exspectare
901 800 984 871 nolit,
1011 817 1207 859 concessurum
1230 802 1272 857 iiii
1295 803 1416 859 crastina
1439 802 1483 859 die

147 900 246 957 ιιιιιιιι,
269 902 323 957 qno
346 902 398 956 pro
416 903 466 943 suo
484 887 596 944 arbitrio
614 889 731 958 Pronum
755 889 853 959 eat‘⁸).
889 889 928 944 Ut
943 896 1036 945 autem
1054 905 1086 946 eo
1105 890 1206 947 certius
1218 891 1415 962 perspiceret,
1439 906 1483 947 me

146 972 209 1031 nulia
220 973 270 1031 aiio
287 975 323 1031 de
340 990 424 1032 causa
439 974 469 1031 id
487 975 591 1047 dicere,
618 994 701 1048 qnam
718 977 793 1045 quod
811 975 909 1033 uellem
925 976 1037 1049 pienum
1060 978 1257 1035 resolutionem
1278 980 1386 1035 interea
1403 980 1483 1037 nobis

145 1078 178 1119 eu
189 1061 242 1119 suis
257 1061 365 1134 adferri,
383 1072 414 1121 ut
431 1065 533 1122 rectius
551 1063 617 1133 quid
635 1064 798 1121 concludere
816 1065 920 1136 liceret,
938 1065 1057 1135 produxi
1075 1065 1237 1139 Tengnuglii
1254 1068 1309 1125 mei
1325 1068 1420 1124 literas
1439 1067 1483 1125 die

147 1150 186 1207 ii.
197 1152 279 1209 Dardi
295 1153 406 1210 Piisnae
423 1152 502 1209 datae
520 1161 548 1208 et
567 1152 685 1222 lieplero
704 1152 837 1224 legendus
854 1152 1022 1223 tradidim).
1045 1154 1122 1211 Haec
1134 1172 1196 1211 cnm
1207 1156 1345 1225 Kepierue
1363 1155 1483 1227 legisset,

146 1254 175 1295 se
186 1246 262 1297 husu
279 1241 365 1298 altero
383 1242 428 1297 die
444 1243 562 1310 Pragam
578 1241 717 1297 abiturum
735 1242 828 1311 aiebat
851 1246 880 1297 et
895 1242 988 1312 potius
1010 1259 1073 1298 cum
1091 1241 1207 1297 Daniele
1223 1242 1383 1299 rediturum.
1420 1244 1481 1315 Ego

145 1330 221 1389 witta
238 1328 290 1398 ipsi
312 1328 428 1385 liberum
450 1329 549 1398 reliqui
573 1328 665 1384 fucere
688 1344 760 1399 quae
784 1328 868 1385 veliet
895 1345 993 1398 meque
1019 1329 1269 1401 obtemperaturum
1292 1339 1321 1387 et
1343 1331 1378 1387 de
1401 1348 1483 1391 curru

145 1413 307 1485 naumurum,
333 1424 365 1471 ut
381 1424 493 1486 postero
512 1418 556 1473 die
574 1433 629 1472 una
646 1433 708 1474 cum
725 1418 847 1473 Doctorc
862 1416 1003 1485 iessenio,
1023 1419 1070 1486 qui
1087 1418 1166 1474 nobis
1184 1418 1343 1489 adsidebat,
1364 1419 1482 1492 Pragum

146 1500 260 1569 meldad
275 1505 374 1574 possit.
410 1506 454 1561 An
472 1522 535 1562 uero
554 1523 616 1561 cnm
633 1504 751 1561 Daniele
769 1505 824 1563 buc
846 1504 936 1561 redire
960 1504 1026 1561 uelit
1052 1505 1094 1561 rel
1113 1521 1206 1577 secus,
1224 1507 1278 1579 ipsi
1295 1508 1400 1578 pariter
1416 1508 1482 1565 iibe-

146 1604 194 1645 rma
205 1590 365 1649 relicturum.

573 1663 668 1735 Tycho
687 1661 788 1732 Bruhe,
806 1678 889 1719 manu
906 1662 1025 1733 propria.

227 1749 302 1805 ilaec
321 1750 414 1806 omnia
431 1750 470 1807 ita
488 1756 550 1808 acta
569 1767 630 1808 esse
649 1756 766 1809 attestor
783 1750 857 1807 bona
874 1748 929 1807 fide
947 1750 1008 1820 Ego
1027 1750 1062 1809 D.
1081 1752 1107 1807 J.
1126 1752 1268 1810 Jessenius
1295 1754 1343 1825 qui
1361 1752 1481 1811 interlui.

147 1830 195 1891 iob.
208 1836 347 1894 iesseuins
366 1838 501 1910 siessen,
519 1838 751 1897 illustrisimorum
764 1836 872 1895 Ducum
890 1836 1027 1895 saxoniae
1039 1838 1113 1896 Med.
1133 1847 1160 1895 et
1177 1839 1318 1911 professor
1327 1840 1479 1913 Witcberg.

147 1936 173 1977 u.
184 1942 218 1997 pr.
236 1928 286 1985 Ao.
304 1928 384 1985 1600.
401 1928 471 1997 apr.
489 1930 513 1984 5.
1326 1944 1329 1949 ·

228 2015 329 2072 Eiueet
347 2032 362 2069 e
380 2015 544 2085 quibusdam
563 2031 625 2071 cum
636 2013 749 2084 Kepleri
767 2020 826 2069 tnm
839 2012 978 2085 Tychonis
991 2014 1090 2083 verbis,
1108 2015 1228 2072 rationes
1246 2015 1318 2072 inter
1336 2022 1483 2087 ιιιιιιιιιιιιιο

145 2114 187 2159 stu
205 2104 284 2175 plane
308 2104 419 2163 eusdem
441 2104 527 2161 luisse
553 2118 625 2172 qnae
648 2102 737 2172 initio,
764 2119 817 2173 quo
841 2102 977 2173 iieplerus
996 2100 1031 2157 ad
1049 2102 1187 2159 Brahenm
1212 2110 1339 2173 venerat,
1362 2102 1481 2163 fumant.

144 2188 326 2261 iepntndinem
346 2190 482 2261 quondam
493 2190 632 2260 Tyehouis
651 2189 733 2245 etiam
751 2188 905 2261 significare
922 2188 1050 2247 ridentur
1067 2190 1120 2244 hac
1137 2186 1234 2245 literae
1251 2188 1481 2247 adHofiman·

145 2290 202 2333 uun
218 2278 261 2335 die
281 2278 419 2343 dliartii
439 2277 536 2335 datae:
561 2274 605 2331 ill.
626 2284 653 2333 et
674 2276 742 2333 Gen.
761 2276 818 2347 Vir,
836 2276 953 2333 Domine
972 2283 1000 2332 et
1017 2276 1103 2332 amice
1121 2275 1369 2335 honorandissime.
1405 2276 1482 2348 Quae

143 2358 324 2439 iiiieplerus,
343 2366 422 2435 cujus
439 2365 579 2437 ingenium
597 2371 626 2420 ct
644 2363 815 2421 consuetudo
834 2362 901 2419 mihi
917 2362 1066 2435 perplacet,
1085 2370 1117 2419 ut
1136 2362 1247 2433 dignum
1265 2380 1328 2421 eum
1346 2380 1482 2438 censeam,

143 2451 180 2517 eui
192 2462 295 2510 ametur
313 2459 342 2509 et
361 2452 397 2508 ad
415 2454 519 2523 optima
537 2468 662 2523 quaeque
679 2458 882 2522 promoveatur,
900 2459 1029 2508 oretenus
1048 2450 1083 2508 ad
1102 2468 1145 2507 me
1163 2452 1267 2520 retulit,
1286 2453 1407 2525 percepi.
1443 2452 1482 2511 Et

141 2548 253 2605 tuntum
270 2540 307 2597 ad
332 2541 450 2610 primum
468 2541 574 2612 attinet,
594 2542 628 2597 de
647 2539 771 2597 studioso
790 2538 838 2595 illo
857 2539 903 2596 hic
920 2536 1019 2595 alendo
1038 2547 1066 2596 et
1087 2538 1272 2613 informando,
1298 2547 1421 2598 actutum
1439 2556 1481 2597 re·

139 2628 231 2701 iperii,
248 2645 292 2687 me
310 2646 366 2687 non
384 2629 483 2686 saltem
500 2630 530 2686 in
547 2630 609 2700 hoc,
628 2629 678 2685 sed
695 2628 778 2699 longe
795 2627 947 2697 maioribus
964 2626 1009 2684 ill.
1028 2629 1109 2684 Doun.
1127 2628 1203 2685 Tuae
1220 2644 1272 2699 pro
1290 2644 1351 2685 meo
1369 2628 1481 2686 modulo

136 2718 345 2781 euatiicoturum.
381 2719 505 2775 Alterum
530 2719 597 2775 satia
620 2717 744 2789 praevidi
773 2717 872 2774 confici
896 2732 951 2773 non
975 2732 1057 2789 posse
1080 2716 1240 2787 priusquam
1264 2732 1426 2787 expressum
1443 2718 1479 2773 ab
1533 2726 1536 2731 ·

137 2804 192 2861 tuis
202 2806 337 2863 Caesarea
356 2805 496 2862 decretum
512 2806 541 2863 in
555 2808 696 2861 Camertum
713 2806 877 2875 mitteretur,
896 2803 1043 2875 quodiam
1060 2804 1246 2874 conscriptum
1265 2819 1327 2861 esse
1344 2802 1478 2875 intellexi,

133 2898 160 2947 ιι
173 2892 214 2951 ιιι
231 2894 357 2962 baereat,
382 2910 426 2949 me
444 2893 521 2949 latet.
558 2892 629 2963 Quin
647 2908 712 2949 uero
731 2909 748 2949 a
766 2892 934 2963 Tengnapiio
953 2891 1083 2963 cognovi,
1103 2891 1175 2961 quod
1194 2907 1255 2947 eum
1275 2890 1319 2948 ill.
1338 2893 1372 2948 D.
1390 2892 1478 2949 Tuum

133 2980 246 3047 moerin
264 2982 403 3039 allocutus
421 2982 456 3038 sit
475 2981 603 3053 quodque
621 2980 851 3037 consiliumillud
869 2979 904 3035 de
921 2979 1043 3050 Keplero
1067 2986 1151 3048 atque
1175 2978 1223 3033 iilo
1241 2978 1310 3049 alio,
1330 2996 1391 3035 cum
1409 2978 1479 3036 illud

130 3062 166 3125 bl
180 3070 212 3127 D.
230 3069 307 3125 Tune
332 3071 428 3140 paneis
453 3077 618 3141 exponeret,
645 3069 732 3125 cidem
756 3069 892 3140 placuerit
923 3068 1011 3138 deque
1035 3082 1068 3122 eo
1091 3068 1210 3137 ipsomet
1233 3083 1340 3123 mecum
1363 3066 1478 3125 ulterior

130 3148 195 3227 loqui
211 3157 285 3227 relit,
304 3155 374 3213 dabo
395 3174 505 3226 operam
519 3165 557 3227 ut,
576 3175 659 3228 quum
677 3159 794 3229 primum
807 3157 949 3227 nonnulla,
967 3171 1039 3227 qnae
1052 3172 1102 3227 pro
1116 3155 1193 3211 Caes.
1206 3156 1257 3211 pp.
1276 3154 1397 3223 elaboro,
1415 3172 1479 3213 con·

132 3238 194 3303 lecta
215 3244 333 3315 inerint,
358 3252 479 3300 assumto
504 3261 609 3301 mecum
634 3247 672 3301 lli.
691 3244 812 3316 Keplero
837 3246 955 3315 Pragam
980 3259 1136 3311 excurram,
1164 3259 1218 3312 qno
1241 3241 1315 3312 apud
1339 3243 1380 3299 lli.
1398 3244 1480 3302 Doru.

133 3330 210 3391 laam
227 3334 281 3390 bac
300 3332 334 3389 de
352 3349 397 3405 re,
416 3339 498 3403 prout
516 3349 549 3389 eo
568 3334 697 3405 suaserit,
724 3332 906 3390 deliberemus
925 3340 953 3388 et
971 3330 1040 3388 certi
1059 3329 1163 3399 aliquid
1183 3335 1345 3385 statuamus.
1382 3329 1478 3401 Neque

133 3422 194 3479 es'mu
211 3423 273 3493 ipae
290 3421 428 3491 Koplorus
446 3420 489 3477 iil.
508 3422 588 3480 Dom.
609 3423 668 3478 Tua
691 3419 847 3477 inconsulta
870 3421 1014 3491 quicquam
1038 3417 1203 3476 concludere
1225 3417 1327 3490 uoluit,
1351 3417 1425 3487 quod
1449 3423 1478 3475 et

134 3522 175 3579 eso
191 3509 292 3580 probo,
317 3508 452 3578 siquidem
471 3508 575 3580 absque
601 3509 661 3580 ejus
681 3524 817 3565 consensu
835 3515 863 3565 et
880 3524 964 3566 suasu
986 3507 1054 3563 nibil
1071 3506 1151 3564 nobis
1168 3504 1323 3564 iaciendum
1340 3521 1476 3564 censeam.

132 3596 248 3655 intellexi
267 3597 375 3667 quddam
396 3595 610 3666 quodammodo,
636 3594 819 3651 nonnullas
838 3595 1086 3652 difficultates
1105 3609 1182 3651 sese
1200 3593 1392 3665 insinuare,
1417 3595 1475 3665 qui·

133 3684 175 3743 ins
190 3696 284 3742 tamen
302 3685 356 3754 (uti
375 3678 470 3754 spero)
490 3700 524 3739 cx
543 3684 585 3739 ill.
603 3686 683 3741 Dom.
703 3685 779 3740 Tuae
802 3682 932 3754 prudenti
953 3684 1066 3753 provisu
1089 3681 1169 3737 facile
1190 3696 1363 3738 occurremus
1386 3681 1475 3754 iisque

132 3774 253 3833 medelum
271 3773 470 3829 adhibebimus.
506 3772 596 3841 Quare
616 3773 706 3829 omnia
724 3773 797 3829 circa
820 3772 874 3829 hoc
899 3772 1045 3844 nogotium,
1068 3771 1154 3826 donec
1177 3767 1475 3829 cum1l1.Dom.'ius

131 3871 281 3933 praeacutos
299 3862 334 3918 de
353 3877 385 3917 eo
404 3861 549 3929 egerimus,
569 3860 719 3917 differenda
736 3863 907 3920 arbitramur.

222 3950 360 4021 Kepierus
383 3949 418 4005 ad
436 3950 591 4021 Tychouem
616 3958 729 4008 uenerat
753 3968 803 4023 spe
826 3957 855 4008 et
871 3949 971 4007 dducbt
995 3948 1107 4020 plenus,
1133 3963 1249 4020 sperans
1274 3946 1427 4018 proiectum
1444 3946 1473 4004 in

132 4040 220 4097 udilo
238 4038 442 4108 cenomanicis,
468 4038 569 4094 uiribus
588 4039 644 4096 suis
663 4041 759 4112 fidens,
780 4041 879 4111 quibus
897 4038 1034 4110 Tychonis
1056 4051 1140 4107 opera
1158 4042 1338 4106 promoveret.
1375 4034 1473 4104 Qualia

130 4126 206 4199 ipsius
223 4126 326 4183 luerint
344 4125 450 4195 studia,
470 4142 554 4197 supra
571 4127 661 4184 uerbis
673 4126 787 4199 Kepleri
803 4127 990 4196 exhibuimus,
1008 4141 1078 4197 quae
1096 4141 1160 4182 uero
1172 4124 1266 4195 Tycho
1279 4123 1314 4179 ab
1331 4139 1365 4180 eo
1377 4129 1471 4196 postu·

130 4214 197 4287 lauit,
214 4233 270 4273 uon
288 4215 396 4287 quidem
415 4214 497 4286 plane
514 4224 630 4286 apparet
648 4233 682 4272 ox
700 4218 747 4289 iis,
770 4233 842 4288 quae
864 4218 967 4288 scripta
983 4213 1102 4285 reliquit.
1139 4210 1276 4282 Keplerus
1293 4226 1324 4267 se
1342 4212 1420 4281 quasi
1431 4210 1470 4267 iu·

132 4312 273 4375 speetorem
291 4303 477 4362 studiosorum
495 4303 632 4375 Tychouis
649 4302 710 4361 iore
727 4305 842 4378 putarit,
860 4303 954 4377 Tycbo
971 4318 1044 4374 roro,
1062 4308 1095 4358 ut
1112 4307 1173 4357 erat
1190 4299 1232 4357 vir
1248 4299 1329 4358 nimis
1342 4300 1389 4359 'sui
1406 4317 1469 4358 con·

135 4430 326 4445 ψ

226 4500 250 4566 *)
268 4503 334 4551 Ante
358 4500 455 4550 Pascha
478 4503 671 4567 promissionem
695 4502 770 4563 iecit,
794 4501 818 4551 si
834 4498 927 4551 Daniel
951 4500 1046 4549 interes
1069 4512 1120 4549 non
1141 4498 1239 4562 redeat,
1264 4512 1291 4549 se
1309 4500 1393 4549 statim
1409 4504 1470 4564 post

136 4572 199 4625 icius
214 4586 254 4622 me
272 4571 443 4626 dimissurum.
463 4572 587 4625 ,Addidit
605 4576 629 4622 et
647 4572 887 4623 commendationem
904 4570 1060 4621 constantiae
1077 4584 1145 4620 suae.
1181 4568 1217 4623 R.

224 4637 264 4703 “l
280 4641 336 4692 imo
354 4656 385 4691 nc
403 4644 466 4693 mihi
484 4642 533 4693 soli
546 4657 632 4694 onnus
644 4644 830 4709 attribueretur,
849 4655 878 4691 ss
897 4640 938 4691 die
956 4641 992 4690 irs
1009 4639 1088 4708 uolui,
1106 4655 1157 4706 quo
1169 4641 1298 4692 lassentur
1317 4642 1370 4689 erat
1386 4638 1467 4689 iturus

138 4710 240 4764 buum
257 4712 395 4776 tychonis.
431 4714 464 4767 x,

225 4781 277 4851 *l
295 4784 464 4846 Tenguaglins
482 4783 582 4834 scribit:
603 4786 710 4835 Etiamsi
727 4784 839 4836 listerus
856 4781 998 4847 advenerit,
1018 4781 1188 4834 Corradueius
1206 4781 1286 4833 uibilo
1305 4784 1387 4836 secius
1405 4798 1466 4841 son-

142 4854 203 4905 seat
215 4858 244 4909 tn
259 4855 408 4927 pennum
425 4856 457 4907 ds
473 4856 583 4925 Ksplero
599 4862 626 4911 st
643 4870 701 4909 cum
717 4858 774 4923 ipso
791 4859 881 4923 seam
895 4866 943 4933 par
958 4856 1315 4927 primsm'opportuuitstem,
