3308 5534
147 399 212 473 988
651 401 717 459 vita
732 399 847 459 tamma
863 394 986 471 Keplerl·

147 584 250 657 Holpii,
268 585 287 642 l.
305 585 343 655 c.)
377 581 546 642 Molitori
575 579 678 644 eadem
709 579 816 642 neoulti
838 578 901 640 odii
923 594 1027 651 muse,
1060 575 1114 640 sed
1135 580 1317 655 praetextus
1335 576 1412 652 imis
1432 583 1495 637 era:

148 667 218 729 olim
241 673 329 742 (1586.
351 672 405 728 Cir.
423 690 452 742 p.
472 674 532 740 ets)
557 673 651 746 ipsnm
668 678 758 746 atque
772 665 1029 729 Wiolandium
1051 664 1255 742 prodideram,
1278 682 1341 741 ego
1357 681 1428 724 vero
1440 666 1498 740 qi

150 774 228 816 erem
250 754 385 831 supplex,
409 766 442 816 ut
465 765 495 818 et
516 758 861 834 Ziegelbeusero.·
885 753 1073 814 Kiilllnus
1095 770 1222 815 menon
1239 751 1360 821 odem
1383 750 1436 811 sed
1454 768 1497 827 eet

149 845 245 921 ipsum
268 844 376 918 potius.
415 844 514 904 Semel
537 847 613 905 enim
636 846 707 904 inita
729 859 844 904 meeum
867 842 1006 914 amleitia,
1029 848 1172 918 perpetuo
1197 857 1321 900 meeum
1346 838 1498 911 musam,

148 947 203 1007 ego
227 928 345 1007 quidem
369 932 425 1007 ipsi
441 949 592 1009 nonquam
607 931 779 993 malefacere
794 928 905 1003 studui,
928 928 981 989 aed
996 928 1114 989 oderam
1130 930 1227 1005 ipsius
1243 929 1498 987 eonsensum

148 1018 247 1080 Causa
265 1017 349 1092 justa
372 1017 441 1091 luit,
466 1023 536 1095 quia
559 1020 657 1096 quoad
680 1021 816 1080 adiectum
838 1016 906 1095 plus
921 1032 1011 1092 quem
1033 1021 1177 1076 amatoria
1202 1016 1276 1088 init,
1301 1013 1408 1090 quoad
1429 1030 1500 1090 opas

146 1123 230 1183 pura,
254 1103 335 1163 nullo
360 1110 559 1167 contaminata
580 1107 704 1184 flagitio.
734 1106 801 1165 Non
824 1104 884 1165 alia
906 1120 972 1164 oum
996 1103 1055 1163 ullo
1071 1106 1167 1163 aerior
1180 1110 1238 1163 ant
1262 1102 1501 1161 diuturniores·-

149 1194 251 1252 teutlo.
297 1191 619 1254 Braunbaumium
652 1212 689 1255 er
710 1196 806 1253 amieo
835 1192 910 1251 mibi
935 1189 1062 1250 reddidit
1084 1192 1235 1250 insensum
1263 1192 1427 1266 ipsumque
1445 1187 1501 1247 ιδ

148 1283 257 1356 pariter
280 1295 346 1337 mea
368 1297 481 1339 morum
505 1291 535 1341 et
556 1281 676 1341 ludendi
698 1280 832 1354 lascivia,
855 1296 890 1339 ex
907 1295 966 1354 quo
990 1286 1053 1338 orta
1074 1278 1131 1337 fuit
1145 1280 1300 1354 utrimque
1316 1277 1432 1352 injuria
1449 1290 1503 1351 ptr·

148 1369 326 1439 mutatioti),
350 1384 409 1443 qus
432 1386 491 1428 una
512 1386 543 1429 re
567 1369 820 1429 vehementissime
835 1364 974 1427 offendor.
1011 1364 1265 1426 Hulderieum
1288 1382 1311 1424 a
1334 1380 1385 1423 me
1406 1362 1502 1422 abab·

150 1457 234 1515 navit
255 1455 381 1530 primurn
404 1473 462 1514 non
485 1465 604 1515 serrata
625 1456 699 1516 fides
722 1464 752 1515 et
773 1472 840 1515 mes
861 1454 1009 1514 temeritas
1031 1454 1062 1511 in
1083 1452 1309 1529 exprobrando.
1341 1455 1503 1523 (Restitut-

148 1561 210 1601 onm
233 1544 287 1600 bne
309 1559 419 1614 quoque
444 1545 590 1601 amicitiam
613 1552 730 1601 testatur
755 1544 884 1612 ,Elegim‘
909 1557 993 1613 supra
1016 1560 1044 1612 p.
1065 1543 1116 1600 130
1138 1543 1313 1612 proposita.)
1360 1538 1503 1599 Sellieri

149 1626 249 1687 odium
273 1635 377 1704 sponte
393 1632 520 1705 suscepi,
544 1631 615 1706 qnia
637 1629 761 1689 oderant
782 1630 879 1704 ipsum
900 1631 931 1685 et
952 1626 1057 1702 reliqui
1088 1627 1251 1701 ipsumque
1274 1625 1418 1686 lacessiri
1438 1624 1504 1684 nlla

148 1723 329 1792 provomtus
359 1715 478 1790 injuria.
533 1715 774 1793 Ortholpbus
802 1731 850 1776 mo
879 1712 982 1773 oderat
1011 1721 1043 1772 ut
1073 1729 1129 1789 ego
1157 1712 1338 1786 Kdlllnum,
1370 1731 1436 1773 ean
1458 1728 1503 1787 eqo

149 1805 245 1880 ipsum
278 1810 380 1862 eontra
411 1820 556 1879 amarem3
586 1803 638 1863 sed
668 1801 823 1879 multiplex
850 1802 926 1861 baeo
952 1801 1008 1859 suit
1039 1803 1202 1860 eontentio.
1251 1800 1335 1860 Nam
1368 1811 1399 1860 et
1427 1803 1503 1878 ipit

149 1889 322 1950 aemulabar
346 1888 534 1963 industriam,
566 1897 595 1950 et
614 1889 759 1966 Judieium
783 1904 858 1966 pene
880 1887 1062 1959 invidebam,
1092 1896 1123 1947 et
1150 1886 1392 1948 erardesosbam
1420 1896 1504 1947 eorus

152 1977 233 2036 illius
256 1972 464 2036 maledicentia
487 1985 517 2037 et
538 1980 756 2054 suspioaeitate.
779 2008 821 2023 -
846 1973 1007 2057 Universos
1036 1992 1127 2051 saepe
1150 1978 1181 2033 in
1207 1993 1260 2036 me
1282 1978 1434 2035 concitari
1451 1991 1504 2034 ιι

152 2062 249 2140 eulpa;
272 2063 460 2139 Adelbergao
475 2063 650 2143 proditione,
671 2065 868 2143 Mulpronuse
884 2061 1052 2122 detonsione
1069 2060 1216 2136 Graeteri,
1232 2062 1398 2140 Tubingae
1412 2062 1503 2122 etuti

152 2151 284 2212 violenta
305 2154 472 2228 rogatione3
508 2152 730 2212 Lentliuum
760 2155 861 2228 inepta
883 2152 1054 2227 scriptione,
1086 2149 1503 2228 spangenbergiprnte·

52 2249 57 2257 ’
151 2241 277 2300 meraris
300 2242 497 2312 correctione,
522 2257 588 2300 eum
611 2243 637 2298 is
660 2247 834 2317 praeceptor
855 2246 943 2298 esset.
989 2237 1176 2297 Cleberns
1199 2237 1281 2297 ialsa
1304 2246 1503 2315 suseeptaas·

150 2328 283 2404 spinione
312 2345 359 2386 me
382 2336 415 2386 ut
436 2328 559 2387 rivalem
583 2327 704 2400 odorat,
738 2344 804 2387 euru
826 2332 914 2385 antea
942 2325 1074 2400 impense
1100 2335 1232 2399 amarat,
1265 2324 1339 2386 inda
1370 2340 1503 2386 aeterra

152 2430 219 2475 mee
243 2416 301 2473 oris
323 2413 488 2490 petulantis
511 2423 540 2474 et
563 2416 643 2474 illius
665 2416 837 2484 morositas,
869 2411 946 2472 unde
968 2414 1087 2487 saepius
1109 2414 1140 2469 in
1168 2429 1219 2471 me
1243 2415 1349 2486 irruit,
1379 2411 1504 2489 oolapb·

152 2502 307 2561 intentans.
353 2499 637 2561 Rebstookium
658 2501 825 2562 stimularit
844 2501 902 2560 mei
924 2498 989 2559 laus
1004 2501 1123 2575 ingenii,
1148 2497 1218 2558 dein
1242 2499 1376 2573 levitas,
1398 2500 1503 2577 qrir'·

153 2606 249 2649 meum
272 2596 422 2666 parentem
445 2590 554 2666 probra
576 2591 719 2667 eonJeoit3
747 2589 805 2649 boo
827 2604 883 2664 ego
905 2585 1018 2646 ulturos
1041 2588 1070 2645 in
1093 2588 1251 2662 superiori,
1274 2588 1387 2664 plagas
1408 2586 1502 2661 aerem

153 2675 345 2737 Huselius
370 2679 457 2736 etiam
482 2680 555 2737 meis
579 2678 693 2737 obstitit
719 2677 921 2750 inerementia;
952 2677 980 2733 in
1004 2674 1058 2733 bos
1080 2673 1164 2732 nulla
1185 2692 1257 2735 mea
1280 2684 1383 2735 exstat
1404 2676 1502 2751 tejam

154 2768 228 2822 Cum
252 2764 434 2822 Daubero
463 2764 519 2824 suit
550 2766 667 2825 occulta
688 2764 825 2824 suauitas
847 2771 877 2822 et
898 2761 1074 2834 aemulatio,
1098 2762 1250 2838 utrimque
1272 2779 1354 2840 pene
1377 2760 1503 2839 aequb

153 2854 326 2928 propensior
350 2859 447 2910 tamen
472 2854 536 2929 ipse
558 2852 598 2912 ad
620 2853 767 2928 injuriam.
811 2848 1024 2910 Lorbardus
1053 2867 1168 2909 meeum
1190 2866 1253 2908 non
1277 2852 1502 2919 communitati,

153 2938 324 2998 aemulabar
352 2941 447 3015 ipsum
480 2957 549 3016 ego,
584 2939 636 2999 sed
666 2940 722 2999 boo
744 2954 797 2999 neo
819 2937 869 2997 ille
892 2940 978 2996 seivit
999 2954 1053 2996 nee
1082 2939 1242 3014 quisquam
1274 2939 1373 3012 alins3
1403 2936 1502 2998 tande·

153 3028 223 3104 quia
246 3026 402 3085 Dauberus
425 3027 496 3086 mibi
520 3029 765 3104 postponebatur,
789 3041 876 3101 quem
898 3027 963 3100 ipso
984 3023 1138 3100 praetulit,
1170 3043 1220 3085 me
1244 3026 1349 3086 odius
1373 3029 1463 3101 eoepit
1479 3034 1502 3081 et

153 3115 252 3172 noeuit
275 3113 355 3185 mibi,
380 3122 443 3172 erat
464 3118 541 3173 enim
564 3117 705 3191 superior.
735 3114 845 3172 Postea
866 3129 933 3171 mea
953 3114 1144 3188 protervitate
1167 3113 1251 3189 apud
1267 3122 1417 3190 cognatos
1431 3110 1502 3171 rtet

155 3204 305 3276 ringenses
328 3200 455 3260 subinde
479 3205 507 3259 in
531 3203 787 3279 reprehensionem
809 3201 925 3258 incurri.

261 3287 344 3361 Quae
368 3288 494 3364 denique
516 3290 663 3365 Keplerus
687 3289 722 3349 de
746 3289 871 3346 inimicis
893 3288 923 3344 in
939 3285 1046 3363 Styria,
1069 3295 1182 3346 rectore
1205 3291 1363 3363 gymnasii
1386 3296 1416 3347 et
1435 3285 1502 3347 ordl-

153 3392 221 3433 uum
249 3378 405 3434 secretario
429 3376 579 3454 Speidelio
611 3377 712 3450 refert,
742 3377 880 3451 leguntur
907 3391 996 3451 supra
1023 3391 1050 3449 p.
1076 3379 1139 3433 eet
1164 3380 1193 3432 et
1219 3381 1297 3434 691.
1346 3375 1404 3435 His
1430 3374 1502 3434 dor!

152 3461 224 3519 lacit
247 3463 398 3521 relationis
422 3463 457 3522 de
482 3467 623 3525 inimicis:
650 3462 781 3540 ,Ultimo
804 3460 942 3522 Crellium
965 3461 1068 3536 religio
1091 3479 1110 3519 a
1131 3478 1180 3519 me
1203 3460 1333 3536 dividit,
1357 3462 1411 3523 sed
1431 3461 1502 3521 ets·

151 3548 239 3625 fregit
261 3551 365 3624 etiam3
389 3550 457 3610 hine
479 3555 535 3631 ipsi
560 3555 678 3611 irascor.
723 3552 810 3610 Faxit
833 3548 924 3622 Deus,
948 3558 980 3606 ut
1003 3551 1057 3608 iste
1079 3552 1117 3608 sit
1141 3546 1277 3608 ultimus.

257 3636 361 3712 Itaque
384 3655 491 3699 causae
515 3642 620 3718 partim
644 3642 674 3696 in
696 3656 752 3710 me,
775 3639 882 3715 partim
905 3638 934 3693 in
956 3637 1083 3695 iortnna.
1128 3635 1163 3694 In
1179 3653 1228 3695 me
1254 3639 1309 3707 ira,
1332 3636 1504 3697 intoleranda

151 3722 357 3797 taediosorum,
383 3736 520 3803 proterva
543 3726 668 3787 vexandi
691 3725 783 3784 libido
798 3733 876 3784 utet
894 3723 1024 3799 jocandi,
1049 3722 1176 3798 denique
1191 3727 1352 3784 censoriae
1368 3742 1504 3804 praesen·

154 3812 259 3884 tiones,
283 3830 348 3870 eoru
372 3820 518 3874 nerninem
542 3832 599 3872 non
623 3811 844 3891 reprehendam.
889 3811 923 3869 ln
946 3811 1063 3870 fortuna
1086 3810 1143 3869 boe
1166 3819 1223 3882 est,
1248 3821 1284 3871 ut
1307 3815 1408 3890 ipsam
1429 3812 1505 3873 conl·

151 3904 228 3955 tetur
252 3900 372 3957 invidia.
419 3902 503 3961 lilius
526 3920 618 3963 eausa
640 3909 686 3959 est
707 3899 882 3975 quadratum
904 3897 1042 3957 Mercurii
1066 3905 1095 3956 et
1118 3897 1238 3967 Martis,
1264 3899 1354 3960 Luna
1377 3905 1407 3959 in
1428 3902 1504 3959 niu·

149 3982 356 4149 fnlodMartJis'
380 3988 432 4048 Sol
456 3993 484 4045 in
508 3991 606 4049 sextili
630 3989 758 4062 Saturni,
782 3987 871 4062 hujus
893 4003 984 4045 eausa
1007 3992 1051 4044 est
1073 3985 1126 4045 Sol
1149 3993 1180 4045 et
1202 3984 1377 4049 Mercurius
1398 3993 1428 4048 in
1449 3984 1501 4045 l'll

164 4087 205 4128 so.
250 4088 341 4131 omo.

724 4229 930 4241 -

470 4393 610 4462 Keplsri
632 4394 810 4453 literarum
833 4392 949 4451 studio
971 4392 1008 4447 et
1028 4390 1199 4449 doctrina

258 4507 405 4585 Keplerus
420 4529 438 4568 a
455 4515 624 4589 parentibus
640 4516 764 4591 primum
780 4515 811 4571 iu
826 4511 1060 4585 Leoberqensem
1077 4510 1180 4569 ludum
1197 4510 1385 4575 literarium.
1408 4510 1497 4571 tu'!

152 4595 292 4668 majorem
317 4596 449 4671 eJusdem
474 4602 553 4659 urbis
575 4602 709 4660 scholam
732 4602 839 4660 missus
862 4608 916 4671 eat,
940 4601 991 4658 ubi
1014 4608 1043 4658 et
1066 4599 1176 4657 latinae
1199 4598 1327 4673 linguae
1351 4596 1497 4658 rudtrud

151 4690 177 4737 et
202 4679 268 4738 aliis
291 4701 409 4757 quoque
434 4690 583 4746 institutus
611 4697 656 4747 est
686 4688 793 4760 literis,
827 4695 970 4762 quaestum
1002 4686 1059 4745 illis
1092 4688 1278 4762 temporibus
1301 4690 1332 4745 in
1358 4687 1494 4745 Wilrtn·

152 4767 269 4843 bergine
293 4770 400 4829 sobolis
426 4772 529 4832 doctae
553 4785 629 4834 sunt.
676 4775 829 4836 Tredeoim
853 4792 996 4834 annorum
1019 4791 1100 4852 puer,
1125 4777 1176 4849 qui
1200 4775 1283 4834 bona
1306 4788 1386 4836 esset
1408 4770 1490 4831 midr-

149 4854 274 4932 primum
296 4859 325 4914 io
349 4858 533 4936 Adelbergae
561 4864 751 4925 seminarium
778 4863 924 4924 inferioris
952 4861 1062 4923 ordinis
1089 4864 1134 4936 (in
1159 4879 1220 4939 quo
1249 4861 1443 4925 adoleretur·
1458 4852 1490 4915 d
