3308 5534
148 425 214 496 772
662 418 1001 493 vraroamuepren.

148 608 178 665 in
200 622 248 665 me
270 603 373 664 merita
394 607 464 662 snut
486 602 593 662 viliora
615 599 739 676 reddita,
762 608 919 681 postquam
938 601 1001 679 jam
1017 598 1133 678 aliquot
1147 616 1244 661 annos
1262 599 1497 663 mibilaetiraiue

147 691 331 765 fructificant,
355 708 451 767 noque
474 691 598 752 verbum
615 708 695 751 ame
712 691 821 751 dictum
836 693 968 751 revocari
992 688 1192 766 indictumque
1207 688 1271 749 lieri
1287 689 1499 767 0010110110-

147 798 206 857 que
228 780 324 839 minus
346 779 486 838 iniectum
515 796 675 840 vanescere
705 778 803 839 debet.
849 779 960 857 Accipe
982 779 1071 855 igitur
1093 796 1112 838 a
1134 795 1182 839 me
1203 776 1284 838 banc
1309 794 1395 839 meae
1415 778 1445 837 in
1463 776 1500 837 'lt

144 868 328 944 justissimae
350 867 514 927 voluntatis
535 866 780 943 significationem
803 873 859 927 etc.

252 975 420 1031 Barnitio
439 974 508 1030 haec
525 973 613 1031 refert
629 974 767 1044 Keplerns
785 973 870 1044 (11111.
887 972 928 1027 Id.
941 972 1016 1042 Sept.
1033 973 1126 1041 tamt:
1146 968 1221 1028 Cum
1236 970 1386 1048 superiori
1399 977 1502 1029 acm

148 1061 178 1116 iu
200 1057 329 1135 Styriam
351 1058 499 1136 proiectus
527 1076 622 1119 essem
645 1057 799 1118 domestici
820 1060 931 1134 negotii
954 1073 1060 1130 causa,
1089 1057 1168 1117 bono
1191 1055 1326 1132 quodam
1347 1056 1501 1117 1111111011

147 1163 279 1206 meorum
301 1147 363 1205 iato
386 1146 501 1218 accidit,
525 1155 558 1206 nt
572 1145 708 1206 venalem
724 1145 837 1205 Grastii
860 1147 1022 1204 invenirem
1045 1144 1177 1203 libellum
1194 1143 1349 1204 Laurentii
1365 1144 1502 1223 Saslygsr

147 1232 264 1306 Poloni,
288 1236 335 1292 cui
358 1233 475 1292 titulum
499 1234 582 1294 lecitr
615 1234 661 1293 Do
684 1226 771 1292 Anno
795 1240 876 1292 ortus
899 1241 929 1292 et
949 1234 1052 1291 nrortis
1074 1232 1206 1291 Domini.
1252 1232 1350 1309 Cujus
1372 1231 1440 1293 libri
1459 1250 1501 1291 ar·

148 1327 287 1396 gemente
311 1319 432 1381 mirifice
459 1321 624 1382 delectatus
653 1323 738 1399 coepi
770 1320 806 1380 de
837 1336 874 1381 eo
896 1319 934 1378 ad
964 1337 1061 1379 meum
1091 1319 1225 1380 libellum
1249 1319 1289 1380 de
1310 1320 1402 1380 aava
1420 1318 1502 1381 stau

148 1407 337 1485 serpentarii,
362 1426 448 1485 quom
473 1418 542 1468 tunc
566 1409 737 1481 meditabar,
761 1407 1011 1469 accommodando
1035 1409 1166 1483 cogitare
1167 1449 1280 1469 .....
1326 1407 1404 1468 cum
1425 1410 1502 1483 igit:

147 1494 373 1572 descriptionem
397 1498 490 1573 ipsam
506 1496 626 1571 Stellae,
652 1515 688 1556 ex
703 1496 801 1556 oiiicio
824 1497 972 1574 scriptam,
996 1495 1074 1554 Suae
1090 1492 1174 1554 Caes.
1191 1494 1348 1570 majestati
1369 1504 1405 1555 ut
1425 1494 1501 1555 debui

148 1580 356 1656 dedicaverim,
379 1583 456 1643 hanc
478 1589 583 1644 unicae
606 1584 694 1660 hujus
710 1586 946 1644 circumstantiae
962 1584 1165 1661 temporariae,
1189 1590 1285 1659 quoto
1309 1581 1500 1643 1000011111

146 1669 262 1730 fulserit
284 1680 385 1731 nostra
407 1667 510 1746 stalla,
544 1671 786 1746 elucidationem,
815 1673 845 1729 io
867 1670 920 1731 illo
942 1689 1008 1731 meo
1031 1673 1092 1732 otio
1114 1669 1252 1747 Styriaoo
1274 1675 1435 1749 scriptam,
1461 1671 1499 1729 sai

146 1759 246 1836 potins
269 1759 398 1831 offeram,
423 1777 512 1835 quarn
528 1760 575 1818 lll.
592 1759 678 1819 Dom.
695 1756 787 1831 Tuae,
811 1768 864 1832 ut,
877 1763 954 1819 sient
977 1758 1037 1819 illic
1059 1758 1139 1818 Suae
1152 1757 1309 1835 Majestati
1331 1758 1499 1827 0111011111,

147 1847 190 1903 sic
212 1845 260 1905 hic
282 1848 336 1903 otii
358 1864 409 1924 per
431 1847 475 1908 Te
498 1847 569 1906 milri
598 1849 745 1925 procurati
775 1849 918 1906 rationem
940 1846 1009 1905 'l'ibi
1038 1845 1184 1906 reddam?
1223 1845 1383 1906 Accedant
1404 1843 1498 1905 11111.

147 1931 231 1992 Tuae
254 1934 358 1992 merita
380 1951 446 1993 cum
470 1938 498 1992 in
529 1943 606 1994 artes
636 1952 738 1995 omncs
768 1946 797 1995 et
818 1936 1003 2014 potissimum
1027 1935 1056 1991 in
1078 1934 1291 1993 asuouomiam
1315 1933 1498 2005 Brabm

148 2026 210 2079 turn
232 2037 302 2080 vero
325 2029 356 2080 et
378 2023 406 2078 in
431 2040 530 2082 earum
555 2022 684 2082 cultores
706 2038 812 2099 meque
836 2022 912 2083 adeo
935 2023 1041 2098 ipsum,
1064 2028 1098 2079 ut
1119 2038 1245 2096 qnorum
1269 2022 1498 2100 patrociniorum

147 2106 204 2167 bac
226 2109 364 2183 Augusta
386 2109 466 2169 Aula
488 2112 532 2169 sic
553 2110 717 2188 suscepisti,
744 2118 776 2168 ut
799 2108 874 2168 banc
897 2107 1024 2186 palmam
1048 2106 1137 2167 cedas
1159 2111 1281 2172 nemini.
1328 2110 1429 2186 Atque
1448 2108 1497 2167 ati·

148 2211 216 2253 nam
238 2194 351 2270 aliquid
374 2215 393 2255 a
416 2214 461 2256 me
485 2196 629 2276 proficisci
653 2200 756 2274 possit,
781 2196 860 2273 quod
875 2195 944 2255 'l'ibi
969 2203 1082 2255 tautum
1104 2199 1202 2274 pariat
1216 2194 1393 2276 voluptatis,
1415 2212 1497 2275 quar·

149 2290 211 2342 turn
234 2300 270 2342 ex
293 2283 349 2343 hac
371 2284 437 2343 Tira
462 2284 554 2343 tutela
578 2301 634 2361 ego
657 2287 735 2344 sensi
758 2282 896 2344 utilitatis
919 2283 1071 2343 hactenus.
1097 2316 1133 2327 -

249 2382 374 2438 Jesuitae
392 2384 561 2452 Moguntiaci
579 2400 596 2438 a
614 2382 732 2439 Pistoris
751 2382 898 2452 epistolam
915 2382 1031 2452 Kopleri
1048 2383 1084 2438 ad
1103 2381 1273 2451 Scaligerum
1290 2388 1403 2453 1111911
1421 2384 1495 2441 aa·

147 2484 219 2524 anno
240 2469 309 2527 1605
328 2470 472 2538 legendam
490 2479 657 2541 acceperunt
676 2487 791 2540 eamque
809 2471 883 2539 typis
901 2471 1091 2526 excudendum
1115 2470 1169 2525 sibi
1187 2480 1405 2540 proposuerunt.
1436 2470 1496 2539 aar

150 2556 224 2612 lerna
244 2558 280 2612 ad
299 2559 486 2626 quaestionem
498 2558 625 2614 Jesnitae
638 2559 738 2613 Sororii
751 2558 903 2628 respondit,
923 2559 1049 2628 privatim
1068 2573 1099 2612 ae
1117 2556 1152 2611 ad
1171 2558 1342 2628 scaligerum
1361 2559 1495 2630 acrium

151 2644 244 2713 itaque
263 2659 369 2713 rogare,
390 2645 525 2713 siquidem
544 2648 655 2702 omuino
673 2648 853 2702 coustitutum
872 2648 975 2703 babeat
993 2646 1074 2702 edors
1095 2644 1256 2715 epistolam,
1275 2654 1309 2701 nt
1325 2646 1355 2701 id
1373 2646 1495 2713 solnm

152 2731 289 2799 significet
313 2738 342 2786 et
360 2748 521 2802 responsum
540 2733 575 2787 ab
595 2736 655 2803 ipso
679 2741 771 2803 petat,
795 2734 870 2803 quod
894 2735 1031 2804 epistolae
1055 2750 1122 2789 snae
1141 2733 1337 2803 subjungatur.
1373 2733 1494 2803 Salium

150 2835 215 2875 sero
233 2820 329 2875 scribit
346 2820 490 2890 Keplerus‚
510 2822 643 2876 nunc-iaus
667 2821 708 2875 illi
727 2823 827 2878 Serarii
844 2825 1032 2894 propositum:
1059 2818 1207 2895 Rescripsi
1222 2836 1262 2878 na
1277 2818 1398 2889 iaceret,
1415 2830 1495 2891 atqu

150 2909 228 2966 enirn
251 2923 392 2964 noveram
415 2905 576 2981 bominem,
599 2925 696 2984 noque
718 2912 834 2984 privata
855 2907 981 2985 publicis
1004 2908 1118 2966 misceri
1143 2906 1233 2965 volui.
1280 2905 1349 2966 b'on
1372 2904 1495 2967 abati-it

151 3002 259 3068 tamen,
283 2997 352 3069 quin
376 3011 441 3053 mco
464 2997 580 3053 nomine
605 2998 633 3052 in
657 2998 775 3073 nuperis
798 2995 936 3055 nundinis
958 3002 1096 3054 uteretur.
1141 2993 1227 3053 Haec
1250 2995 1342 3068 igitur
1363 2994 1402 3053 ad
1419 3006 1454 3061 tc,
1470 2998 1496 3047 1

151 3085 249 3154 scires,
275 3099 321 3141 me
345 3084 437 3141 inscio
460 3082 546 3157 lacta,
571 3089 600 3142 et
623 3099 659 3142 no
682 3101 742 3159 qna
764 3101 877 3144 remora
898 3092 978 3143 esset
1000 3085 1029 3141 in
1053 3080 1236 3158 impetrando
1260 3082 1317 3140 abs
1340 3090 1371 3141 ta
1385 3082 1494 3157 negotb,

151 3167 232 3245 quod
255 3168 311 3227 bac
334 3168 460 3246 epistola
482 3187 538 3245 ago
563 3171 688 3245 publice,
713 3189 774 3247 qua
795 3171 873 3232 lecta
897 3171 968 3247 quid
991 3169 1080 3230 velim
1103 3173 1180 3229 scies
1201 3177 1259 3228 etc.
1292 3173 1495 3241 Epistelsqu·

152 3260 218 3314 dicit
237 3259 389 3329 Koplerus,
416 3260 479 3314 duta
503 3269 546 3315 est
563 3261 675 3315 Octobri
699 3262 762 3315 anni
788 3263 857 3318 1607
876 3270 905 3315 et
921 3268 1013 3316 exstat
1031 3261 1048 3314 1.
1071 3276 1094 3314 c.
1111 3277 1138 3329 p.
1161 3261 1212 3318 102
1232 3275 1273 3317 sa.
1311 3262 1423 3315 Initium
1444 3256 1494 3314 Μ’

153 3346 287 3416 petendo,
314 3362 348 3400 ne
372 3347 482 3402 sinistro
507 3349 541 3402 de
563 3364 594 3402 se
612 3349 736 3417 Scaliger
759 3351 893 3419 suspicari
917 3350 1032 3418 incipiat
1056 3349 1090 3403 ob
1117 3351 1321 3418 ,importunam
1346 3350 1495 3405 mention

154 3435 288 3504 epistolae
308 3434 342 3488 ad
363 3444 391 3489 tc
411 3436 538 3503 scriptae,
560 3451 640 3503 quam
660 3436 783 3490 Scrarius
802 3451 845 3489 mo
863 3437 949 3501 irracio
969 3446 1065 3492 nactus
1084 3442 1152 3491 cst“.
1192 3438 1323 3491 Ceterum
1342 3436 1494 3491 nendos·

152 3526 223 3580 hanc
242 3541 321 3579 suum
346 3523 374 3577 in
399 3539 477 3578 usurn
496 3525 589 3593 vortit,
617 3524 681 3577 inde
698 3523 732 3578 ab
750 3540 783 3577 co
808 3532 930 3593 tempore
953 3541 1003 3594 pcr
1026 3524 1181 3594 complures
1204 3540 1296 3579 annos
1318 3541 1383 3579 cnm
1398 3522 1493 3579 terii

152 3612 350 3680 Mogontiacis,
374 3613 521 3679 praecipuo
545 3610 563 3664 J
572 3626 681 3665 oannc
706 3610 877 3679 Zicglero,
902 3612 1036 3667 derebus
1055 3612 1257 3680 chronologicis
1276 3618 1332 3675 tlv.
1353 3614 1493 3669 11111111

153 3701 342 3756 astronomicis
363 3705 404 3765 ttl.
425 3705 484 3752 8⁶2³.
506 3704 562 3752 111.
581 3702 607 3765 9)
626 3708 813 3754 convrrsatus.
850 3700 991 3768 Zicglcrus
1009 3700 1094 3755 refert
1112 3701 1147 3755 de
1166 3701 1410 3757 observationibus
1425 3696 1491 3763 1111

153 3788 235 3855 sium,
255 3787 289 3841 de
308 3789 431 3855 cometis,
451 3788 564 3839 llomam
583 3786 618 3839 ad
637 3784 758 3839 Cluvium
777 3786 872 3841 litcrus
891 3787 946 3855 dat,
965 3795 997 3841 ut
1010 3787 1158 3856 chlerum
1177 3789 1293 3856 adjuret
1310 3790 1338 3844 iu
1355 3783 1491 3856 1011111111Ι

153 3875 271 3945 plurium
296 3876 438 3944 eclipsium
463 3871 709 3929 observationibus.
740 3874 881 3943 (Occurrit
903 3875 931 3928 in
955 3875 1073 3944 epistola
1097 3875 1217 3942 Ziogleri
1241 3876 1313 3930 mira
1339 3891 1406 3930 aare
1422 3868 1490 3927 suri

154 3964 306 4018 consessio:
335 3963 386 4029 ,dc
404 3963 536 4031 'l'pchonc
558 3977 613 4014 non
636 3975 749 4029 possum
773 3961 863 4017 dicere
881 3977 968 4017 rnearn
987 3963 1165 4031 sententiam,
1192 3982 1255 4020 curn
1276 3966 1339 4033 ejris
1356 3976 1436 4035 open
1449 3970 1488 4013 u

154 4050 305 4117 siderimf)
341 4050 464 4104 bloncnti
483 4049 609 4116 Zicglcro
630 4050 814 4120 η0000111110,
834 4051 1019 4118 exspectando
1038 4051 1293 4105 arathematicorurn
1312 4068 1347 4105 cx
1359 4046 1489 4105 nrum

155 4142 244 4194 stiono
269 4154 401 4207 responsa
425 4138 459 4191 de
485 4137 569 4192 solari
595 4137 648 4191 hoc
672 4138 793 4205 deliquio
812 4141 847 4208 (v.
864 4158 885 4193 s.
905 4159 932 4207 p.
952 4142 1025 4204 7111,
1052 4138 1297 4207 llipparcbnnr
1314 4144 1390 4192 tunm
1407 4134 1486 4191 aa

157 4227 269 4295 publico
289 4236 409 4288 carew,
427 4225 570 4292 rospondit
588 4225 724 4293 Keplcrus
743 4228 799 4295 (ll.
818 4226 900 4281 Febr.
922 4229 1019 4285 souti:
1040 4223 1242 4299 Hipparchum
1266 4240 1364 4283 meum
1384 4232 1486 4295 m·

155 4321 201 4370 est
223 4329 311 4386 quam
334 4312 549 4369 liniatissirnum
574 4308 704 4384 prodire,
735 4327 772 4369 no
802 4310 1041 4369 honestissimum
1065 4310 1182 4369 titulum
1211 4311 1304 4386 paulo
1326 4308 1485 4370 caliidiuti

155 4402 339 4473 arrogantius
366 4407 537 4474 susceptum
565 4396 673 4455 leodot.
726 4400 811 4456 Simul
838 4400 983 4471 profitetur
1011 4416 1041 4456 se
1066 4402 1224 4470 apartibus
1255 4402 1396 4471 t‘operniri
1418 4410 1482 4453 aaut:
1522 4424 1525 4433 ·

157 4486 376 4563 Copcruicanus
401 4494 479 4544 totus
501 4502 576 4558 sum,
600 4501 666 4544 cum
690 4485 728 4543 ob
751 4486 976 4544 concinnitatem
998 4488 1112 4561 positus
1135 4488 1253 4545 orbium
1276 4496 1307 4545 01
1327 4486 1404 4547 Solis
1421 4486 1482 4557 pris·

157 4594 373 4652 «inpransum,
405 4573 476 4631 nihil
500 4580 602 4632 contra
624 4572 793 4648 proficiente
818 4573 975 4632 1111101010
999 4572 1074 4631 libro
1097 4571 1136 4631 11.
1165 4572 1204 4633 de
1225 4574 1336 4645 Coelo,
1363 4588 1418 4651 qua
1434 4572 1480 4629 bv

157 4660 357 4719 Aristarchum
391 4678 425 4720 ex
456 4662 588 4737 prolosso
617 4660 743 4719 soluturo
773 4661 874 4719 nititur
900 4660 956 4718 sub
983 4660 1259 4737 l'ytbagoraeorurn
1290 4664 1413 4723 nothe.
1436 4670 1479 4713 ΙΙ

157 4750 245 4807 etiam
269 4749 307 4807 ob
330 4747 502 4826 Mystcrium
527 4747 816 4825 cosmographicum,
840 4764 917 4806 anno
941 4754 992 4807 itti.
1016 4747 1142 4821 editum,
1167 4758 1199 4809 et
1221 4766 1344 4828 corpora
1364 4744 1476 4825 ψ

157 4834 351 4899 1111101101.
395 4836 442 4897 lta
463 4836 536 4897 nibil
558 4852 606 4896 me
628 4834 797 4915 parallaxes
817 4837 971 4915 ignoratae
992 4852 1170 4916 suspensum
1192 4845 1305 4901 tenent.
1320 4884 1329 4899 .
1345 4880 1375 4899 ..
1410 4830 1474 4893 dia
