3308 5534
564 421 1138 496 suumnemmrumuroorna
1443 427 1529 501 1013

175 603 314 668 metricas
336 604 413 668 iuter
432 623 464 668 se
488 605 626 680 conterre,
650 621 775 682 quarum
797 621 888 682 quum
909 606 950 666 sit
970 623 1108 667 uumerus
1122 605 1263 682 infinitus,
1287 607 1404 667 omissis
1427 611 1532 671 ceteris

174 711 304 773 paucas,
320 711 404 770 quae
429 695 607 772 „pulchrae‘
633 694 833 770 cognominari
856 700 993 771 possent,
1025 693 1195 759 retinendas
1217 711 1299 771 esse3
1327 695 1531 773 analogiarum

175 799 252 855 esse,
275 798 322 841 res
344 784 442 859 ipsas,
474 781 513 841 ad
537 798 611 860 quas
633 780 723 858 plana
745 787 776 840 et
798 793 921 857 corpora
949 780 1096 857 regularia
1123 784 1319 857 pertinerent,
1350 800 1530 861 comparare.

177 867 361 946 „Pulchras“
386 869 452 929 illas
474 871 677 947 proportiones
699 874 728 929 et
750 869 780 927 iu
802 866 903 944 liguris
925 868 1021 946 planis
1036 870 1161 951 inveniri
1185 878 1214 928 et
1229 869 1349 929 auribus
1371 873 1402 928 in
1418 874 1532 932 musica

174 958 305 1036 percipi:
328 974 404 1033 quae
428 959 505 1017 euim
528 959 557 1015 in
579 958 691 1017 musica
713 962 889 1031 ponerentur
910 963 1024 1032 septem
1047 955 1094 1016 vel
1118 964 1184 1016 octo
1208 957 1378 1028 intervalla,
1409 975 1445 1017 ea
1466 975 1530 1019 ree·

174 1043 307 1123 pondere
330 1044 432 1121 figuris
454 1043 635 1119 regularibus
659 1041 767 1103 circulo
791 1042 946 1119 inscriptis.
991 1042 1057 1102 Hac
1080 1045 1298 1120 comparatione
1321 1043 1435 1104 Timaei
1457 1044 1531 1105 Pla·

176 1132 268 1191 tonici
292 1139 321 1190 et
336 1131 608 1208 Pythagoraeorum
631 1130 799 1190 admonitus
822 1128 860 1188 ad
884 1129 950 1190 illos
974 1129 1149 1207 digreditur,
1175 1148 1268 1207 eaque
1291 1130 1327 1189 dc
1351 1149 1441 1191 causa
1465 1131 1531 1193 illos

177 1217 267 1279 decet
289 1217 458 1280 harmonius
481 1236 551 1279 snas
573 1235 632 1278 nou
654 1226 733 1279 reete
756 1216 930 1293 probavisse
952 1224 1005 1277 aut
1026 1220 1216 1295 exposuisse,
1248 1217 1328 1295 quod
1351 1219 1434 1279 nulla
1455 1236 1531 1296 geo·

175 1306 300 1367 msulae
329 1308 442 1366 ratione
473 1306 575 1367 hahita
604 1323 674 1365 suae
697 1304 733 1365 de
751 1305 870 1364 <musica
887 1306 1054 1382 opiniones
1086 1305 1270 1365 arithmetica
1299 1305 1401 1365 fulcire
1432 1308 1531 1367 eonati

174 1399 284 1454 nuent.
328 1393 376 1452 Ad
407 1393 477 1468 hae,
509 1412 585 1470 quae
613 1395 643 1451 iu
673 1392 835 1468 geometria
865 1399 896 1453 et
923 1395 1035 1452 musica
1064 1391 1334 1468 deprehendantur,
1363 1391 1551 1455 harmonias

174 1479 323 1558 Ksplerus
344 1483 462 1541 tertium
493 1481 576 1541 addit
603 1487 755 1556 aspectus,
785 1494 911 1555 quorum
940 1487 969 1539 et
998 1481 1128 1556 ipsorum
1157 1487 1223 1540 octo
1252 1488 1366 1541 tantum
1396 1479 1531 1542 efficaces

175 1574 278 1629 censet
299 1585 374 1641 esse,
398 1571 448 1645 qui
472 1571 578 1645 stipsi
602 1568 702 1644 figuris
725 1564 910 1645 regularibus
932 1568 961 1625 in
985 1566 1094 1627 circulo
1117 1569 1264 1645 inscriptis
1287 1567 1478 1641 efficerentur,
1501 1575 1531 1629 et

173 1672 299 1733 quorum
322 1655 482 1716 efficaciam
504 1657 543 1716 ab
566 1657 631 1733 ipso
654 1653 804 1714 contendit
825 1668 882 1713 usu
912 1655 1060 1732 cognitam
1083 1671 1162 1731 esse3
1193 1672 1321 1733 numque
1348 1655 1530 1732 permultos

174 1759 270 1805 anuos
293 1741 329 1802 de
352 1760 389 1803 ea
411 1761 441 1804 re
465 1743 686 1803 ohservationes
709 1760 727 1800 a
749 1758 782 1801 se
804 1742 953 1801 institutas
975 1758 1050 1802 esse

287 1827 371 1890 Hsec
393 1832 523 1907 cogitata
545 1833 574 1889 in
599 1829 714 1889 duabus
737 1827 795 1887 illis
818 1828 953 1906 epistolis
976 1846 1050 1907 quas
1074 1829 1366 1890 commemoravimus
1389 1831 1462 1890 satis
1484 1832 1531 1891 in·

174 1918 340 1995 composite
361 1919 562 1995 proferentum
590 1914 732 1977 nonnulla
759 1932 829 1977 vero
853 1919 901 1985 (de
926 1918 1024 1988 quibus
1048 1918 1101 1976 rol.
1120 1920 1141 1976 Ι.
1168 1935 1196 1988 p.
1219 1920 1356 1977 107-203
1379 1894 1408 1976 e't
1425 1921 1478 1978 rol.
1497 1922 1530 1977 V.

172 2007 526 2080 μῖο-116οωριιιιιιι
548 2010 626 2075 suut)
650 2002 784 2080 pluribus
806 1999 953 2106 explicata
974 2011 1051 2062 sunt.
1099 2002 1184 2063 Auno
1211 2010 1305 2064 1607.
1330 2013 1443 2066 antem
1451 2004 1531 2065 Her·

173 2097 267 2153 warte
298 2089 334 2151 de
365 2090 470 2150 studiis
493 2109 512 2150 a
533 2108 565 2150 se
595 2091 625 2147 in
656 2089 862 2150 harmonias
853 2092 992 2166 impensis
1023 2089 1119 2150 denuo
1144 2093 1322 2152 mentionem
1352 2093 1463 2153 iaciens
1494 2090 1532 2155 de

173 2183 348 2256 argumento
371 2187 497 2255 quatuor
519 2179 655 2255 partium,
679 2180 708 2235 iu
732 2194 807 2253 quas
829 2193 904 2254 opus
925 2195 1010 2236 suum
1034 2186 1112 2237 esset
1132 2176 1289 2253 divisurus,
1313 2181 1462 2258 copiosius
1483 2179 1531 2240 lo·

142 2322 148 2337 ,
174 2267 285 2344 quitur.
329 2265 432 2341 Neque
463 2282 532 2325 vero
561 2282 593 2325 se
621 2266 662 2324 ait
685 2263 807 2324 arduum
830 2263 888 2324 hoc
911 2280 985 2341 opus
1015 2282 1221 2341 aggressurum
1250 2283 1330 2340 esse,
1359 2270 1530 2345 priusquam

174 2356 393 2427 astronomiam,
418 2370 506 2428 quam
529 2360 589 2412 tum
612 2354 738 2412 maxime
760 2350 934 2426 elaboraret,
958 2350 1106 2413 adfinem
1128 2352 1323 2429 perduxisset.
1353 2352 1475 2430 Adjicit,
1497 2371 1531 2415 se

172 2439 328 2501 Herwarte
350 2439 562 2516 gratificantem
585 2442 674 2499 etiam
696 2438 859 2499 Ptolemaei
872 2438 1064 2498 harmoniam
1093 2439 1131 2500 ah
1155 2440 1205 2501 illo
1235 2457 1336 2502 secum
1365 2443 1531 2502 commuui-

173 2536 273 2590 catam
296 2529 392 2587 denuo
414 2530 669 2604 interpretaturum
684 2535 716 2587 et
730 2527 972 2588 cunctationibus
986 2526 1163 2591 illustratam
1179 2528 1326 2590 editurum
1349 2546 1424 2591 esse
1461 2531 1531 2603 (Otr.

171 2617 228 2674 vol.
248 2618 280 2673 V
298 2637 325 2689 p
344 2621 379 2677 30
397 2621 443 2688 ss)

280 2703 327 2762 Ab
350 2721 426 2762 anuo
445 2709 538 2763 1607.
563 2719 657 2779 usque
680 2703 843 2763 adauuum
862 2705 955 2762 1618
979 2701 1146 2778 luKepleri
1169 2703 1430 2780 epistolisuullam
1447 2704 1528 2765 Har·

171 2792 293 2851 monice
307 2794 485 2851 mentionem
507 2790 646 2850 factam
638 2792 822 2865 invenimusJ
845 2788 898 2849 ssd
912 2788 1105 2864 fragmentum
1125 2808 1159 2852 er
1182 2794 1388 2870 manuscriptis
1403 2792 1527 2856 Pulcer

173 2882 321 2951 (scriptum
345 2880 389 2937 die
412 2883 455 2938 ot.
472 2883 535 2938 Jau.
556 2882 648 2952 1611),
671 2877 750 2954 quod
766 2875 827 2937 rol.
843 2876 881 2937 V.
904 2893 933 2952 p.
952 2882 988 2935 71
1016 2879 1305 2952 communicavimus,
1330 2883 1359 2937 iu
1383 2896 1442 2957 quo
1457 2879 1528 2940 har·

171 2965 292 3025 monica
314 2964 486 3025 chordarum
511 2966 616 3024 divisio
640 2982 706 3025 cum
727 2965 907 3042 geometrica
930 2963 1028 3023 circuli
1052 2964 1198 3026 divisione
1220 2966 1382 3026 secuudum
1404 2984 1529 3043 propor-

172 3053 270 3112 tiones
292 3052 451 3112 rationales
480 3053 558 3114 lucta
580 3060 782 3129 comparatur,
805 3050 981 3112 documento
1011 3059 1072 3124 est,
1103 3070 1169 3112 eum
1194 3055 1281 3112 etiam
1310 3054 1367 3114 hoc
1390 3055 1529 3131 temporis

171 3139 329 3199 intervallo
353 3140 399 3199 his
421 3141 510 3200 rebus
533 3159 650 3217 operam
673 3140 841 3200 natavisse.
880 3137 975 3197 Panlo
997 3139 1168 3214 priusquam
1190 3139 1353 3201 Harmonia
1374 3142 1454 3218 typis
1475 3159 1529 3205 ex·

172 3229 286 3303 scriptu
309 3235 353 3286 est
376 3230 509 3303 (1619),
533 3227 678 3304 Keplerus
702 3244 768 3287 cum
791 3224 952 3293 Guilielmo
975 3224 1163 3301 Schickarto,
1187 3237 1306 3304 pastore
1328 3237 1390 3288 tum
1414 3228 1528 3306 (1617)

170 3313 378 3391 llhrtingeuei,
402 3323 505 3391 postea
529 3315 640 3394 (1618)
662 3315 828 3391 professore
850 3311 1049 3387 Tubiugeusi,
1080 3316 1234 3374 arctiorem
1257 3317 1322 3374 ioiit
1344 3317 1526 3390 societatem,
1621 3318 1627 3331 '

171 3405 258 3478 isque
281 3401 438 3462 nonnullas
461 3403 619 3478 figurarum
642 3400 680 3461 ad
703 3399 908 3461 illustrandum
932 3416 1007 3475 opus
1029 3405 1259 3460 necessariarum
1282 3401 1362 3479 liguo
1385 3411 1416 3462 ct
1438 3418 1529 3480 cupro

173 3487 362 3549 excudendas
378 3491 516 3566 suscepit.
548 3489 684 3551 Ceterum
706 3487 897 3566 epistolarum
920 3487 958 3546 ab
981 3490 1017 3547 iis
1040 3491 1116 3548 iuter
1138 3507 1171 3549 se
1186 3491 1340 3550 missarum
1362 3507 1529 3568 perpaucae

171 3573 214 3636 ad
235 3592 290 3636 noa
313 3586 524 3653 pervenerunt,
556 3584 587 3636 ut
611 3576 646 3637 de
670 3577 807 3636 extremis
828 3573 950 3651 Kepleri
977 3574 1082 3635 studiis
1114 3576 1144 3633 iu
1176 3575 1228 3636 illo
1256 3595 1343 3654 opere
1374 3577 1528 3639 collocatis

170 3661 248 3722 uihil
271 3664 338 3724 iude
368 3663 505 3739 colligere
529 3666 685 3741 possimus.
731 3662 864 3723 Exscribi
894 3664 973 3739 typis
1003 3664 1156 3722 harmonia
1185 3666 1283 3740 coepit
1311 3682 1412 3726 mense
1434 3663 1527 3725 Juuie

171 3750 245 3811 suni
271 3756 365 3824 1618,
388 3752 471 3810 finita
492 3762 536 3812 est
559 3768 658 3812 meuse
680 3750 790 3811 Martio
813 3749 881 3809 suni
907 3755 999 3810 1619.
1025 3750 1189 3812 Ptolemaei
1212 3750 1395 3812 harmoniam
1418 3753 1445 3811 sl
1469 3769 1528 3812 uon

170 3837 301 3912 addidit,
334 3837 363 3897 id
393 3838 472 3914 quod
502 3840 585 3899 initio
617 3840 674 3898 sibi
702 3844 914 3916 proposuerat3
945 3853 1000 3896 nos
1029 3855 1094 3897 eum
1127 3856 1162 3898 ex
1192 3840 1391 3916 manuscripto
1420 3842 1526 3910 (mlv

169 3947 199 4001 p.
214 3929 368 3998 see-412)
387 3929 467 4004 operi
491 3927 546 4004 ipsi
568 3927 765 4004 adjunximus

283 4012 421 4074 Continet
443 4016 531 4091 igitur
553 4014 733 4088 Harmonia,
767 4012 851 4088 cujus
873 4023 1076 4088 argumentum
1095 4012 1159 4088 jam
1183 4013 1311 4073 breviter
1334 4029 1526 4090 exponemus,

170 4098 263 4161 studii
287 4103 393 4177 viginti
414 4118 556 4160 annorum
579 4102 713 4161 lructum.
760 4098 857 4175 Quum
880 4102 1084 4176 proportiones
1107 4100 1292 4160 harmonicas
1315 4119 1351 4161 ex
1374 4101 1476 4177 figuris
1498 4111 1528 4162 et

171 4188 347 4265 corporibus
369 4189 554 4264 regularibus
576 4187 720 4264 proficisci
743 4188 896 4259 existimet,
920 4187 1065 4264 Keplerus
1081 4189 1181 4263 primis
1197 4187 1313 4249 duobus
1327 4188 1408 4248 libris
1423 4188 1528 4248 herum

170 4292 269 4335 rerum
293 4277 435 4335 rationem
459 4275 600 4353 explicat,
628 4276 798 4352 praemissis
820 4273 998 4349 quibusdem
1022 4272 1240 4337 definitionibus
1263 4283 1293 4336 et
1315 4275 1449 4337 thesibus
1472 4274 1526 4336 de-

170 4364 242 4423 cimi
264 4361 330 4422 libri
354 4362 494 4436 Euclidis,
518 4380 593 4438 quas
616 4361 675 4425 vol.
699 4361 736 4423 V.
759 4378 787 4438 p.
813 4366 843 4421 9.
867 4361 996 4422 breviter
1019 4361 1239 4437 explicavimus.
1281 4362 1407 4423 eunucu
1429 4369 1528 4423 autem

169 4451 259 4528 primi
282 4450 348 4508 libri
371 4451 620 4526 inquisitionibus,
644 4448 689 4509 his
713 4456 827 4508 mntem
850 4447 951 4509 circuli
974 4450 1182 4527 partitionibus
1205 4453 1234 4508 ln
1258 4457 1400 4526 sequente
1423 4450 1527 4527 dispu-

172 4538 288 4598 tatione
310 4537 451 4597 uteudum
475 4555 555 4596 esse:
582 4543 610 4596 1.
634 4536 779 4596 divisione
800 4536 831 4594 in
854 4535 943 4611 duas,
968 4543 997 4597 2.
1021 4540 1050 4594 iu
1073 4545 1147 4610 tres,
1172 4544 1201 4597 3.
1225 4540 1254 4596 iu
1277 4546 1418 4614 quatuor,
1443 4544 1471 4597 4.
1497 4540 1527 4601 lu

170 4627 313 4703 quinque,
338 4632 367 4686 6.
392 4627 422 4681 in
446 4641 497 4683 sex
520 4625 661 4700 aequales
682 4630 782 4700 partes
805 4640 965 4700 earumque
988 4623 1088 4701 dupin,
1112 4625 1219 4701 quibus
1242 4628 1360 4701 insuper
1383 4623 1527 4686 accedunt

171 4712 316 4789 „stellae“
343 4711 379 4772 ad
403 4713 614 4789 pentagouium
637 4719 667 4770 et
688 4710 884 4787 decagouium
911 4711 1044 4787 regulere
1074 4714 1261 4789 pertinentes.
1307 4712 1400 4771 Nobis
1423 4728 1526 4774 recen-

169 4801 313 4872 tioribus,
346 4802 455 4878 quippe
480 4800 529 4875 qui
552 4797 673 4859 haeres
703 4815 821 4876 prorsus
851 4799 911 4859 alio
939 4799 1027 4861 modo
1057 4799 1247 4878 contemplari
1277 4802 1526 4873 consueverimus,

172 4887 298 4967 Kepleri
320 4887 411 4967 hujus
433 4887 573 4953 materias
596 4888 732 4952 uacutio
754 4902 812 4949 nou
835 4885 932 4951 tacitis
953 4895 1000 4952 cst
1021 4894 1194 4969 perspectu3
1224 4904 1280 4951 nos
1303 4904 1374 4953 rere
1395 4889 1484 4955 nimis
1506 4905 1527 4955 a
