3308 5534
147 108 214 181 668
453 108 634 167 damnari·
650 108 789 167 Historiae
805 106 997 171 mentae
1013 112 1107 173 uculo
1124 112 1201 171 xvi.

146 300 216 353 mm,
233 284 351 357 denlqde
365 284 474 355 longior
489 286 606 343 lixarum
623 286 780 359 catalogus,
804 286 853 359 qui
873 302 926 359 per
941 286 1052 357 longam
1067 302 1202 345 annorum
1223 288 1323 348 uiam
1339 287 1506 353 m

147 387 236 445 usque
252 372 290 430 ad
305 374 518 431 emendau'orem
536 373 722 445 Tyahonieum
740 376 838 433 unicus
855 374 915 431 lere
932 374 994 431 lons
1012 382 1043 433 et
1057 390 1154 433 norma
1170 374 1234 435 luit.

251 460 359 519 Libro
376 460 436 517 111.
458 460 554 517 meunt
575 460 781 533 disquisitiones
803 462 839 519 de
863 462 1097 533 aequinoctiorum
1119 464 1354 539 solstitiornmqua
1373 466 1498 539 andah-

146 549 229 609 tiouo.
270 550 469 620 Hipparchum,
496 550 535 605 ait
561 550 742 620 (lopernicus,
766 552 853 607 virum
879 553 965 607 mbae
991 551 1162 625 sagacitatis,
1188 554 1307 625 primum
1337 554 1494 611 mimatae·

146 638 223 705 tinae,
241 654 343 693 annom
361 637 497 695 sidereum
514 636 645 705 maiorem
663 652 725 693 esse
743 653 815 693 auno
833 637 948 708 tropico,
968 653 1057 709 eoque
1073 640 1162 697 stellis
1180 640 1244 697 driu
1261 640 1391 699 tribuisse
1400 648 1491 699 notu

146 726 175 781 in
192 724 405 793 consequentia,
424 722 496 789 ',sed
514 721 648 780 lentulum
670 724 741 781 adeo
766 741 818 782 uec
842 726 934 781 statim
953 726 1186 797 perceptionem.
1221 730 1304 785 lluuc
1320 736 1422 785 motum
1437 730 1490 785 inde

147 815 183 870 ah
200 812 255 869 illis
271 812 441 883 temporibus
458 810 561 867 lactum
579 826 641 867 esse
658 810 889 869 evidentissimum
907 828 1024 884 eumque
1044 814 1217 883 inaequalem
1235 816 1359 885 reperiri
1388 816 1486 871 Causas

147 900 230 971 huius
248 900 484 969 aequinoctiorum
503 898 707 967 anticipationis
725 899 791 957 dicit
809 902 977 973 copcrnicus
996 890 1178 970 quaerendam
1198 918 1260 959 ease
1272 904 1300 961 lu
1312 908 1388 961 motu
1404 920 1486 975 aequa·

147 989 215 1047 toris
233 990 262 1045 iu
280 987 482 1057 praecedentia,
501 986 548 1055 qui
566 984 694 1055 obliquus
712 988 749 1043 sit
772 988 856 1057 plano
875 988 980 1044 seduci
997 988 1168 1059 (eclipticas)
1185 990 1327 1061 immobili,
1345 990 1381 1047 ad
1397 990 1484 1047 modas

146 1075 331 1132 inclinationis
353 1074 414 1130 aris
439 1072 566 1129 Telluris.
605 1074 707 1139 ,Nemo
726 1075 843 1131 forsitan
867 1092 978 1131 causam
1001 1076 1159 1133 mutationis
1182 1078 1418 1147 aequinoctiorum
1433 1076 1485 1133 oli

148 1162 318 1234 quitatisque
335 1162 459 1231 signiferi
476 1161 617 1217 meliorem
634 1160 746 1231 sileret,
766 1177 847 1231 quam
866 1162 926 1217 axis
944 1163 1047 1219 Terrae
1064 1169 1093 1221 et
1106 1166 1232 1236 polorum
1250 1166 1347 1221 eirenli
1364 1166 1486 1237 aequlnoe

149 1252 225 1309 lialis
243 1250 380 1307 deflexum
400 1249 543 1319 quendam.
580 1250 609 1305 Si
627 1257 718 1305 motus
735 1252 796 1306 axis
813 1252 916 1306 Terrae
938 1250 1096 1308 conveniret
1119 1268 1180 1308 curn
1204 1260 1283 1309 motu
1306 1254 1407 1315 cenot,
1427 1250 1486 1309 nala

151 1338 262 1409 penitus
280 1344 427 1407 appareret
443 1337 678 1406 aequinoctiorum
696 1340 960 1407 conversionumque
978 1340 1147 1409 praeventio.
1182 1340 1220 1395 Aa
1237 1355 1300 1395 cum
1318 1340 1436 1397 interae
1451 1336 1486 1395 dd

147 1424 252 1493 lerant,
279 1423 328 1479 sed
346 1422 501 1479 differentia
518 1424 667 1493 inaequali,
691 1442 805 1482 necesse
823 1426 877 1483 tuit
895 1427 976 1481 etiam
999 1427 1117 1483 solstitia
1134 1434 1163 1483 et
1179 1428 1355 1496 aequinoctia
1371 1424 1487 1499 lnaeqaffi
1532 1452 1534 1461 ·

148 1519 226 1569 motu
241 1511 409 1581 praerodere
425 1510 487 1567 loca
499 1510 647 1571 stellarum.
679 1513 765 1569 llinos
777 1514 887 1571 omnino
900 1515 1026 1585 polorum
1037 1522 1128 1571 motus
1142 1515 1307 1585 reciprocos,
1326 1514 1489 1585 pendentiis!

149 1600 254 1657 similes
271 1598 474 1666 libratiouibus,
493 1604 605 1670 oportet
621 1600 746 1673 intelligi,
765 1603 893 1672 quoniam
911 1604 967 1672 poli
986 1610 1015 1659 et
1031 1601 1127 1659 circuli
1144 1602 1173 1658 in
1185 1602 1305 1673 sphaera
1323 1602 1377 1659 sahi
1394 1604 1489 1659 invicta

150 1690 302 1747 adhaerent
318 1696 347 1745 et
364 1688 549 1745 consentiunt.
585 1688 664 1743 Alius
682 1689 765 1757 igitur
782 1696 873 1745 motus
893 1692 946 1746 erit
964 1690 1011 1759 qui
1029 1689 1232 1746 inclinationem
1245 1696 1385 1759 permutat
1400 1689 1490 1746 illotas

116 1780 121 1791 '
147 1776 320 1840 circulorum,
337 1774 411 1845 polis
429 1775 469 1829 ita
487 1771 586 1829 delatis
610 1788 719 1831 sursum
745 1776 927 1844 deorsumque
950 1776 1023 1833 circa
1044 1776 1176 1847 augrdom
1200 1776 1347 1837 sectionis,
1374 1776 1490 1847 aliuaqal

148 1862 311 1919 solstitiales
329 1863 597 1932 aequinoctialesque
615 1864 822 1932 praecessiones
834 1870 918 1933 auget
929 1872 958 1920 et
968 1864 1073 1931 minuit,
1091 1864 1155 1919 hino
1173 1864 1238 1919 inde
1256 1878 1308 1935 per
1325 1872 1489 1921 mansam
1531 1872 1534 1897 ¹

147 1950 223 2009 iacta
240 1952 433 2007 commotione.
462 1952 522 2007 llos
541 1957 632 2006 autem
650 1958 741 2007 motus
759 1952 919 2008 librationcs
932 1967 1069 2021 vocamus,
1088 1966 1121 2006 co
1140 1950 1214 2020 quod
1226 1950 1405 2021 pendentium
1421 1952 1490 2009 im

147 2040 201 2097 suh
218 2038 290 2095 hinis
308 2038 440 2095 limitibus
457 2054 507 2109 per
525 2038 640 2095 eandem
657 2040 728 2095 riam
745 2040 774 2093 io
793 2037 882 2094 medio
901 2037 1094 2093 concitatiores
1113 2038 1196 2109 liunt,
1220 2038 1295 2095 eirea
1313 2046 1488 2095 estimatae

148 2128 260 2185 diuini.
296 2125 435 2183 Diderunt
457 2128 539 2183 etlam
564 2126 622 2181 suis
646 2124 878 2195 revolutionibus,
907 2125 981 2193 quod
1003 2125 1185 2193 inaequalitas
1208 2126 1443 2195 aequinoctiorum
1457 2124 1489 2181 tia

148 2216 305 2273 restituitur
327 2214 378 2272 sub
406 2231 460 2269 uua
484 2215 654 2285 obliquitatis
677 2216 860 2271 restitutione.
900 2214 977 2269 Sicut
1001 2220 1093 2267 autem
1117 2213 1145 2267 iu
1169 2212 1243 2268 omui
1270 2220 1348 2268 motu
1372 2208 1489 2283 mamati

146 2308 296 2375 apparente
315 2302 436 2358 medium
455 2302 584 2372 quiddam
597 2308 707 2371 oportet
718 2300 843 2371 intelligi,
861 2316 911 2370 per
923 2299 997 2370 quod
1009 2298 1211 2369 inaequalitatis
1224 2300 1295 2355 ratio
1310 2300 1400 2369 possit
1410 2294 1489 2367 astiti,

147 2392 187 2447 ita
204 2406 271 2447 saue
288 2396 318 2447 et
334 2389 379 2447 hic
397 2390 503 2445 medies
521 2390 600 2460 polos
623 2390 797 2460 mediumque
820 2388 951 2445 circulum
969 2387 1211 2457 aequinoctialem,
1236 2388 1376 2444 sectiones
1398 2396 1490 2457 quoqu

147 2476 364 2547 aequinoctiales
381 2483 411 2531 et
428 2484 530 2545 puncta
548 2478 756 2533 conversionum
775 2476 864 2531 media
881 2490 995 2531 necesse
1013 2482 1073 2531 erat
1095 2474 1231 2545 cogitare,
1257 2476 1310 2531 suh
1333 2476 1430 2545 quom
1446 2470 1489 2545 poll

147 2566 319 2637 meatusque
337 2565 546 2636 aequinoctialis
563 2566 702 2622 terrestris
719 2565 784 2621 hinc
796 2564 861 2621 inde
872 2563 1051 2619 deflectentes
1069 2562 1148 2619 statis
1165 2568 1257 2617 mmeu
1271 2561 1405 2619 limitibus
1415 2568 1489 2617 mant

145 2654 208 2710 illos
225 2652 356 2723 aequales
372 2654 476 2709 taciem
497 2668 632 2725 apparere
656 2654 787 2709 diversos.
823 2654 918 2721 ltaque
935 2650 1017 2707 binae
1038 2650 1102 2705 illae
1126 2648 1287 2705 librationes
1312 2654 1489 2703 concurrentia

146 2740 262 2797 invicem
278 2740 412 2811 eliciunt,
431 2747 462 2796 ut
479 2740 536 2811 poli
555 2742 658 2796 Terrae
675 2757 737 2795 cum
754 2748 878 2810 tempore
895 2738 983 2794 lineas
1000 2738 1133 2808 quasdam
1151 2736 1310 2793 describant
1327 2734 1445 2793 corollae
1458 2734 1490 2789 h·

146 2836 236 2885 tortae
253 2828 382 2887 similes.“
414 2828 482 2897 (car.
501 2828 555 2883 rol.
575 2830 619 2883 Vl.
639 2844 666 2896 p.
684 2828 755 2894 521.)

250 2916 327 2972 Haec
344 2926 487 2986 postquam
506 2916 596 2971 verbis
615 2924 641 2971 et
661 2913 900 2984 delineationibus,
923 2915 1022 2984 quibus
1040 2910 1178 2982 epicyelos
1196 2908 1425 2981 deprehendimus
1440 2908 1490 2965 aliia

147 3002 276 3073 epieyclis
294 3004 411 3071 innixos,
430 3004 513 3059 latius
532 3003 727 3058 demonstravit
745 3003 920 3070 Cepernicus,
939 3000 1096 3057 conclusum
1116 3013 1176 3053 esse
1198 3004 1311 3067 censet,
1335 2994 1490 3067 inaequale

146 3106 209 3147 asse
225 3092 451 3161 praecessionem,
471 3091 508 3147 ad
526 3091 597 3145 hauc
615 3091 770 3159 opinionem
783 3088 916 3145 deductus
936 3088 1047 3143 calculis
1065 3095 1093 3141 et
1105 3086 1343 3143 obseruationibus
1356 3082 1489 3141 ratensi

146 3192 244 3247 parum
254 3175 310 3233 fide
322 3177 420 3247 dignis.
444 3179 572 3233 Annuum
591 3184 695 3233 motum
712 3177 911 3247 praecessionis
929 3174 1239 3245 ponens50t⁴12‘·⁴5¹¹“
1257 3174 1381 3231 annectit
1396 3171 1490 3229 utun

148 3273 255 3331 ,motus
273 3265 472 3335 praecessionis
489 3266 738 3335 aequinoctiorum⁴
759 3265 787 3317 iu
804 3264 893 3332 aunis,
911 3263 1008 3320 diebus
1026 3270 1055 3318 et
1071 3263 1215 3332 sexagenis
1228 3262 1342 3319 dierum.
1372 3262 1488 3317 utram

128 3388 133 3398 -
146 3352 242 3408 tribuit
252 3351 333 3409 fidem
346 3353 513 3421 Copernicus
525 3353 683 3408 Ptolemaeo
702 3354 729 3408 in
748 3351 940 3407 constituenda
956 3350 1020 3405 anui
1039 3351 1136 3405 solaris
1148 3350 1336 3421 magnitudine
1349 3352 1419 3421 (cap
1432 3348 1485 3414 tat:
1532 3382 1534 3412 ;

149 3456 220 3509 ,non
232 3440 384 3498 audiendus
402 3448 445 3496 est
456 3440 629 3496 Ptolemaeus
647 3442 675 3496 in
693 3438 745 3495 hae
755 3446 842 3511 parte,
861 3440 907 3507 qui
924 3438 1073 3495 absurdum
1092 3448 1121 3494 et
1137 3438 1316 3509 impertinens
1333 3434 1485 3501 calami

147 3544 266 3585 annuam
279 3528 351 3583 Solis
363 3527 556 3597 aequalitatem
568 3528 657 3583 metiri
675 3528 709 3583 sd
723 3527 842 3598 aliquam
855 3526 995 3583 stellarum
1007 3528 1122 3582 lixarum
1134 3527 1345 3596 restitutionem,
1357 3542 1407 3583 nec
1416 3520 1483 3593 nati

148 3630 309 3687 congruere,
327 3632 409 3684 quum
428 3614 452 3669 si
469 3630 487 3669 a
503 3616 574 3671 Jove
591 3615 634 3670 rel
653 3616 772 3671 Saturno
791 3615 844 3670 hoc
861 3617 966 3672 laceret
983 3613 1106 3683 aliquis.t
1137 3616 1236 3683 Neque
1247 3614 1399 3685 simplicem
1414 3624 1483 3681 ψ

147 3701 255 3759 lacrlem
273 3716 335 3757 esse
352 3700 465 3770 cognitu
483 3701 617 3757 rationem
635 3714 742 3757 annuae
754 3700 937 3771 aequanimis
967 3702 1009 3757 lid
1022 3704 1215 3759 resolutionem
1234 3701 1320 3771 hauns
1338 3702 1402 3759 uodl
1416 3698 1480 3769 aust

148 3786 273 3845 ciendum
297 3802 358 3843 ease
381 3788 416 3843 ad
440 3796 557 3856 quatuor
580 3788 781 3858 inaequalitatis
803 3803 914 3855 causas,
944 3804 1014 3857 quae
1041 3798 1105 3845 sunt
1132 3793 1157 3857 l)
1174 3786 1328 3859 inaequalis
1351 3782 1479 3859 praeced

147 3874 388 3945 aequinoctiorum,
406 3880 433 3946 2)
452 3874 526 3944 quod
544 3876 591 3931 Sol
611 3875 769 3945 inaequales
788 3876 930 3945 eclipticas
947 3884 1041 3945 partes
1059 3876 1223 3946 intercipere
1241 3876 1350 3933 ridetur
1365 3868 1478 3945 laced·

147 3964 217 4021 citas
235 3964 331 4031 Solis),
357 3964 384 4031 t)
402 3964 467 4033 quis
491 3964 573 4019 etiam
597 3963 668 4019 haue
691 3964 777 4019 rariat
795 3964 925 4029 lmcunda
947 3964 1115 4031 diversitas),
1138 3966 1166 4033 l)
1183 3964 1258 4033 quod
1283 3972 1372 4021 mutat
1393 3958 1477 4035 april!

147 4052 235 4109 canni
251 4052 354 4107 Terrae
377 4067 509 4106 summam
534 4061 562 4107 et
585 4051 714 4107 intimam.
758 4052 817 4117 ,Ex
841 4051 885 4107 his
910 4051 1031 4107 secunda
1055 4051 1225 4109 solummodo
1249 4060 1318 4109 nota
1340 4052 1476 4109 rotun

148 4154 220 4211 quae
237 4140 297 4196 aola
314 4157 369 4195 nou
387 4139 523 4209 potuisset
535 4140 757 4209 inaequalitatem
770 4139 896 4195 moelem
908 4139 1070 4209 producere,
1089 4138 1139 4195 aed
1150 4140 1251 4197 ceteris
1267 4138 1404 4211 implicata
1413 4132 1475 4203 ΙΨ
1497 4212 1500 4219 ¹

148 4228 178 4285 id
193 4226 285 4285 lacit.l
322 4228 359 4283 t't
376 4228 427 4283 has
448 4242 547 4283 causae
571 4228 690 4297 explicet
714 4228 865 4297 praemittit
881 4228 1049 4296 Copernicus
1072 4224 1328 4297 ,prototheorema·
1349 4230 1415 4299 (rap.
1431 4220 1475 4287 lh),

150 4331 219 4372 usus
236 4316 388 4371 eceentrico
413 4314 516 4371 droulo
542 4319 571 4370 et
594 4314 717 4385 epieyclo
736 4314 898 4383 Ptolemaei,
922 4315 1023 4384 quibus
1047 4314 1265 4383 demonstratur,
1289 4322 1408 4373 munta
1426 4312 1475 4367 fl

149 4402 240 4457 sotem
258 4408 287 4455 et
304 4400 417 4455 Terram
435 4400 577 4465 munus,
606 4417 693 4469 ..quoe
710 4402 746 4457 ad
763 4402 971 4458 immensitatem
990 4402 1131 4459 stellarum
1153 4402 1270 4457 lixarum
1294 4402 1421 4473 sphaerae
1436 4401 1473 4451 ΙΙ

149 4486 238 4557 poaail
254 4486 431 4557 existimari“,
449 4488 540 4545 Solem
556 4488 592 4545 ad
610 4506 801 4561 quamcunque
818 4490 925 4547 stellam
936 4492 1019 4549 lixam
1038 4490 1192 4561 aequaliter
1206 4492 1320 4563 mermi,
1335 4482 1473 4561 w

150 4588 214 4631 aero
225 4588 288 4633 esse
299 4582 401 4631 motum
414 4576 494 4647 Solis,
512 4576 587 4649 quod
604 4584 694 4635 motus
706 4580 793 4637 centri
809 4596 842 4637 ac
854 4594 961 4637 musae
973 4578 1150 4639 resolutionis
1163 4578 1266 4639 Terrae
1278 4598 1336 4641 uon
1347 4581 1382 4641 ait
1391 4572 1471 4637 ad·
