3308 5534
371 393 550 455 Βιωῑὴιω
567 396 707 457 munim
723 398 916 457 Astronomita
933 397 1026 456 seculo
1043 398 1119 458 XVI.
1316 413 1320 423 ·
1364 399 1429 471 609

106 571 399 644 numerandum).
444 571 544 629 Iisdem
569 573 626 630 fere
649 575 790 646 principiis
813 575 938 633 innititur
960 576 1029 634 haec
1054 576 1230 648 ,logistica“,
1262 574 1361 647 quihus
1386 591 1432 632 ex·

106 653 142 713 lis
151 656 269 735 ¹alluunt
279 659 375 717 lustris
388 661 500 719 inventa
511 661 637 732 logistica
649 664 798 722 decimalis.
824 666 992 737 (,lntegrum
1005 666 1124 722 medium
1136 666 1226 722 locum
1245 665 1357 729 obtinet,
1376 664 1432 720 col·

106 752 173 801 tun
189 749 371 819 mgeuaria
388 748 526 804 additione
549 751 691 806 coustituit
709 767 907 822 sexagenarnm
926 755 1061 828 ordinem,
1088 748 1204 811 diris'um
1228 769 1293 810 vero
1317 767 1433 822 sexage-

106 832 149 889 ria
165 833 301 891 &risione
319 836 404 892 eifidt
422 838 612 906 scrupulorum
630 839 788 911 ordinem.“)
812 842 933 912 Regulus
947 843 1061 900 dirersis
1079 842 1267 898 arithmeticae
1286 841 1433 911 generibus

106 920 255 981 lenientes
265 923 388 994 perbelle
399 925 527 994 proponit
538 933 643 994 auctor,
663 927 795 983 desumtis
811 930 944 999 exemplis
957 946 993 985 ex
1005 929 1179 1000 astronomia,
1192 929 1231 985 ita
1243 936 1275 986 ut
1286 929 1357 985 liber
1369 942 1434 983 vere

106 1006 157 1065 trit
182 1010 373 1081 compendium
391 1011 521 1068 studiosis
546 1015 737 1072 astronomiae
759 1045 792 1056 -
813 1015 890 1071 idern
908 1016 1063 1074 iaciendum
1082 1017 1296 1087 sibiproposnit
1320 1022 1434 1071 anctore

106 1108 139 1151 ns
166 1094 341 1154 Theoderico
368 1098 466 1155 Edon
493 1100 697 1157 llildericus
723 1100 895 1172 vacrensis,
920 1103 1065 1160 Professor
1090 1105 1247 1160 matheseos
1273 1110 1301 1159 et
1324 1102 1435 1174 linguae

106 1181 223 1239 braiosa
240 1200 292 1240 nec
309 1201 364 1240 non
384 1185 539 1255 theologiae
558 1187 664 1243 diurni
678 1191 710 1257 (†
724 1190 804 1257 rsus)
823 1190 852 1245 in
869 1190 948 1259 libro,
968 1191 1014 1262 qui
1033 1200 1062 1246 et
1079 1193 1139 1261 ipse
1158 1191 1331 1247 inscribitur:
1350 1191 1432 1260 Logi-

106 1270 347 1329 astronomica
361 1275 468 1344 (1568).
482 1305 513 1314 -
526 1276 618 1331 Minus
634 1275 771 1333 Theodor.
783 1277 939 1345 probandus
953 1290 996 1332 est
1011 1279 1141 1349 inopere,
1159 1278 1232 1348 quod
1242 1278 1331 1348 ipsam
1349 1283 1436 1355 astro·

106 1356 193 1413 mian
209 1360 309 1417 munst
326 1360 429 1430 (Novae
447 1364 620 1431 quaestiones
644 1365 780 1432 sphaeras
803 1365 890 1433 tior).
926 1366 1056 1434 Legimus
1081 1367 1109 1422 iu
1127 1367 1180 1420 hoc
1201 1366 1287 1421 libro:
1315 1368 1436 1432 ,Lumen

106 1444 220 1503 illarum
235 1447 377 1519 proprium
394 1454 438 1504 est
455 1456 484 1504 et
501 1449 699 1507 mutuaticium.
735 1450 810 1506 Illud
828 1450 997 1521 splendidius
1022 1452 1146 1508 redditur
1164 1468 1181 1507 a
1199 1453 1277 1508 Solia.
1288 1451 1389 1508 lumine
1407 1453 1436 1507 in

106 1534 292 1594 sincidenta.
335 1537 437 1593 Stellas
455 1543 598 1593 moventur
616 1544 691 1593 motu
710 1554 821 1594 sucrum
847 1538 966 1609 orbium,
993 1540 1093 1607 quibus
1111 1540 1220 1595 adfixae
1238 1543 1336 1609 sunt“,
1361 1539 1436 1608 qood

106 1619 144 1689 ira
152 1622 262 1679 ratione
273 1625 408 1693 probatur
418 1623 547 1681 adhibitis
560 1622 665 1693 logicae
674 1625 789 1695 regulis3
803 1625 927 1681 similiter
937 1625 1020 1682 tinem
1029 1627 1097 1681 iacit
1107 1626 1228 1696 probans
1242 1626 1311 1682 coeb
1323 1635 1436 1696 motum,

106 1721 178 1763 mssa
193 1709 426 1778 immobilitatem,
451 1712 567 1780 figuram
593 1720 620 1768 et
639 1713 834 1770 dimensionem
857 1715 999 1770 stellarum
1016 1715 1141 1770 fixarum.
1178 1715 1356 1786 Exemplum,
1383 1730 1438 1783 qna

106 1792 180 1853 mons
197 1796 380 1853 conmudandi
397 1806 495 1855 auctor
512 1807 613 1865 utatur,
631 1799 684 1856 hoc
701 1801 890 1871 proponimus:
916 1801 1072 1871 „Quidquid
1096 1818 1176 1858 sacra
1200 1805 1337 1872 scriptura
1353 1802 1435 1856 adfir·
1539 1806 1540 1810 ’

106 1889 145 1953 ut,
162 1885 223 1941 sine
241 1885 299 1942 ulls
316 1885 488 1944 dubitatione
505 1896 608 1945 certum
628 1893 678 1944 cst
716 1889 743 1946 S.
757 1891 893 1960 scriptura
910 1889 1046 1958 adfirmat,
1065 1889 1175 1945 Terram
1195 1905 1256 1945 esse
1273 1889 1438 1946 immobilem

106 1969 222 2029 thxam:
241 1989 306 2043 ergo
323 1975 410 2032 Tarra
426 1977 455 2032 in
472 1975 561 2032 medic
580 1977 674 2033 mundi
691 1978 808 2047 quiescit
826 1994 877 2034 nec
895 1983 1045 2034 moverunt
1088 1976 1138 2031 Cui
1151 1976 1326 2047 superaddit:
1346 1974 1437 2031 omnia

106 2058 172 2124 uaria
189 2061 295 2117 eadunt
312 2063 348 2118 ad
365 2062 537 2134 superficiem
556 2064 658 2120 Tamne
670 2065 819 2121 secondum
832 2065 1010 2121 rectissimam
1028 2064 1129 2119 lineam
1142 2064 1170 2118 in
1184 2079 1271 2132 eaque
1285 2063 1437 2132 quiescunt,
1477 2056 1481 2061 ’

106 2146 175 2205 tm'si
190 2148 332 2206 soliditate
354 2150 414 2220 ejus
436 2160 605 2216 arcerentur,
629 2153 664 2208 ad
688 2158 810 2208 centrum
829 2168 918 2222 usqne
940 2152 1158 2222 prolaberentur.
1200 2151 1320 2206 Necesse
1343 2156 1435 2204 antem

106 2240 134 2299 sl,
150 2235 336 2308 superficiem,
362 2237 398 2292 ad
423 2252 505 2307 qnam
523 2254 624 2309 corpus
644 2256 726 2310 grave
745 2240 895 2297 secondum
913 2245 1016 2295 rectam
1033 2239 1133 2293 lineam
1152 2238 1240 2309 cadit,
1265 2253 1326 2294 esse
1344 2237 1438 2291 immo·

106 2320 169 2394 lan,
185 2339 254 2394 ergo
266 2365 274 2381 .
288 2365 316 2382 ..
357 2325 525 2382 Laudandus
543 2335 585 2383 est
598 2328 633 2383 ob
651 2328 777 2385 eximiam
789 2327 950 2384 industriam
969 2335 997 2381 et
1015 2327 1241 2397 perspicuitatem
1258 2324 1456 2393 losephus'

106 2407 254 2482 lutatius,
260 2411 366 2467 Patauii
376 2413 573 2469 mathematum
584 2414 724 2485 professor
730 2417 822 2485 (natus
830 2417 975 2471 Messanae
986 2417 1061 2485 1531,
1071 2422 1192 2470 mortuus
1200 2412 1305 2467 Patavii
1316 2427 1342 2466 a.
1352 2411 1437 2480 1588).

106 2494 397 2557 hermensassen
408 2502 436 2556 in
449 2503 644 2572 geographiam
656 2503 807 2559 Ptolemaei
820 2504 920 2571 (1562),
933 2501 1133 2572 Ephemaridas
1147 2501 1253 2569 (leole
1272 2514 1344 2554 anno
1355 2499 1436 2554 1580.

106 2580 218 2645 sanus
235 2586 433 2657 Gregorianaa“
460 2590 590 2659 repetitas
616 2606 651 2646 ex
676 2591 846 2662 Prutenicis,
871 2590 900 2646 iu
923 2606 1003 2646 usum
1027 2589 1091 2645 novi
1116 2588 1270 2644 Galendurii
1295 2586 1437 2642 Pontificis

106 2673 187 2731 nn'mi
200 2674 282 2745 iussu
300 2676 485 2745 coadunatas,
508 2677 608 2745 quibus
631 2677 755 2747 adjungit
773 2677 975 2749 propositiones
994 2676 1128 2747 quasdam
1146 2676 1180 2731 de
1198 2673 1359 2731 calendario
1379 2688 1437 2729 cor·

106 2756 201 2829 Unda.

183 2848 348 2921 Tsmpcrum
360 2850 483 2907 ordinem
495 2857 635 2908 sementes
647 2853 735 2909 mrum
748 2853 861 2911 dicimus
875 2871 937 2911 cum
954 2853 984 2910 in
996 2853 1189 2909 mathematica
1205 2852 1358 2909 theoretica
1377 2855 1435 2904 tum

106 2936 203 2995 ruam
225 2937 297 2993 inter
314 2937 477 2994 celebriores
499 2939 710 3009 numerandum,
730 2941 926 2997 Cunradum
951 2938 1198 3010 Dasypodiurn,
1223 2938 1303 3007 cnjus
1327 2940 1438 2992 exstant

106 3024 218 3082 mlta
235 3041 332 3096 opera,
352 3040 422 3095 quas
439 3027 579 3096 pertinent
596 3028 632 3083 ad
650 3029 740 3083 omnia
757 3027 816 3083 iere
833 3027 989 3083 matheseos
1007 3041 1132 3094 genera.¹
1160 3026 1239 3081 Auno
1254 3022 1323 3081 1567
1335 3021 1438 3093 prodiit

106 3108 481 3184 mansuescente,
507 3114 680 3186 Maedicae,
704 3115 902 3173 Astronomioc
919 3122 946 3171 et
965 3109 1158 3185 Gacgrapbioe
1183 3125 1280 3180 graece
1305 3119 1333 3165 et
1354 3109 1439 3164 latino

106 3202 275 3273 urmipmm,
293 3202 323 3256 in
340 3217 421 3257 usum
446 3201 607 3259 scholarum.
656 3203 734 3273 Opus
752 3204 805 3259 hoc
823 3201 1052 3277 quemadmodum
1071 3200 1098 3254 id
1117 3200 1187 3267 agit,
1206 3205 1238 3252 nt
1251 3197 1393 3266 jungenda
1409 3199 1438 3252 iu

106 3288 280 3345 maticis
298 3289 397 3347 studiis
414 3289 500 3344 latina
519 3297 548 3346 et
564 3305 663 3360 graeca
680 3289 772 3359 lingua
791 3289 939 3360 legentium
951 3290 1057 3344 animos
1070 3287 1156 3356 magis
1174 3286 1304 3342 incendat
1322 3286 1356 3340 sd
1376 3303 1438 3354 cog·

106 3376 235 3441 mdes
246 3385 352 3433 veteres
365 3377 561 3447 colendamque
572 3377 799 3447 mathematicam,
819 3377 859 3432 sic
877 3382 973 3432 auctor
990 3375 1052 3431 libri
1070 3376 1142 3429 idem
1161 3373 1294 3444 spectavit
1312 3373 1393 3428 editis
1410 3372 1438 3427 in

106 3462 240 3521 &lehun
256 3481 335 3521 usnnr
353 3464 458 3534 graecis
476 3464 582 3534 aliquot
600 3465 799 3523 mathematicis
817 3463 999 3534 (Theodosio,
1018 3462 1154 3533 Autolyco
1173 3461 1256 3530 1572,
1279 3461 1438 3517 Ptolemaeo

106 3542 163 3623 irs,
182 3552 299 3608 Euclide
318 3554 394 3620 1557,
414 3553 493 3622 reas,
511 3554 588 3622 roeo,
610 3554 686 3610 1571.
711 3553 833 3608 nemon
852 3551 1073 3607 peruenturum
1092 3550 1178 3606 enen
1195 3567 1267 3605 anno
1288 3551 1364 3618 rere,
1383 3568 1438 3618 quo

106 3636 256 3696 mones
273 3640 480 3695 mathematicae
499 3656 596 3709 graece
615 3649 643 3695 et
659 3641 755 3711 latine,
782 3657 837 3696 non
855 3640 951 3695 ordine
970 3638 1151 3707 alphabetico,
1174 3639 1223 3694 sed
1241 3637 1329 3706 logice
1349 3638 1439 3708 dispo·

106 3733 149 3783 tta
164 3728 255 3795 sant).
288 3726 364 3781 idem
381 3726 470 3781 simile
487 3727 552 3796 quid
564 3727 715 3796 pandectis,
734 3728 833 3796 quihus
848 3727 920 3796 juris
939 3725 1056 3782 consulti
1074 3734 1202 3795 utuntur,
1221 3743 1291 3796 opos
1305 3725 1439 3796 amplissi-

106 3828 158 3884 ι,
172 3813 249 3883 quod
260 3814 413 3871 universam
427 3814 645 3869 mathematicam
658 3813 891 3883 complecteretur,
911 3806 1084 3869 conscribere
1096 3814 1124 3868 in
1137 3815 1256 3869 animum
1273 3814 1437 3875 induxerat;
1489 3813 1496 3820 “’

106 3916 151 3959 tas
165 3899 245 3957 edita
261 3906 332 3968 suut,
344 3900 483 3969 inscripsit
493 3902 689 3958 lassatione
707 3908 734 3958 ct
750 3902 917 3960 Panaretus.
955 3901 1171 3970 (Institutionum
1183 3901 1440 3956 Mathematicarum
1518 3965 1524 3973 ἱ

106 3990 142 4049 ol.
165 3989 190 4045 1.
216 3988 385 4044 Erotemata.
415 3990 488 4045 1593.
535 3991 681 4059 Appendix
709 3991 798 4057 1596.)
828 3984 897 4061 Ipsa
909 3991 1009 4060 refert,
1032 4006 1084 4044 nec
1106 4006 1161 4045 non
1180 4005 1195 4043 e
1213 3986 1353 4058 privilegio
1374 3990 1440 4043 Cae-

106 4092 158 4135 !ao
174 4076 288 4147 (Spirae
308 4077 389 4145 ibid)
410 4077 508 4141 elucet,
527 4079 556 4132 in
574 4086 664 4133 mente
681 4079 734 4148 ipsi
753 4078 851 4150 inisse,
878 4096 972 4137 omnes
996 4079 1155 4149 disciplinas
1180 4077 1386 4132 mathematicas
1411 4078 1440 4132 in

106 4180 134 4221 ru
150 4179 270 4235 sarpere
285 4162 477 4220 mathematico
501 4165 711 4233 comprehensas
730 4165 812 4222 edere
830 4172 858 4221 et
869 4174 992 4223 veterum
1010 4167 1113 4235 scriptu
1131 4165 1323 4220 mathematica
1341 4164 1369 4218 in
1387 4164 1440 4218 hoc

106 4266 163 4323 με
178 4251 268 4308 nnita
302 4253 473 4307 Rementem
490 4266 544 4304 nou
563 4250 689 4318 absolsit,
710 4251 787 4315 ,aliis
805 4252 966 4308 necessariis
984 4261 1135 4321 occupatus
1154 4252 1283 4319 negotiis,
1303 4249 1439 4304 calamita-

106 4340 156 4399 bn
172 4354 286 4411 unoque
301 4340 421 4411 agitatus
439 4355 493 4415 nou
511 4339 616 4409 paneis,
631 4339 707 4406 J'usto
727 4338 865 4409 dignoque
881 4339 924 4393 his
944 4337 1094 4408 disciplinis
1113 4337 1261 4392 destitutus
1280 4336 1440 4405 patrocinio,

106 4444 205 4487 nrm
218 4427 300 4483 essu
311 4443 402 4484 rerum
419 4427 554 4482 tenuitate
571 4427 728 4497 impeditus,
748 4427 865 4496 deniqne
881 4426 1088 4493 ingravescente
1102 4427 1159 4494 jam
1178 4432 1268 4480 aetate
1285 4424 1361 4480 solus
1379 4423 1440 4477 abs-

106 4530 135 4573 ιο
150 4516 271 4573 ιΙίοηω
289 4530 386 4585 opera,
411 4522 489 4570 tauta
505 4521 616 4582 umque
641 4514 716 4569 varia
734 4522 762 4570 et
779 4512 947 4582 multiplicia,
966 4512 1120 4584 laboribus,
1142 4516 1289 4582 sumtibus,
1307 4511 1440 4567 molestiis

106 4602 176 4677 ha,
199 4617 321 4671 congrua
347 4601 527 4657 delineatione
546 4603 581 4656 ob
606 4600 702 4657 oculos
719 4615 830 4671 putrere,
850 4605 915 4668 apto
933 4598 1041 4653 delectu
1060 4601 1221 4670 discernere,
1239 4610 1313 4656 recto
1332 4614 1440 4669 quoque

106 4690 177 4749 rh
195 4688 352 4759 disponere,
369 4687 480 4744 tandem
502 4687 633 4756 perlicere
651 4694 680 4742 et
697 4687 726 4742 in
743 4688 831 4742 lucem
847 4685 987 4755 prolerre:
1010 4688 1047 4740 ob
1070 4703 1168 4743 causas
1191 4698 1362 4748 enumeratas
1384 4703 1440 4741 uon

106 4780 184 4835 mi*
216 4776 262 4834 Et
273 4792 344 4846 quae
356 4775 431 4832 libris
449 4781 518 4843 quos
537 4774 661 4843 diximus,
679 4775 725 4843 qui
743 4772 853 4843 quidem
864 4772 916 4826 soli
927 4774 979 4828 hac
990 4774 1097 4829 ratione
1109 4775 1257 4845 conscripti
1275 4774 1441 4844 prodierunt,

106 4876 186 4938 mm,
210 4868 332 4923 mamma
348 4881 383 4920 ex
406 4871 484 4934 parta
507 4861 677 4920 definitiones
701 4869 806 4918 autum
823 4859 963 4928 exhibent,
981 4862 1089 4918 omissis
1108 4869 1195 4932 certe,
1219 4862 1244 4917 si
1260 4878 1331 4933 quae
1348 4861 1442 4917 insunt

131 4952 400 5010 manoperam.
1200 4949 1235 5011 40
