3308 5534
147 318 213 427 334
505 358 679 420 Collecunea
695 374 731 419 ex
748 359 888 421 eodierlrus
905 358 1145 419 Pallorisnarbns.

145 540 226 599 corni
247 536 384 615 gedacbt,
407 539 478 599 aber
499 542 544 600 uit
556 547 670 617 gesagt,
694 538 748 600 das
764 538 959 616 Capricornus
982 540 1012 599 in
1027 537 1214 601 Ascendaute
1235 538 1409 617 gestandae,
1427 556 1483 601 ron·

147 626 218 686 dern
240 644 296 685 nur
318 626 418 701 absin,
441 628 495 687 das
517 629 672 705 Augustus
692 628 751 688 hoa
772 627 867 688 sidere
889 630 929 687 sit
950 636 1046 690 natus.
1089 627 1138 688 Nu
1160 631 1236 687 rrtirt
1257 628 1331 689 aber
1351 626 1427 687 nach
1442 644 1486 707 ga·

146 716 258 775 matuer
281 713 381 775 Weise
403 732 440 773 au
463 714 562 789 reden,
587 716 666 777 einer
689 714 780 777 vnder
802 714 986 790 dcmjenlgen
1008 713 1104 775 sidere
1125 716 1266 793 geboren,
1289 716 1320 773 in
1342 731 1404 793 quo
1418 712 1487 777 lm

146 802 210 861 luit.
240 796 340 883 (Notis
371 804 401 859 in
430 800 585 862 Manilium
616 802 753 863 editionis
784 802 905 861 ultimae
935 802 985 861 iol.
1017 804 1096 862 296:
1128 802 1252 879 Signum
1282 804 1313 860 in
1335 818 1397 881 quo
1419 800 1488 865 lm

146 896 233 961 esset,
256 888 453 965 horoscopum
476 888 637 966 dicebant.)
682 888 751 949 Vnd
773 889 899 966 beseiigt
920 888 1053 966 Scaliger
1076 890 1106 947 iu
1120 888 1256 965 Manilio,
1279 889 1334 951 das
1358 889 1433 951 auch
1450 888 1490 951 dlt

148 975 215 1035 Alta
240 975 390 1053 Astrologi
413 975 476 1035 dise
498 976 578 1054 regcl
601 976 747 1037 obserrirt
767 975 874 1037 haben.

250 1062 284 1120 ln
307 1063 443 1139 gleicban
473 1064 570 1123 stebst
600 1064 664 1124 auli
690 1063 746 1124 den
776 1063 854 1125 alten
879 1062 1060 1139 Plennlugen
1082 1064 1127 1123 nit
1147 1064 1230 1126 mehr
1251 1062 1312 1125 dan
1335 1064 1491 1143 Capricorni

146 1148 257 1225 ligura,
280 1153 357 1209 sriirt
379 1151 450 1211 aber
473 1154 517 1210 nit
538 1159 665 1227 gesetst,
691 1151 729 1211 ob
752 1168 782 1210 er
805 1152 834 1208 in
858 1149 1043 1211 Asceudsnte
1065 1159 1193 1227 geuest,
1222 1150 1294 1213 oder
1316 1152 1357 1213 ob
1379 1170 1432 1213 nur
1450 1150 1492 1215 der

146 1235 239 1295 blond
262 1236 402 1297 darinnen
426 1245 547 1313 gewest.

251 1326 386 1385 Caesaris
411 1322 577 1385 Germanici
594 1324 680 1383 Wort
702 1325 815 1384 lautten
838 1323 918 1385 also:
943 1324 1159 1401 ,Capricornus
1180 1342 1290 1387 numen
1312 1334 1398 1387 tuum
1417 1328 1491 1403 geni-

147 1408 201 1470 tali
223 1429 344 1489 corpore
367 1414 397 1469 in
420 1412 536 1472 coelum
558 1412 641 1485 tulit,
673 1422 702 1471 et
724 1413 863 1471 maternis
886 1410 986 1471 intulit
1007 1413 1125 1485 astris“,
1148 1412 1202 1473 das
1225 1418 1278 1487 ist,
1307 1412 1490 1491 Caprleomrr

149 1500 188 1557 ist
210 1498 277 1559 dein
301 1499 554 1577 geburtssaichen,
578 1498 629 1558 der
651 1498 717 1559 batt
738 1498 804 1557 dich
828 1516 864 1557 au
888 1501 983 1559 ciuem
998 1498 1071 1561 Gott
1084 1500 1230 1578 gemacht,
1253 1499 1325 1561 dass
1340 1502 1404 1561 sich
1417 1518 1488 1561 ιιιι-

147 1585 218 1646 dem
241 1587 299 1647 alle
321 1586 450 1646 Vtileker
473 1586 532 1645 rud
556 1584 622 1646 dein
646 1584 821 1645 Vatterland
844 1588 981 1648 crsittert.
1027 1586 1071 1646 Ist
1093 1590 1158 1647 eins
1180 1586 1333 1665 poetiscbc
1356 1592 1441 1649 rseisc
1458 1606 1487 1649 ιι

146 1674 246 1747 reden,
271 1673 329 1733 end
352 1673 405 1733 das
429 1673 534 1751 beyhel
557 1690 593 1732 au
608 1676 677 1733 weit
699 1673 866 1751 gowortien,
890 1673 1083 1751 Capricornus
1098 1673 1162 1735 bett
1184 1692 1216 1735 es
1235 1678 1280 1734 nit
1293 1676 1414 1752 gethan,
1434 1692 1485 1735 ιιιι

147 1764 191 1821 nit
212 1761 329 1837 Jupiter
357 1778 422 1820 cum
453 1761 521 1821 Sole
550 1760 697 1838 gebolden
724 1761 819 1833 hetto,
850 1768 880 1821 et
905 1759 1049 1821 Saturnus
1076 1760 1148 1822 dori
1176 1762 1387 1839 configuratus.
1427 1762 1485 1841 Sap

148 1850 213 1909 also
235 1848 312 1909 auch
335 1846 527 1908 Germanicus
549 1850 602 1921 nit,
626 1847 680 1907 das
702 1848 897 1925 Capricornus
920 1850 949 1907 iu
972 1848 1136 1926 horoscopo
1158 1849 1322 1925 gestanden
1345 1868 1406 1929 sey.

252 1934 390 1996 Manilius
412 1944 495 2011 sagt:
529 1936 745 2012 ,Capricornus
768 1933 859 1995 foelix
882 1934 964 1995 lulsit
986 1938 1016 1994 in
1040 1936 1167 2013 Augusti
1189 1940 1322 2009 ortum“,
1351 1939 1388 1997 ist
1408 1937 1482 1999 eber·

147 2022 223 2085 soril
246 2024 357 2100 geredt,
381 2022 426 2082 als
448 2039 549 2096 auron,
575 2021 633 2081 rud
655 2022 745 2082 lrhain
760 2022 848 2083 lVort
870 2039 938 2081 rom
960 2022 1124 2099 horoscopo
1147 2022 1217 2085 oder
1241 2023 1423 2087 Ascendente
1440 2040 1482 2101 gt·

146 2110 264 2173 maldet.
309 2110 374 2169 llen
399 2118 479 2169 ortus
503 2109 596 2171 heisst
617 2109 707 2170 allbie
735 2112 892 2181 nativitas,
924 2108 984 2169 rud
1006 2114 1051 2169 nit
1079 2114 1184 2172 oriens.
1229 2110 1299 2171 Dan
1322 2128 1355 2173 ss
1377 2117 1432 2173 rrir
1449 2112 1480 2171 uit

147 2198 312 2270 lateiniscb,
337 2198 464 2275 Augusti
487 2206 577 2269 ortus,
601 2196 630 2255 id
654 2206 708 2271 cst,
732 2198 860 2273 Augusti
882 2196 1073 2273 horoscopus.

250 2285 377 2345 Hiormit
398 2284 488 2345 seben
512 2285 545 2343 tl.
562 2284 616 2343 Mt.
641 2284 694 2344 das
716 2282 805 2343 lrhain
828 2286 956 2344 scribent
977 2295 1053 2361 sagr,
1078 2284 1245 2362 Augustum
1267 2294 1370 2345 natum
1388 2284 1478 2345 Αιιιι·

154 2372 430 2450 dentcCapricomo.
470 2373 534 2431 Das
558 2389 589 2432 es
612 2372 683 2431 aber
707 2371 782 2431 auch
805 2373 848 2429 nit
870 2373 933 2431 scin
955 2370 1084 2445 labiindc,
1107 2374 1145 2431 ist
1166 2371 1258 2433 lelcht
1277 2390 1314 2431 au
1330 2372 1477 2435 settim

148 2460 244 2521 Natus
266 2470 311 2521 est
334 2470 408 2520 teste
423 2458 564 2520 Suetonio
588 2461 698 2519 oriente
721 2458 807 2533 Sole3
831 2466 918 2517 natus
940 2460 1029 2534 igitur
1051 2469 1098 2519 est
1118 2461 1231 2522 oriente
1247 2454 1478 2521 Geminomarrd

148 2546 253 2608 Cancri
276 2551 371 2625 signo,
394 2548 464 2623 quia
487 2546 539 2607 Sol
561 2547 616 2605 luit
639 2548 668 2604 in
691 2546 804 2606 Cancro
828 2546 875 2606 rel
898 2544 1007 2607 Leone.

250 2635 314 2695 Das
337 2652 368 2695 cs
388 2634 463 2694 auch
487 2637 529 2693 uit
553 2634 592 2691 vil
616 2633 687 2693 dran
710 2634 830 2710 glogou,
858 2633 896 2693 ob
920 2632 966 2693 die
989 2633 1131 2693 Planeten
1155 2636 1184 2691 in
1207 2632 1297 2693 domo
1319 2636 1425 2713 prium,
1443 2628 1478 2693 ιδ

147 2723 326 2799 horoscopo,
360 2722 431 2781 oder
454 2724 483 2779 in
506 2723 647 2799 septima,
679 2720 806 2794 decima,
836 2719 883 2780 vel
907 2729 1012 2797 quarta
1033 2737 1139 2798 seyen,
1162 2722 1304 2798 probatur
1326 2720 1480 2799 Regulbd

147 2810 298 2888 exemplis.
341 2809 530 2869 Ptolemaeus
553 2808 680 2868 schreibt
703 2808 782 2868 also:
808 2808 859 2883 ,st
881 2808 969 2867 ambo
992 2806 1104 2868 lumina
1126 2808 1234 2868 luerint
1256 2811 1287 2867 iu
1309 2812 1399 2889 signia
1419 2824 1481 2869 ιιι·

147 2897 261 2970 culinis,
285 2898 366 2956 etin
389 2896 506 2973 angulis
530 2896 631 2975 (deren
653 2896 737 2956 seind
760 2896 840 2967 sier,
869 2894 1055 2965 Ascendens,
1084 2894 1216 2955 Medium
1238 2894 1338 2969 Coeli,
1361 2896 1480 2975 Septima,
1502 2878 1508 2904 ²

148 2988 239 3043 imum
262 2978 353 3065 coeli)
375 2994 404 3045 et
426 2986 527 3061 stipati
551 2985 679 3060 quinque
702 2983 878 3053 Errouibus,
910 3000 980 3060 erga
1001 2982 1094 3042 solem
1116 2984 1281 3055 matutinis,
1312 3002 1383 3060 erga
1402 2979 1508 3043 luen}

149 3074 340 3150 vespertinis,
367 3070 465 3147 Reges
494 3082 587 3131 erunt.
634 3071 673 3129 At
695 3074 720 3129 si
743 3068 884 3129 satellites
916 3070 964 3128 rel
988 3072 1016 3128 in
1041 3070 1156 3147 nugulis
1179 3070 1236 3147 ipsi
1266 3070 1374 3131 luerint
1396 3064 1482 3131 reltl

148 3164 326 3237 superiorem
350 3160 426 3220 coeli
449 3159 596 3219 cardinem
619 3158 802 3233 configurati,
825 3157 904 3216 orbis
926 3158 1078 3233 imperium
1101 3157 1297 3233 significant.“

254 3246 327 3307 Also
350 3246 414 3307 hatt
437 3246 591 3323 Augustus
613 3245 723 3322 gohnbt
738 3246 837 3305 Solem
860 3246 889 3301 in
906 3243 1101 3316 Ascendente,
1125 3254 1155 3305 et
1176 3244 1336 3307 satellitem
1347 3244 1482 3313 dorem!

150 3333 246 3395 sextili
270 3336 404 3407 Saturni,
434 3342 463 3394 et
486 3334 610 3393 llarteur
639 3336 668 3390 in
699 3332 842 3410 quadrato
864 3330 942 3391 Solis
965 3331 1120 3391 orientales
1143 3350 1245 3391 omnes
1268 3344 1345 3407 tres,
1373 3329 1480 3397 Made!

149 3426 237 3483 etiam
260 3424 290 3479 in
312 3421 409 3482 medio
433 3420 516 3494 coeli,
540 3421 614 3480 uaeh
637 3422 745 3479 meiner
767 3419 925 3496 ruchnung,
949 3427 979 3479 et
1000 3418 1115 3479 Lunam
1139 3422 1168 3478 in
1191 3418 1370 3497 Capricorno
1392 3424 1419 3478 in
1438 3432 1481 3477 aa·

150 3508 221 3587 gulo
244 3512 396 3587 septimae.

254 3596 352 3657 Nero
381 3597 432 3655 hat
460 3596 569 3673 gelrabt
592 3594 691 3655 Solem
715 3596 854 3653 orientem
876 3594 907 3651 in
931 3592 1106 3669 Sagittario,
1137 3592 1246 3653 Jorern
1274 3590 1484 3655 estimenta

151 3683 310 3761 Scorpione
334 3682 501 3757 orientales,
524 3682 682 3742 Saturnum
705 3684 733 3738 in
757 3680 900 3756 quadrato
918 3680 996 3739 Solis
1012 3680 1193 3755 orientalem,
1217 3680 1332 3741 Lunam
1353 3684 1382 3741 in
1396 3678 1484 3739 beura

151 3772 342 3831 ldahomet
364 3772 388 3829 l.
411 3771 475 3831 batt
497 3770 615 3847 gelrabt,
638 3768 746 3839 Solem,
769 3768 879 3829 Josem
896 3778 925 3828 et
939 3766 1064 3827 Martem
1088 3770 1117 3825 in
1134 3768 1234 3829 Ariete
1257 3770 1287 3826 ln
1304 3766 1404 3827 Aledio
1420 3760 1486 3827 cd

151 3864 180 3918 tn
203 3858 347 3935 quadrato
369 3859 489 3919 Saturni
511 3857 671 3930 orientalis,
695 3866 724 3915 et
739 3856 852 3915 Lunam
875 3858 904 3914 in
924 3854 1032 3914 Tauro.
1070 3854 1299 3933 Solymanus
1323 3856 1375 3915 hat
1395 3850 1487 3931 get-tt

150 3947 249 4007 Solem
272 3950 302 4005 in
325 3946 421 4006 medio
445 3944 519 4006 coeli
543 3946 572 4003 in
588 3946 696 4015 Ariete,
719 3944 828 4004 Joscm
851 3942 1022 4001 orientalem
1043 3944 1071 3999 iu
1086 3942 1231 4015 Piscibus,
1255 3940 1380 4015 Lunam,
1401 3940 1489 4001 Satn·

151 4050 229 4108 num,
254 4034 398 4093 Venerem
421 4036 450 4091 in
474 4032 572 4093 Tauro
596 4034 625 4090 iu
648 4030 756 4108 angulo
780 4030 821 4089 M.
837 4032 870 4089 C.
894 4030 1019 4089 Martem
1043 4032 1071 4087 in
1089 4028 1222 4089 Geminis
1245 4045 1350 4091 omncs
1371 4028 1489 4091 ocn'dn·

151 4118 235 4180 tales.
280 4120 508 4181 l'ridericus
531 4120 584 4179 lV.
609 4118 681 4195 lmp.
705 4119 769 4177 batt
791 4118 901 4194 gehsbt
923 4116 1022 4177 Solem
1046 4118 1076 4174 iu
1099 4116 1202 4189 Libra,
1225 4114 1352 4177 Martem
1376 4118 1489 4177 urle*

151 4206 209 4266 lem
237 4210 266 4266 in
289 4208 409 4285 Virgine
431 4212 460 4267 in
484 4207 670 4267 Ascendente
703 4215 867 4282 utrumque.
912 4204 1070 4263 Saturnum
1101 4206 1130 4261 in
1158 4206 1285 4281 septima
1309 4207 1339 4265 ln
1362 4202 1491 4271 enula

153 4293 266 4353 Lunam
290 4296 318 4353 iu
342 4305 464 4371 quartas
487 4294 596 4370 angulo
621 4297 649 4352 in
673 4292 842 4369 Sagittario.
878 4290 1172 4353 Maximiliarrus
1188 4291 1211 4351 l.
1234 4290 1301 4351 batt
1324 4286 1493 4369 genebat·-

154 4399 220 4439 rem
244 4384 272 4438 in
288 4383 472 4443 Ascendeute
496 4384 524 4439 in
542 4382 662 4457 Virgine
676 4380 885 4457 retrogradum,
908 4378 1007 4441 Solem
1022 4382 1050 4437 in
1066 4379 1176 4456 angulo
1191 4382 1338 4455 septimae
1354 4382 1382 4439 in
1399 4380 1493 4447 Artas

154 4466 278 4527 llurtenr
302 4472 329 4525 in
347 4469 444 4529 heone
460 4470 681 4543 occidentalem,
704 4470 862 4530 Saturnum
885 4470 915 4525 in
938 4467 1047 4543 angulo
1070 4475 1191 4542 quartae
1214 4468 1243 4523 in
1268 4466 1414 4543 quadrato
1428 4462 1495 4529 tob

152 4566 181 4617 et
205 4558 381 4631 Capricorni.
427 4558 590 4618 Carolus
607 4558 642 4617 V.
666 4558 729 4617 batt
751 4555 862 4633 gehabt
876 4554 1085 4631 Capricornum
1108 4552 1327 4625 ascendentem,
1351 4565 1381 4615 et
1397 4554 1496 4615 bn-

153 4646 182 4701 in
206 4644 315 4719 ungulo
337 4646 448 4719 primae
471 4648 499 4703 in
523 4644 716 4720 Capricorno,
739 4642 848 4702 Josem
871 4641 1042 4701 orientalem
1065 4658 1131 4700 curn
1154 4640 1239 4713 Sole,
1272 4640 1406 4715 Veners,
1427 4640 1497 4701 Ιο·

153 4732 233 4789 curio
263 4732 292 4787 in
316 4730 449 4791 l'iseibus
471 4740 500 4791 et
522 4730 652 4791 secunda
673 4730 776 4803 domo,
807 4748 844 4789 ne
874 4728 991 4805 quidem
1021 4730 1050 4787 iu
1082 4727 1201 4805 angulo.
1246 4726 1497 4789 Ferdinaarlat

153 4818 310 4880 Saturnum
332 4828 362 4879 et
382 4818 492 4881 Jorem
513 4822 543 4877 in
567 4816 752 4881 Ascendeutc
774 4824 804 4879 et
827 4816 969 4891 Geminis,
992 4814 1189 4877 occidentales
1210 4814 1329 4893 Solem,
1354 4816 1498 4887 Venno.
