3308 5534
610 452 613 457 ·
690 419 960 485 memnones

154 597 258 661 turm
278 600 311 660 ln
332 598 488 680 scrupulis,
511 616 549 663 en
562 599 629 678 ΑΒ,
652 602 708 664 ΒΕ
730 605 761 664 in
777 606 828 666 in·

152 690 246 765 tegrin.
292 689 326 768 Β)
348 689 394 750 Ex
422 689 484 750 tub.
514 688 619 756 declin.
642 692 829 768 generalibus
862 739 888 792 D

148 773 272 836 hebetur
285 775 340 853 Di?
362 784 393 838 et
408 775 546 838 addendo
559 778 613 838 AF
626 780 657 838 iu
672 780 827 858 scrupulis,

124 865 177 924 ‘et
196 862 253 923 DE
274 865 306 923 ln
335 867 468 943 integrm
499 865 533 944 4)
549 865 593 926 lix
610 867 721 928 tubulis
734 867 778 929 tt.
794 869 828 930 Ο.
914 874 917 880 ’

146 950 336 1028 mealtune
355 952 482 1014 hebetur
502 953 553 1013 El*
576 959 606 1014 et
627 955 829 1018 subtractione

146 1037 193 1099 Gi*
216 1040 249 1098 iu
271 1039 433 1117 scrupulis:
455 1042 500 1102 sie
520 1042 611 1118 igitur
623 1049 719 1103 totum
735 1047 829 1104 trien·

146 1125 247 1205 pulum
261 1126 340 1190 scu
362 1130 427 1190 siue
448 1126 704 1207 multiplicatione,
725 1131 828 1193 sedin

146 1217 232 1278 utris
254 1215 401 1294 scrupulis
423 1226 453 1277 st
474 1216 574 1277 nullus
596 1217 733 1296 ungulus.

247 1301 368 1364 'l'ebnls
388 1301 614 1366 diffusntierum
637 1307 828 1367 escensione·

150 1387 226 1450 bum.
273 1388 320 1451 su
341 1390 489 1462 nutem.
502 1401 538 1458 c.)
560 1402 718 1469 aequetur,
747 1393 828 1454 ΑΒΟ

151 1477 331 1553 meridianus,
350 1478 428 1538 EBF
447 1478 579 1553 horinon,
600 1479 656 1540 DB
677 1479 826 1545 zodiacus.

152 1563 182 1624 ln
195 1563 343 1643 uiengulo
359 1569 448 1644 igitur
463 1567 543 1627 ΑΒΕ
559 1575 605 1628 est
619 1567 699 1628 ΕΑΒ
719 1578 826 1642 mune,

153 1652 199 1712 te
220 1656 346 1713 sumitur
367 1655 398 1712 iu
420 1652 511 1714 latere
533 1654 702 1715 tubulorum
724 1657 930 1717 ascensionum
945 1660 1090 1716 recturum
1112 1673 1164 1734 per
1186 1655 1294 1734 gradus
1317 1657 1445 1732 urtegros
1467 1653 1507 1716 ed

154 1744 205 1815 tt,
228 1740 310 1800 ΑΕΒ
342 1741 448 1818 compl.
480 1743 510 1801 iu
538 1742 633 1804 fronte
661 1760 713 1821 per
735 1743 846 1817 medus
867 1746 1012 1820 integros,
1043 1743 1099 1804 ΒΑ
1121 1746 1151 1803 in
1180 1761 1250 1806 eree
1278 1760 1332 1822 per
1358 1742 1505 1821 scrupulo.

153 1825 323 1903 Qucereudu
344 1838 422 1890 eeset
442 1828 494 1888 ΕΒ
517 1829 598 1890 basis
620 1832 651 1890 in
673 1830 819 1909 scrupulis
842 1838 873 1892 et
893 1831 975 1891 ΕΒΑ
997 1830 1134 1909 ungulus.

245 1914 382 1978 'I'ebulue
406 1914 621 1978 Asceneionum
651 1918 727 1979 nihil
749 1927 904 1997 preettrec
934 1927 1068 1998 possunt.
1114 1918 1259 1981 Videmus
1288 1917 1419 1997 bedigere
1440 1917 1506 1980 sole

152 2001 211 2063 beri
230 2004 264 2063 iu
285 2020 363 2065 eree

884 2093 987 2171 (Auno
1011 2101 1106 2158 1601.
1145 2100 1198 2156 20.
1222 2095 1380 2171 Augusti.)

248 2177 365 2239 Dentur
378 2177 472 2240 lutere
487 2180 551 2256 AB,
575 2180 626 2241 ΒΟ
642 2186 694 2251 (fig.
712 2189 751 2255 7),
775 2185 924 2260 quaeritur
943 2183 1024 2245 bneis
1040 2183 1102 2247 Ac.
1142 2184 1258 2260 Quaero
1272 2181 1350 2243 letus
1365 2179 1461 2259 mejus
1476 2181 1506 2240 in
1593 2178 1596 2185 '

151 2263 246 2340 brute,
269 2267 366 2327 minus
388 2265 431 2326 nd
449 2270 607 2342 sinistrum,
632 2269 784 2331 exhibebit
805 2288 875 2331 eree
897 2271 993 2333 busin.

246 2352 344 2414 Detur
358 2354 440 2415 hesir
456 2373 524 2416 cum
536 2355 678 2417 alterutro
691 2356 794 2433 lutere,
818 2366 852 2418 nt
867 2357 920 2418 ΛΟ
935 2375 1001 2419 cum
1016 2358 1078 2433 ΒΟ,
1102 2360 1252 2437 quaeritur
1266 2356 1356 2418 letos.
1392 2354 1507 2433 Quoue

150 2439 228 2501 heiu
258 2442 290 2500 tu
319 2458 406 2517 mee,
437 2441 515 2504 latus
537 2445 568 2503 iu
599 2444 695 2505 fronte
717 2445 768 2507 vel
788 2446 921 2524 sinistre,
951 2447 1104 2509 exhibebit
1129 2447 1186 2507 tibi
1212 2445 1332 2507 residue
1357 2445 1437 2507 trous
1459 2443 1509 2506 rel

148 2528 262 2590 hinton
284 2531 453 2605 emeritum
475 2529 565 2596 latos

244 2613 319 2677 Jem
347 2615 454 2677 deutur
487 2618 581 2680 lutere
610 2618 678 2694 AB,
713 2618 774 2695 ΒΟ,
1117 2618 1167 2672 Fle-
1181 2613 1202 2660 ⁷·

147 2703 531 2782 mesopotamio.
554 2703 671 2781 Quaere
680 2708 774 2784 primo

148 2790 227 2852 busin
258 2790 332 2866 ΑΟ,
365 2799 398 2852 ut
426 2795 510 2869 prius
536 2791 657 2856 dictum.
701 2793 776 2854 Indo

149 2877 392 2958 conplementum
414 2877 515 2941 leteris
536 2879 602 2954 ΒΟ,
627 2879 706 2958 quod
731 2888 778 2941 ert

147 2968 314 3045 qpositm
336 2964 447 3045 ungulo
469 2969 621 3045 numito,
644 2984 686 3028 eo.
711 2967 774 3043 ΟΒ,

147 3070 252 3131 meere
281 3056 313 3113 iu
341 3072 420 3116 eree
465 3055 504 3115 Et
530 3054 776 3132 complementum

145 3141 204 3216 Ac,
226 3159 271 3204 sc
285 3141 347 3216 ΟΒ,
369 3152 479 3219 querere
500 3144 530 3201 in
553 3143 648 3202 iroute
670 3141 719 3202 vel
733 3145 777 3202 si·

145 3230 236 3291 unere
262 3236 296 3290 et
319 3229 472 3291 exhibebit
499 3230 552 3291 tibi
582 3229 701 3290 residue
728 3229 777 3290 vel

146 3314 224 3377 bons
243 3316 294 3377 vel
310 3319 429 3378 sinistre
445 3318 507 3391 El),
531 3316 778 3395 complementum

147 3404 184 3465 sd
204 3404 257 3464 uu
277 3405 420 3482 ungulum
443 3407 617 3482 quaesitum.

248 3490 281 3552 Si
305 3495 457 3569 quaeritur
477 3491 566 3566 BOA,
594 3508 703 3570 quaere
725 3490 778 3552 Ac

147 3585 176 3641 d
195 3578 262 3655 eins
285 3580 532 3657 complementum
552 3580 609 3642 ΑΗ
631 3583 661 3638 in
684 3580 779 3639 tronto

148 3673 176 3726 et
194 3669 322 3730 sinistre
353 3667 430 3728 Tum
454 3668 700 3745 complementum
714 3667 780 3741 BA,

148 3752 226 3829 φοᾱ
238 3762 285 3815 nt
300 3754 355 3829 Is,
370 3757 401 3814 in
417 3772 496 3828 ereu,
512 3757 624 3832 eritque
639 3756 669 3813 in
685 3755 781 3814 fronte

148 3848 176 3901 tt
192 3843 315 3903 sinistre
334 3841 390 3917 111,
414 3842 659 3920 complementum
682 3840 720 3903 ed
742 3839 803 3901 HG
824 3837 975 3917 ungulum.

248 3929 347 3990 Detur
369 3931 451 3990 basis
473 3948 538 3991 cum
561 3931 662 4003 lutere,
687 3931 837 4007 quaeritur
851 3927 1005 4003 oppositus
1020 3921 1115 3982 lateri.
1154 3915 1195 3980 Ut
1211 3934 1247 3976 ex
1263 3913 1325 3989 ΑΟ,
1344 3909 1394 3972 ΟΒ
1410 3925 1504 3986 quee-

146 4015 215 4075 1ltn
233 4015 327 4079 ΒΔΟ.
372 4018 452 4094 Ergo
475 4018 722 4095 complementum
751 4017 852 4077 lateris
875 4014 925 4074 ΟΒ
949 4012 1026 4086 deti,
1055 4007 1134 4086 quod
1165 4012 1210 4067 est
1233 3997 1307 4076 cl),
1335 4015 1443 4100 quaere
1473 3994 1504 4055 in

147 4119 220 4165 m
272 4105 313 4165 Et
342 4105 590 4182 complementum
618 4105 699 4165 benis
729 4104 780 4164 cu
809 4118 917 4182 quaere
943 4101 976 4158 in
1004 4099 1150 4174 margine,
1176 4093 1312 4154 oderetur
1337 4090 1368 4147 in
1390 4085 1504 4163 reliquo

146 4191 271 4270 uerglne
293 4192 358 4266 El),
382 4192 627 4270 complementum
649 4191 688 4251 ed
712 4192 762 4251 Fi}
786 4191 963 4267 quaesitum.
1300 4262 1303 4267 Ι

242 4280 279 4343 Bi
301 4280 382 4341 ltus
405 4283 556 4358 emitur
578 4298 614 4341 er
637 4281 703 4340 basi
725 4277 945 4339 edocuere
969 4273 1032 4348 ΑΒ,
1057 4287 1165 4349 quaere
1188 4284 1258 4345 ergo
1282 4263 1349 4339 An,
1373 4261 1505 4366 comple-

147 4373 272 4428 nutum
297 4367 350 4428 ΛΟ
373 4369 402 4427 in
425 4370 574 4442 mercius,
605 4373 635 4427 et
658 4366 711 4440 AI,
736 4366 983 4443 complementum
1003 4361 1067 4433 ΑΒ,
1091 4374 1198 4437 quaere
1221 4359 1254 4413 in·
1274 4371 1353 4428 eree,
1375 4349 1506 4429 prodibit

146 4454 176 4513 h
190 4454 312 4533 ruique
334 4458 468 4532 megbis
489 4454 544 4530 111,
568 4453 816 4531 complementum
838 4451 877 4513 ed
899 4450 967 4524 HG,
991 4448 1132 4524 ungulum
1154 4445 1331 4521 quaesitum.

243 4542 341 4602 Detur
362 4544 444 4603 buslo
467 4560 534 4603 cum
557 4542 657 4616 latere,
682 4543 832 4619 quaeritur
854 4540 994 4616 ndjecons
1016 4536 1110 4595 leteri.
1155 4532 1195 4592 Et
1216 4534 1246 4591 in
1267 4530 1315 4589 his
1338 4526 1453 4586 duobus
1476 4531 1506 4584 et

148 4627 311 4692 hdnobus
333 4631 482 4709 prioribus
506 4630 626 4692 casibus
649 4646 757 4707 quaere
779 4631 875 4708 primo
898 4628 977 4688 letus
999 4624 1161 4700 reliquum,
1185 4619 1253 4681 inde
1275 4633 1327 4695 per
1349 4623 1504 4689 utrumque

149 4710 220 4777 letos
241 4735 352 4796 quaere
375 4717 526 4797 ungulum.
1395 4789 1402 4804 ι

243 4806 341 4867 Dctm
363 4805 443 4868 letne
460 4823 527 4867 cum
541 4804 652 4882 ungulo
675 4805 825 4883 opposito,
847 4808 882 4864 ut
895 4801 955 4877 ΒΟ,
980 4798 1069 4872 ΒΑΟ,
1093 4797 1243 4876 quaeritur
1257 4791 1335 4853 lutus
1350 4788 1506 4866 reliquum,

154 4890 272 4971 mulus
292 4894 426 4974 aliquus
449 4901 481 4957 et
502 4895 591 4959 busin.
629 4891 746 4970 Quaere
761 4891 863 4954 luteris
877 4890 929 4951 ΒΟ
945 4887 1191 4966 complementum
1206 4882 1312 5039 Οἳῧῖυ
1335 4895 1414 4955 mee,
1436 4885 1506 4938 tuuc
