3308 5534
146 380 190 455 92
665 387 830 447 Plutarcbaa
847 390 882 445 da
899 389 981 447 racia

146 563 198 623 nbi
219 560 333 623 nullum
355 581 461 643 corpua
484 565 589 629 duritie
611 566 725 649 solida,
754 567 835 647 quod
856 567 1006 630 admiserit
1028 570 1058 627 iu
1080 566 1256 647 protundum
1277 568 1454 647 igultlonam
1476 570 1510 627 al

147 650 342 725 incanduerit,
365 654 442 714 aieut
463 655 573 716 alicubi
596 654 725 733 loquitur
746 668 776 717 et
798 656 959 717 Homeruar

451 742 493 801 Aa
513 744 606 803 timul
628 748 750 821 expirat
770 746 859 803 rutili
878 745 934 823 poa
954 747 1044 821 ipnia,
1066 752 1096 803 ct
1116 743 1214 805 ardor

454 828 552 891 Deciit
574 836 609 891 io
628 850 767 907 prunam
789 866 832 877 ·-
857 864 896 877 -
921 864 964 877 ·-

250 910 350 973 Pruna
364 916 442 975 enim
465 934 522 976 noa
539 918 654 979 ridetur
677 922 752 995 ignia
768 938 842 991 ecee,
864 918 916 978 aed
933 936 1038 995 corpus
1053 920 1192 995 ignitum,
1215 916 1353 978 affectum
1368 916 1408 977 ab
1424 918 1506 993 lgna,

147 1002 198 1077 qui
222 1001 329 1059 molem
351 1003 477 1063 aolidam
500 1014 531 1065 et
552 1006 648 1067 radice
670 1024 725 1066 aua
747 1006 895 1067 suffultam
918 1005 1024 1067 incidet
1046 1008 1133 1083 eique
1155 1004 1297 1065 adhaeret
1324 1014 1355 1065 ct
1377 1020 1445 1063 cum
1469 1018 1508 1063 co

146 1086 300 1165 perdurat3
323 1088 457 1151 dammae
480 1110 549 1151 raro
571 1104 639 1153 arant
663 1096 845 1153 incensiones
869 1094 968 1155 aridae
983 1096 1123 1153 materiae
1145 1093 1347 1154 alimentariae
1363 1100 1394 1152 et
1409 1092 1510 1151 lluaua

146 1174 267 1251 quidam
290 1175 385 1247 illiua,
416 1196 493 1254 quae
517 1181 598 1241 breui
622 1192 752 1257 tempore
775 1183 813 1242 ob
836 1181 1067 1241 imbecillitatem
1096 1182 1267 1241 abaumitur.
1305 1180 1412 1255 ltaque
1434 1176 1508 1237 nul·

147 1262 209 1323 lum
232 1261 307 1323 adeo
329 1264 451 1325 erideua
473 1268 547 1327 leret
571 1267 719 1339 iudicium,
745 1269 856 1327 Lunam
872 1286 936 1329 eaac
951 1286 1057 1345 corpur
1073 1267 1195 1328 deuaum
1209 1279 1238 1327 et
1254 1274 1392 1337 terreum,
1416 1282 1509 1343 qaam

147 1352 172 1407 ai
196 1348 270 1409 haec
291 1352 464 1411 carbonaria
486 1353 602 1413 claritas
626 1356 668 1413 illi
692 1364 769 1415 earet
792 1358 919 1432 propria,
942 1366 974 1415 ut
996 1356 1077 1415 color
1099 1358 1174 1431 ejua.
1211 1356 1317 1415 Nonne
1339 1370 1412 1415 acro
1432 1368 1509 1431 poa-

147 1456 212 1497 aum
235 1454 291 1513 ego
314 1440 377 1511 tibi,
401 1440 552 1501 Pharnace
574 1446 768 1515 amieiaaime,
790 1443 948 1519 rependere
970 1443 1078 1503 multoe
1101 1442 1262 1503 deficientia
1283 1440 1398 1503 colorea
1420 1440 1508 1513 alioa,

147 1542 222 1601 quoe
253 1528 297 1585 ric
326 1525 509 1605 distinguunt
538 1532 734 1591 mathematici
764 1530 1016 1607 determinantque
1046 1548 1099 1607 per
1124 1540 1256 1607 tempora
1286 1538 1316 1589 et
1344 1529 1451 1589 leorae:
1480 1530 1508 1589 ai

150 1629 272 1689 reaperc
296 1612 421 1688 deliciet,
445 1626 569 1693 apparet
595 1617 682 1677 raldo
704 1620 787 1692 nigra
809 1635 903 1694 uaque
926 1620 954 1675 in
977 1621 1072 1677 noctia
1094 1622 1210 1677 tertiam
1231 1628 1260 1677 et
1282 1616 1452 1689 dimidiam,
1482 1618 1509 1675 ai

150 1702 179 1759 iu
203 1700 299 1761 media
322 1713 418 1773 nocte,
442 1714 511 1763 tune
533 1706 767 1782 subpurpureum
790 1704 917 1765 deurittit
939 1714 968 1763 et
983 1707 1101 1779 igneum
1124 1714 1154 1764 et
1176 1706 1282 1783 pyropi
1296 1722 1432 1779 gemmae
1455 1720 1509 1763 co·

151 1788 251 1859 larem,
275 1788 314 1848 ab
337 1788 410 1849 bora
434 1793 559 1867 septima
582 1810 648 1851 cum
671 1792 791 1851 dimidia
814 1795 905 1851 oritur
920 1793 1016 1864 rubor,
1039 1792 1158 1851 tandem
1171 1794 1232 1867 jam
1249 1798 1508 1863 auroraaureenta

149 1876 277 1937 colorem
299 1876 393 1935 induit
416 1878 582 1939 caeruleum
606 1891 634 1939 et
658 1880 770 1939 luscum
793 1897 844 1939 eeu
860 1879 1011 1957 pallidum.
1034 1897 1053 1938 a
1075 1896 1135 1955 quo
1155 1882 1281 1939 maxime
1295 1882 1386 1939 eaeaii
1406 1878 1508 1937 rultna

149 1979 311 2039 cognomen
334 1964 413 2041 apud
435 1970 540 2043 poitaa
562 1976 591 2025 et
615 1966 821 2043 Empedoclem
844 1969 972 2025 obtinuit
981 1962 1033 2029 ⁵⁵).
1063 1968 1136 2025 Cum
1153 1970 1241 2043 igitur
1256 1966 1376 2025 rideant
1392 1966 1508 2026 Lunam

147 2052 176 2107 in
200 2052 302 2110 umbra
326 2050 433 2112 Terrae
455 2064 620 2113 renuentem
644 2064 688 2113 tot
709 2072 830 2113 numero
852 2054 966 2113 coloreo
989 2052 1170 2125 edecimare,
1202 2072 1260 2113 non
1283 2062 1362 2115 recte
1384 2054 1507 2125 iaciunt,

147 2138 227 2214 quod
248 2139 345 2198 colum
369 2140 451 2198 illuni
475 2158 586 2216 prunae
608 2142 733 2201 airnilem
756 2152 869 2217 urgent,
893 2160 980 2217 quem
997 2144 1188 2201 interamnae
1203 2141 1279 2200 alioa
1295 2142 1424 2200 marimo
1440 2141 1510 2217 qula

147 2226 276 2285 alienum
298 2228 337 2285 ab
361 2230 426 2303 ipsa
446 2227 557 2288 lunaris
581 2231 711 2307 corporis
732 2238 836 2288 natura
860 2228 964 2289 dixerit
993 2233 1150 2307 potiorque
1180 2230 1374 2288 admixturam
1405 2238 1437 2287 at
1459 2244 1509 2287 ra·

148 2312 255 2389 liquiaa
286 2314 403 2373 luminis
435 2317 619 2376 circumcirca
650 2316 825 2379 irradiantie.
871 2316 1009 2393 Propriae
1037 2329 1136 2376 autem
1167 2317 1332 2393 eolorejua
1355 2316 1510 2391 criniger

150 2414 179 2463 ct
203 2398 373 2475 terretra⁵‘;.
419 2402 497 2477 Quia
520 2422 589 2464 rero
611 2403 660 2464 lric
682 2422 772 2481 panea
794 2422 848 2463 urea
871 2407 1013 2481 parietea,
1042 2406 1093 2478 qui
1116 2415 1183 2462 aunt
1206 2406 1329 2481 proximi
1351 2404 1510 2480 purpurah

148 2500 200 2550 aut
224 2492 356 2566 puniceis
379 2493 529 2561 reatibua,
560 2491 684 2551 lacubus
709 2496 777 2552 item
800 2501 830 2551 et
852 2492 1020 2551 fluminibus
1043 2492 1143 2551 Solem
1166 2491 1397 2569 excipientibua,
1420 2488 1509 2551 aimul

149 2589 178 2638 et
200 2578 367 2635 colorantur
390 2592 418 2637 et
443 2580 650 2639 collustrantur
677 2598 771 2655 eaque
802 2582 914 2639 ratione
943 2580 1133 2637 reflexionem
1157 2579 1264 2639 multae
1287 2588 1317 2639 et
1339 2578 1510 2639 differenter

149 2664 274 2723 reddunt
296 2664 585 2741 respleridcaceutiaa,
609 2665 679 2743 quid
695 2670 809 2738 mirum,
832 2670 857 2723 ai
881 2668 1018 2743 copiosus
1041 2668 1137 2724 flrraua
1153 2668 1273 2727 umbrae
1297 2668 1410 2725 imaeue
1424 2664 1511 2725 vetat

149 2754 179 2811 in
202 2753 326 2829 pelagus
349 2752 421 2811 illud
444 2753 571 2813 caeleate
594 2754 712 2811 luminis
736 2771 794 2811 nou
817 2754 932 2813 stabilis
955 2764 1006 2813 aut
1029 2756 1138 2829 quieti.
1162 2754 1214 2811 aed
1237 2754 1275 2813 ab
1298 2755 1443 2813 immensa
1466 2753 1509 2812 el-

150 2838 250 2899 derum
273 2838 460 2901 multitudine
482 2842 585 2915 agitati
610 2844 764 2917 omniaque
787 2844 901 2915 aeneria
916 2844 1072 2900 mixtiones
1090 2852 1119 2899 et
1134 2844 1393 2899 transmutationea
1415 2840 1511 2899 anatl-

150 2930 263 2997 ueutia,
296 2930 322 2985 ai
354 2928 401 2985 ltie
432 2932 551 3003 inquam
580 2928 676 2987 tlrrrua
704 2931 824 2988 umbrae
846 2929 972 2987 colorem
996 2927 1150 2999 deterrens
1172 2947 1190 2986 a
1214 2928 1298 2987 Larua
1320 2928 1392 2987 alibi
1416 2927 1510 2987 allum

150 3016 198 3075 bic
221 3018 249 3074 in
274 3014 371 3075 Terris
394 3012 562 3079 reddit‘b?
600 3016 673 3075 Nam
702 3016 784 3076 sidua
811 3016 929 3091 quidem
959 3027 1010 3075 aut
1034 3018 1110 3091 ignia
1137 3014 1245 3091 aliquia
1268 3016 1347 3075 baud
1371 3014 1510 3091 equidem

152 3122 186 3163 ea
211 3103 313 3161 umbra
336 3106 420 3177 niger
441 3117 493 3163 ιιιιι
516 3104 631 3163 eaeaiua
655 3111 706 3161 aut
729 3102 881 3163 caeruleus
903 3116 1041 3180 apparet,
1065 3114 1094 3161 at
1118 3106 1267 3163 montibus
1290 3112 1319 3163 et
1342 3106 1457 3179 campio
1480 3110 1511 3163 et

151 3193 280 3251 muribus
297 3190 406 3249 nutritae
422 3210 440 3249 a
455 3190 525 3250 Sole
541 3194 749 3266 superueniunt
772 3190 901 3251 colorum
925 3190 1044 3251 formae.
1068 3202 1097 3249 et
1120 3190 1217 3251 lumea
1242 3196 1346 3253 alumen
1370 3194 1444 3249 Solia
1469 3196 1510 3249 ia·

151 3282 262 3349 telligirr
286 3278 396 3337 utttbria
419 3292 447 3337 et
468 3280 583 3337 nebulia
606 3282 809 3345 commixtum,
833 3290 973 3351 tanquam
996 3278 1216 3337 medicamentis
1238 3276 1416 3353 qulbuadam
1441 3280 1510 3355 pig-

151 3368 314 3429 nreutariia,
337 3370 478 3423 tincturae
503 3366 577 3426 talea
599 3370 694 3425 Lunae
717 3367 841 3429 inducit.
872 3384 907 3423 ex
931 3366 1037 3438 quibua
1060 3382 1126 3427 eoa.
1150 3370 1201 3440 qui
1225 3368 1253 3423 in
1277 3366 1407 3423 maribus
1430 3374 1510 3437 auat,

151 3452 297 3511 Homerus
320 3453 563 3527 qualitercunque
586 3456 752 3513 nominibus
775 3454 913 3517 inaienire
937 3454 1070 3511 tentarit.
1095 3451 1163 3510 dunt
1180 3452 1305 3511 Pontum
1330 3463 1418 3512 vocat
1443 3456 1512 3511 rio·

151 3540 265 3599 laeeum
280 3550 308 3597 et
326 3544 454 3601 rincum.
478 3559 593 3599 rursum
606 3542 725 3600 ductura
741 3558 927 3615 purpureum.
952 3540 1023 3598 alibi
1040 3539 1178 3615 glaucum
1194 3544 1258 3599 aire
1273 3544 1404 3597 carrium
1427 3556 1509 3599 mara

152 3640 181 3687 et
203 3628 301 3685 albam
324 3628 583 3702 tranquillitatem:
614 3632 663 3702 qui
688 3644 757 3687 rero
780 3626 909 3685 colorum
933 3630 961 3684 in
983 3626 1075 3687 Tetra
1102 3626 1176 3684 aliaa
1199 3626 1284 3686 aliter
1306 3628 1458 3685 incurrunt
1480 3630 1511 3685 im

153 3714 269 3773 oculor.
295 3732 347 3773 eoa
370 3732 529 3791 eorumque
552 3716 729 3775 differentias
752 3716 961 3791 praetenuiait,
991 3724 1023 3772 ut
1053 3716 1103 3789 qui
1133 3718 1190 3771 aiat
1212 3712 1399 3773 multitudine
1422 3717 1512 3773 innu-

153 3802 316 3861 motabiles.

242 3888 311 3947 Jam
337 3888 449 3947 Lunam
479 3906 538 3948 una
570 3888 634 3947 aola
664 3888 817 3965 superlicio
840 3890 951 3947 marina
975 3890 1055 3949 tiarte
1072 3890 1272 3947 mlarisaulum
1285 3890 1392 3947 marinii
1415 3890 1513 3947 raali-

154 3988 213 4035 tam
237 3994 317 4039 aare.
350 3994 408 4034 ιιιιιι
432 3990 476 4035 eat
498 3976 664 4053 probabile.
692 3976 745 4037 aed
768 3980 894 4035 ntarirue
917 3974 1041 4033 eitarilem
1065 3992 1129 4033 aare
1152 3974 1259 4033 Terrae
1282 3973 1326 4032 illi
1349 3976 1514 4035 recondam

153 4076 298 4129 naturam,
322 4062 357 4123 de
381 4082 440 4139 qua
464 4064 615 4123 fabulatur
638 4076 681 4125 eat
706 4068 841 4123 Socrates
865 4063 914 4121 ille
936 4066 1092 4135 antiquus.
1123 4064 1186 4119 aire
1212 4062 1288 4119 hanc
1317 4064 1412 4137 ipram
1435 4072 1515 4123 tecta

154 4156 286 4215 innuens,
311 4156 373 4211 aire
398 4152 433 4211 de
455 4154 514 4211 alia
536 4154 638 4228 aliqua
658 4169 788 4211 narraaa.
825 4152 890 4209 Non
914 4164 958 4207 eet
978 4152 1055 4207 enim
1084 4148 1254 4207 incredibile
1276 4166 1373 4223 nequa
1396 4152 1513 4223 miram,

153 4242 178 4296 ri
201 4256 266 4297 eum
290 4240 361 4299 nibil
384 4240 492 4299 babeat
516 4244 544 4297 ia
567 4258 616 4307 ae,
648 4239 727 4316 quod
752 4240 806 4315 ipai
837 4242 1051 4311 corruptionem
1080 4240 1217 4297 intentet.
1248 4234 1320 4295 nilril
1343 4254 1514 4311 eoenoaum,

154 4326 205 4385 acal
229 4328 338 4385 lumine
360 4346 433 4403 puro
457 4330 568 4385 iuraretur
582 4346 616 4385 er
632 4326 731 4391 coelo,
755 4328 842 4402 plena
856 4324 953 4381 calore
969 4342 1027 4379 nnn
1042 4322 1183 4381 adurente
1197 4334 1226 4380 et
1241 4326 1308 4396 igne
1323 4338 1381 4381 non
1399 4324 1515 4397 rabido,

153 4412 205 4473 aed
229 4414 366 4473 humecto
386 4426 414 4471 et
438 4412 607 4473 ἰιιιι(ιιιίιι“·“Ι
631 4416 797 4487 explanator:
818 4434 913 4469 saa-aua
930 4422 958 4469 et
982 4410 1140 4469 errandum
1163 4422 1298 4469 naturam
1321 4410 1468 4483 habente,
1488 4412 1516 4471 al

154 4503 228 4561 baec
252 4506 370 4577 inquam
393 4504 587 4559 amoenitatea
615 4502 743 4559 locurum
768 4500 920 4575 earrarplera
943 4512 987 4555 eat
1017 4498 1205 4555 ιιιὶιιιὶιιιΙιίΙιι
1233 4510 1407 4573 momenque
1428 4500 1518 4561 llan-

154 4589 302 4647 mantibuu
324 4588 434 4645 aintilea
451 4599 479 4647 et
495 4588 614 4651 einaula
637 4589 781 4647 caerealea.
806 4604 908 4644 aurum
930 4602 998 4643 reru
1021 4598 1049 4643 et
1073 4596 1224 4659 arpentum
1246 4601 1305 4642 non
1328 4584 1464 4663 eliaperaa
1485 4588 1516 4647 la

155 4676 309 4754 prolundo,
332 4674 385 4735 aad
407 4692 443 4733 ra
467 4674 645 4749 planitiebus
667 4678 835 4735 enaaceutia
857 4692 964 4738 moena
988 4676 1084 4749 copia.
1107 4671 1154 4729 rel
1176 4674 1205 4727 in
1229 4670 1388 4747 laevigatio
1410 4674 1516 4733 altitu-

155 4764 273 4823 dinibus
295 4764 439 4823 reattitau·
465 4766 612 4835 raparrtla.
661 4762 721 4821 tirsi
752 4780 820 4821 acro
853 4778 946 4819 reruru
978 4764 1097 4819 latarum
1129 4772 1266 4833 arpertus
1297 4778 1349 4837 per
1381 4764 1516 4821 umbrw

155 4850 231 4913 aliar
251 4850 336 4913 aliter
357 4850 397 4911 ad
417 4868 473 4911 noa
494 4854 643 4931 percingit,
667 4852 706 4911 ob
720 4850 921 4911 diremitatem
935 4862 965 4909 et
981 4850 1239 4911 commutationem
1253 4846 1403 4925 quandam
1424 4848 1516 4911 madii
